2216 3105
423 836 1632 928 DISSERTATIO

258 1029 1810 1103 SEXTADECIMA>

595 1264 599 1270 ¹
637 1252 979 1309 tempus-reonpost-

644 1314 747 1378 quam
777 1302 814 1336 in
851 1301 910 1337 usu
942 1301 979 1337 ἃ

551 1408 602 1439 ’ἶτ-
645 1415 726 1436 num
758 1401 902 1450 pecunia
931 1401 981 1438 es-

644 1452 676 1487 se
716 1452 834 1501 coepit
859 1480 869 1495 ‚
910 1466 980 1500 quo

546 1512 602 1547 gg
597 1525 600 1529 <
645 1504 790 1551 pecunia
811 1503 883 1550 ipsa
903 1517 980 1539 rnu-

645 1565 706 1590 tuo
723 1555 802 1589 data
821 1567 890 1589 non
908 1554 982 1590 fue-

223 1607 293 1646 rit,
313 1617 417 1654 atque
444 1606 524 1642 inde
553 1609 710 1647 Poenus,
732 1604 798 1640 slve
827 1604 979 1640 Usuram

225 1658 378 1700 aliquam
425 1671 495 1692 non
542 1655 748 1702 quaesierint
794 1655 954 1691 homines
973 1683 981 1691 .

225 1710 318 1744 Nam
348 1708 448 1742 alteri
479 1708 659 1754 pecuniam
699 1706 791 1741 suam
821 1707 982 1746 credere,

226 1766 330 1804 atque
358 1758 439 1792 inde
476 1757 606 1799 sperare
644 1755 680 1791 ὃ(
709 1755 892 1802 exposcere
928 1758 983 1792 lu—

227 1821 322 1843 crum
352 1807 584 1854 unusquisque
612 1806 731 1854 suopte
760 1806 902 1855 ingenio
930 1807 984 1842 di-

227 1858 339 1893 dicit.
378 1856 565 1897 Cupiditas
603 1871 681 1893 curn
724 1857 867 1892 homine
904 1867 983 1892 nata

227 1909 276 1944 eis
305 1910 384 1944 loco
412 1907 563 1957 magistri
592 1908 680 1943 fuit.
714 1908 819 1952 Quod
848 1909 983 1956 negotii

227 1972 334 2006 genus
361 1959 501 2006 quidam
532 1960 658 2005 Populi
698 1959 911 2005 probarunt,
949 1973 984 1993 a·

228 2010 270 2045 lii
292 2012 373 2044 vero
394 2009 540 2045 omnino
566 2009 642 2045 sunt
669 2009 881 2044 abominati.
913 2009 1013 2065 An—-'

227 2059 440 2107 tiquiffimus
487 2060 646 2095 omniurn
691 2059 808 2094 Moses
850 2009 1017 2104 Foenus¹

227 2110 416 2146 interdixit
452 2110 543 2146 inter
570 2110 717 2149 fiatres,
754 2110 821 2145 hoc
857 2111 901 2145 est
932 2111 987 2145 in-

229 2169 281 2195 ter
305 2161 473 2211 Judaeosg
497 2162 537 2196 ab
563 2160 772 2208 alienigenis
793 2169 909 2196 autem
931 2161 988 2196 U-

232 2210 323 2245 suras
364 2222 516 2260 repetere
558 2211 706 2247 minime
748 2213 889 2247 vetuit.
932 2212 988 2247 Sic

232 2260 394 2296 foenebre
429 2264 563 2297 lucrum
603 2262 795 2297 exsecratus
830 2262 874 2297 est
911 2263 971 2297 Pla
956 2276 991 2289 -

232 2320 296 2351 to,
336 2321 411 2346 tum
445 2312 673 2348 Aristoteles:
713 2312 880 2348 exsecrati
913 2312 990 2348 sunt

233 2361 270 2397 ἃ
302 2362 451 2397 Romani
481 2363 692 2411 aliquand03
720 2363 773 2398 fed
801 2361 838 2398 δί
868 2362 927 2409 ipsi
956 2377 991 2398 a—

232 2413 292 2448 liis
314 2413 529 2460 temporibus
554 2413 720 2459 ejusmodi
747 2414 926 2449 licentiam
955 2428 991 2448 a—

236 2464 396 2498 luerunt.
425 2463 577 2498 Athenis
605 2474 742 2503 autern,
777 2478 815 2500 ac
847 2465 884 2499 in
911 2465 991 2499 aIiis

233 2514 401 2550 Graeciae
429 2513 612 2555 Urbibus,
648 2528 691 2550 ex
722 2515 866 2563 antiqua
893 2516 993 2551 Solo-

581 1229 597 1246 3
628 1202 669 1235 Ix
716 1201 828 1237 ullum
879 1200 977 1237 fuiffe
1001 1203 1049 1237 sA
1090 1201 1143 1238 nis
1173 1203 1268 1250 Lege
1295 1199 1333 1238 &
1365 1199 1636 1240 consuetudine,
1674 1200 1768 1237 inter
1796 1214 1851 1237 ra·

1090 1253 1205 1288 tiones
1237 1252 1450 1299 quaerendae
1486 1252 1650 1301 pecuniae
1677 1251 1736 1287 ista
1762 1265 1850 1300 quo-

1092 1317 1158 1350 que
1198 1302 1315 1351 passim
1353 1303 1512 1350 usurpata
1549 1302 1623 1337 est:
1663 1315 1768 1350 quam
1812 1303 1851 1337 in

1093 1367 1164 1388 rem
1202 1356 1314 1388 multa
1342 1352 1508 1401 congeflit
1538 1354 1675 1388 Samuel
1714 1352 1851 1388 Petitus

1094 1403 1175 1438 Lib.
1204 1405 1247 1437 V.
1275 1405 1362 1451 Cap.
1389 1417 1424 1449 4.
1462 1406 1596 1451 Legum
1626 1402 1850 1438 Atticarum.

1095 1452 1222 1488 Variae
1244 1464 1358 1488 autem
1380 1452 1521 1488 fuerunt
1542 1453 1678 1489 Usurae
1706 1467 1768 1502 pro
1788 1453 1852 1488 ho*—

1096 1503 1231 1538 minum
1261 1503 1407 1538 arbitrio
1424 1528 1433 1542 ‚
1463 1516 1524 1551 pro
1551 1504 1710 1552 improba
1738 1504 1852 1539 avidi—

1095 1563 1168 1589 tate
1196 1553 1298 1593 auri,
1333 1567 1394 1603 pro
1430 1563 1628 1602 temporum
1656 1555 1763 1589 etiarn
1792 1568 1853 1589 va—

1096 1605 1146 1640 ria
1173 1604 1338 1643 fortuna,
1376 1604 1428 1640 uti
1458 1603 1494 1640 ἃ·
1524 1618 1609 1639 aevo
1637 1604 1750 1639 nostro
1778 1603 1854 1639 fieri

1097 1654 1332 1702 conspicimus
1359 1655 1452 1690 inter
1478 1669 1561 1694 eos,
1591 1655 1652 1702 qui
1681 1669 1722 1690 ex
1752 1668 1854 1697 pecu—

1098 1706 1166 1741 niis
1195 1706 1337 1741 creditis
1374 1707 1509 1741 lucrum
1542 1715 1707 1754 captant.
1745 1707 1853 1740 Erant

1098 1757 1144 1791 ob
1171 1756 1340 1805 ejusmodi
1378 1757 1558 1805 negotium
1597 1754 1715 1791 famosi
1745 1757 1853 1802 Colly-

1099 1807 1220 1849 bisiae‚
1257 1808 1474 1854 Τναρεζὶταε,
1512 1808 1751 1846 Nummulart‘i,
1783 1810 1854 1842 Ar—

1095 1859 1267 1905 gentarii;
1286 1858 1447 1905 quamvis
1472 1858 1565 1893 enirn
1596 1857 1773 1906 postremis
1802 1856 1857 1892 hi-

1100 1908 1152 1943 sce
1177 1908 1311 1943 duobus
1333 1908 1536 1943 nominibus
1565 1908 1771 1943 Probatores
1800 1920 1857 1955 pe—

1102 1958 1247 1998 cuniae,
1283 1957 1320 1994 &
1358 1959 1508 1994 custodes
1540 1958 1737 2006 depositae,
1774 1957 1857 1993 desi—

1101 2009 1199 2057 gnati
1219 2009 1307 2044 olim
1334 2008 1485 2048 fuerint,
1510 2008 1587 2044 funt
1612 2018 1751 2048 tamen,
1771 2021 1859 2056 quae

1102 2069 1217 2106 aperte
1245 2059 1431 2099 indicent,
1468 2073 1526 2095 eos
1553 2059 1660 2094 etiam
1689 2059 1730 2094 ad
1761 2071 1858 2093 men—

1103 2110 1172 2145 sam
1211 2110 1362 2145 seden‘es
1401 2110 1664 2168 permutandis,
1699 2121 1758 2145 aut
1787 2109 1860 2144 foe„

1102 2160 1262 2196 nerandis
1304 2161 1457 2196 nummis
1494 2160 1674 2219 'quaestum
1719 2159 1862 2195 fecisse„

1102 2213 1366 2255 Argentariorum
1392 2211 1573 2259 praecipue
1600 2211 1735 2246 mentio
1755 2210 1833 2245 est
1824 2224 1860 2245 m

1104 2261 1258 2298 Historia
1288 2265 1492 2298 Ravennate
1519 2262 1655 2300 veteri,
1692 2261 1744 2297 uti
1783 2274 1860 2307 pro-

1104 2313 1190 2348 dunt
1212 2313 1317 2348 Vitae
1337 2313 1469 2348 Archie
1475 2313 1642 2361 piscopor.
1669 2315 1859 2347 Ravenna&

1106 2364 1147 2398 ab
1176 2364 1333 2407 Aonello
1369 2363 1537 2410 scriptae
1574 2362 1752 2409 rursusque
1789 2361 1860 2396 edi-

1105 2422 1160 2448 tae
1197 2416 1288 2449 Part.
1318 2416 1344 2448 Ι.
1372 2413 1482 2449 Tomi
1520 2412 1859 2449 11.Rer.1talica—

1105 2477 1205 2499 rum.
1242 2467 1289 2499 Et
1316 2465 1482 2512 quoniam
1516 2477 1625 2510 neque
1653 2463 1739 2508 apud
1768 2464 1857 2495 Gru-

1105 2524 1240 2553 terum,
1235 2528 1373 2600 2neque
1393 2515 1482 2564 apud
1506 2515 1763 2560 Hieronymum
1788 2513 1857 2546 Ru—

1707 2564 1806 2597 beum
