2216 3105
409 232 489 274 575
709 218 1148 262 BENVENUTI
1187 215 1593 263 JMOLENSJS
1822 225 1908 279 376

347 274 443 321 Quia
472 275 607 313 scilicet
633 276 797 314 deveniet
825 279 864 314 ad
903 279 1010 314 talem
1040 277 1104 314 sta-
1138 279 1169 313 A
1214 275 1360 311 ulterius
1387 290 1456 313 non
1485 277 1553 314 erit
1580 277 1788 325 superfluum
1816 280 1969 316 confide-

346 335 422 361 tum
446 351 458 366 ,
502 327 596 375 quod
633 329 741 364 vellet
776 328 927 365 libenter
962 329 1027 365 esse
1065 330 1102 365 in

344 376 461 425 primo
498 378 585 414 statu
621 379 833 415 viduitatis.
870 381 917 415 Et
954 379 997 415 fic
1035 378 1103 415 fuit

345 427 387 463 de
414 427 527 464 faeie.
555 428 650 474 Quia
670 429 726 465 vir
752 429 829 466 suus
857 429 1022 465 secundus
1041 443 1102 465 ex-

344 478 462 526 pulsus
489 479 530 515 de
562 479 795 520 Mediolano,
833 480 944 516 fafihss
971 480 1016 516 est
1043 480 1101 516 sti-

345 528 544 577 pendiarius
571 530 764 566 Castruccii
791 531 829 566 in
856 530 1008 574 Tuscia,
1040 530 1100 566 ubi

343 590 504 615 mortuus
531 580 598 616 est.
635 583 683 616 Et
707 595 751 616 ex
789 580 856 616 hoc
896 580 1011 617 Ninus
1048 594 1100 616 ar-

344 629 422 678 guit
450 631 492 666 ab
519 644 626 666 uxore
663 630 721 666 sua
757 630 798 666 ad
835 630 920 666 alias
959 630 1100 666 instabi-

343 681 414 716 lem
442 693 597 716 amorem
626 680 812 716 mulierum
830 708 840 725 ,
868 680 1007 716 dicens:

393 734 454 764 Per
481 731 523 765 lei
548 729 628 776 affui
661 731 696 765 di
731 731 814 764 Iicve
842 731 877 772 fi
902 733 1098 778 comprena'e.

340 780 452 819 mest,
481 794 540 828 per
567 793 670 816 unam
699 779 853 817 faciliter
879 781 1101 829 cognoscitur

339 830 382 866 de
409 830 506 867 aliis.

589 883 652 918 -Ad
679 883 761 927 Vers.
788 895 848 931 79.

394 937 465 968 Non
492 934 521 967 le
543 933 619 978 sard
644 935 672 967 s).
699 934 783 968 bella
803 933 982 980 sepoltm'a.

341 984 434 1020 Heic
473 984 589 1019 Ninus
628 984 774 1032 probat,
810 984 904 1031 quod
940 984 1000 1019 ista
1028 997 1097 1019 non

342 1036 428 1070 bene
465 1034 587 1070 fecerit
617 1034 779 1069 nubendo
816 1034 964 1070 secundo
992 1034 1070 1069 viro
1089 1060 1098 1071 ‚

342 1085 425 1134 quia
461 1098 532 1120 non
569 1083 638 1119 erit
679 1084 741 1120 fibi
778 1094 849 1120 tam
893 1085 1098 1120 honorabile

342 1136 415 1184 post
443 1144 591 1171 mortem
620 1133 692 1170 dici
729 1148 818 1170 uxor
844 1135 1022 1175 Galeatii,
1059 1136 1099 1170 s1—

342 1196 401 1222 ‹sut
437 1185 459 1220 si
496 1185 670 1221 diceretur
706 1199 794 1221 uxor
832 1185 957 1222 Nini.
997 1185 1097 1221 Dicit

342 1250 423 1286 ergo
441 1250 448 1271 :

390 1292 441 1322 La
470 1289 584 1335 Vipera
611 1310 625 1314 —
643 1310 657 1313 —
674 1309 689 1313 -
706 1309 721 1313 -

340 1338 531 1388 insignium
571 1338 833 1375 Vicecornitum
872 1337 914 1374 de
954 1336 1098 1373 Medio-

339 1391 442 1425 lano:

390 1463 405 1467 -
422 1463 436 1468 —
455 1463 469 1467 -
486 1462 501 1467 —
529 1442 579 1477 che
606 1442 617 1476 i
646 1439 801 1481 Milancsi
825 1450 999 1486 ext-campa,-

338 1492 452 1531 idest,
495 1505 598 1539 quam
637 1489 918 1527 Mediolanenses
956 1498 1097 1537 portant

338 1543 555 1591 incampo,
592 1542 674 1590 quia
702 1540 884 1576 Galeatius
912 1550 985 1575 erat
1013 1549 1096 1575 tunc

337 1594 514 1629 Dominus
541 1591 770 1638 Mediolani3

388 1647 460 1678 Non
487 1646 517 1676 le
537 1643 614 1686 fare}
640 1643 668 1676 ,ιὶ
695 1641 779 1676 bella
800 1640 978 1687 sepoltura‚

335 1693 403 1729 hoc
431 1693 475 1728 est
503 1702 573 1728 tam
603 1690 872 1733 honorabilem,

386 1743 581 1778 Com’avria
603 1744 686 1786 fntto
714 1743 739 1776 il
765 1743 859 1775 Gallo
877 1741 915 1774 (li
933 1741 1068 1774 Gallum
1084 1768 1092 1775 .

335 1797 429 1831 Nam
467 1794 590 1829 Gallus
626 1793 670 1827 est
705 1791 892 1837 insignium
929 1791 1091 1833 Judicum

334 1846 519 1881 Gallinae.
548 1843 651 1889 Quasi
676 1841 789 1877 dicat:
823 1841 982 1876 Pulcrius
1010 1840 1093 1876 fuis-

333 1895 383 1931 set
420 1895 510 1933 fibi,
550 1893 643 1941 quod
681 1893 719 1928 in
747 1891 929 1940 epitaphio
966 1890 1017 1926 sui
1055 1891 1091 1926 in

334 1946 443 1981 titulo
472 1945 665 1993 sepulturae
694 1944 886 1991 legeretur:
926 1942 1004 1976 Heic
1037 1941 1091 1985 ja<

333 2007 378 2031 cet
404 1998 558 2034 Ecatrix,
586 2007 661 2029 uxor
678 1994 810 2038 Judicis
837 1992 922 2026 Nini
947 1994 986 2026 de
1011 1993 1090 2027 Gal-

333 2048 429 2087 lura,
467 2047 571 2094 quam
600 2045 692 2093 quod
721 2046 878 2092 legatur,
917 2046 998 2077 Uxor
1023 2046 1090 2077 Do-

331 2098 412 2131 mini
452 2096 595 2132 Galcatt'i
629 2097 668 2130 de
707 2094 911 2129 Mediolano.
953 2095 1001 2128 Et
1036 2092 1090 2128 di—

332 2158 417 2183 cunt
445 2146 681 2183 communiter
715 2148 959 2191 Exponentes,
997 2143 1089 2190 quod

331 2198 448 2234 Ninus
476 2207 548 2233 erat
586 2195 741 2232 nobilior
768 2194 805 2230 ἃ,
835 2194 960 2230 melior
996 2194 1062 2229 illo
1081 2220 1089 2229 .

331 2249 396 2283 Sed
424 2248 465 2283 de
500 2248 567 2283 hoc
604 2260 674 2282 non
711 2245 803 2280 facio
832 2257 948 2279 curam
985 2243 1087 2292 heicg

332 2299 387 2333 ⁴[cd
425 2299 531 2342 dico,
570 2297 664 2345 quod
701 2295 862 2342 loquitur
898 2293 1088 2333 subtilius,

332 2347 370 2383 R
407 2349 485 2383 vult
528 2348 667 2383 dicere:
711 2346 832 2393 Major
868 2344 980 2378 honor
1016 2354 1089 2379 erat

330 2397 413 2434 huic
453 2397 577 2433 illustri
614 2395 780 2434 mulieri,
817 2393 888 2429 dici
926 2407 1014 2429 uxor
1050 2407 1088 2429 u—

331 2449 410 2485 nius
447 2448 518 2483 viri
563 2456 701 2483 tantum
725 2473 735 2490 ,
776 2444 911 2479 scilicet
954 2443 1086 2491 primi,

332 2500 437 2547 quam
466 2497 635 2545 secundi;
674 2497 724 2533 ita
754 2494 846 2542 quod
876 2493 985 2529 tacite
1011 2503 1087 2529 tan—

333 2552 385 2600 git
414 2562 513 2592 cani,
549 2547 641 2595 quod
671 2545 782 2595 nupsit
820 2543 987 2580 secundo.
1024 2544 1088 2580 Sed

1215 339 1287 361 rare
1314 326 1413 372 heic,
1442 329 1533 376 quod
1564 330 1670 364 Poeta
1698 329 1808 366 noster
1835 343 1904 366 non
1932 330 1974 366 si-

1215 388 1257 411 ne
1298 390 1402 425 quare
1438 378 1614 427 descripsit
1656 380 1734 415 heic
1775 380 1973 417 incidenter

1215 425 1312 462 istam
1334 429 1488 478 Domum
1510 430 1826 466 Mediolanenfium
1848 432 1889 467 ab
1915 434 1972 467 in—

1216 475 1353 527 figni03
1393 479 1476 526 quia
1505 482 1696 516 Armatura
1732 481 1792 517 ista
1829 482 1972 518 terribi-

1215 527 1281 567 lis,
1307 529 1341 563 &
1371 530 1505 565 Domus
1532 530 1602 566 fuit
1629 531 1735 568 nimis
1764 542 1886 580 potens
1911 534 1972 569 diu

1217 576 1254 612 in
1281 579 1516 615 Lombardia.
1553 580 1661 617 Circa
1690 592 1868 630 potentem
1898 586 1972 620 Do-

1217 640 1313 663 mum
1355 629 1400 664 est
1441 629 1617 666 sciendum
1644 659 1654 674 ‚
1701 634 1794 679 quod
1840 634 1971 682 primus

1217 688 1399 725 promotor
1427 681 1562 714 Domus
1590 681 1877 723 Vicecomsturn,
1904 684 1973 721 fuit

1217 727 1416 763 cardinalis
1445 728 1662 765 Offlavianus
1689 731 1730 766 de
1759 732 1973 779 Ubaldinis,

1216 777 1278 825 qui
1319 777 1405 813 fecit
1445 778 1522 815 fieri
1558 782 1732 816 Ottonem
1770 781 1973 819 vicecomi-

1215 837 1316 872 tem,
1353 830 1584 876 Capellanum
1626 830 1746 871 suum,
1784 833 1975 882 Archiepi-

1216 877 1356 927 scopum
1385 878 1606 917 Mediolani.
1633 882 1708 928 Qui
1737 883 1793 918 vir
1815 883 1975 921 astutiffi-

1217 941 1292 964 mus
1320 930 1461 978 rogavit
1481 931 1661 972 eumdem,
1690 942 1728 968 ut
1756 932 1884 970 faceret
1911 934 1973 972 fie-

1214 979 1245 1014 ri
1275 981 1520 1026 Raymundum
1549 982 1590 1017 de
1616 984 1650 1018 la
1678 985 1792 1019 Turre
1821 987 1972 1022 Patriar-

1215 1029 1315 1065 cham
1345 1031 1554 1080 Aquilejae‚
1582 1043 1622 1069 ut
1649 1032 1707 1069 illi
1728 1033 1769 1069 de
1789 1033 1895 1070 domo
1917 1036 1973 1071 sua

1215 1079 1438 1128 sequerentur
1464 1096 1542 1119 eum
1560 1109 1569 1119 .
1597 1086 1645 1119 Et
1671 1083 1714 1119 fic
1743 1084 1873 1120 faenum
1902 1087 1946 1122 est
1963 1114 1971 1122 .

1215 1132 1289 1176 Qui
1333 1133 1559 1178 Raymundus
1594 1134 1710 1170 tenuit
1754 1136 1971 1172 Patriarcha-

1160 1220 1163 1222 ‚
1215 1191 1291 1216 tum
1330 1184 1462 1219 XXVI.
1504 1184 1628 1221 annis.
1665 1187 1713 1220 Et
1755 1185 1824 1221 fuit
1866 1186 1971 1224 frater

1214 1232 1365 1269 Domini
1393 1235 1609 1278 Alamanni,
1645 1235 1707 1283 qui
1745 1236 1876 1284 primus
1904 1237 1973 1273 fuit

1214 1283 1428 1331 Capitaneus
1455 1286 1676 1321 Mediolani.
1705 1286 1780 1332 Qui
1808 1287 1868 1322 diu
1896 1287 1969 1323 fue—

1212 1342 1291 1369 rant
1319 1335 1572 1383 potentiffimi.
1601 1339 1691 1371 Otto
1718 1349 1797 1371 curn
1825 1336 1892 1372 suis
1915 1338 1969 1373 inn

1213 1384 1323 1419 travit
1361 1386 1606 1422 Mediolanum
1643 1399 1721 1421 cum
1764 1385 1827 1421 isto
1864 1388 1969 1423 modo

1212 1435 1245 1469 δε
1284 1435 1406 1482 paeto,
1444 1437 1535 1483 quod
1571 1437 1683 1483 plures
1711 1450 1753 1472 ex
1781 1437 1969 1474 nobiliori—

1213 1485 1274 1520 bus
1321 1487 1456 1520 Domus
1499 1487 1709 1533 eligerentur
1749 1485 1967 1535 Caphanei,

1211 1534 1273 1583 qui
1313 1544 1472 1584 regerent
1512 1537 1709 1572 Civitatem
1754 1537 1967 1578 succeffivef

1211 1599 1359 1633 quorum
1392 1586 1523 1634 primus
1559 1586 1627 1623 fuit
1662 1587 1836 1625 Dominus
1871 1588 1967 1625 Maf—

1210 1636 1302 1671 faeus
1331 1650 1437 1684 nepos
1465 1638 1558 1683 ejus,
1595 1637 1641 1672 ob
1670 1638 1902 1674 reverentiam
1931 1653 1966 1676 e·-

1210 1687 1282 1734 jus.
1318 1689 1439 1731 Quum
1477 1696 1592 1722 autem
1631 1687 1801 1722 Maffleus
1837 1688 1968 1726 diceret

1209 1738 1247 1772 in
1272 1736 1342 1771 fine
1366 1737 1449 1772 anni
1478 1747 1602 1783 patruo
1630 1736 1711 1775 suo,
1738 1738 1896 1774 officium
1925 1739 1967 1774 fi-

1209 1786 1301 1830 niri,
1338 1789 1429 1822 Otto
1456 1786 1613 1822 extraxit
1643 1787 1799 1835 gladium
1836 1789 1878 1824 de
1906 1803 1967 1826 va-

1209 1837 1291 1885 gina
1319 1837 1469 1886 nepoti,
1506 1836 1544 1873 ἃ
1573 1837 1686 1872 dixit:
1726 1840 1826 1885 Eripe
1850 1855 1872 1874 a
1897 1855 1966 1885 me,

1203 1888 1234 1928 fi
1267 1899 1371 1934 potes,
1407 1889 1487 1922 hunc
1517 1889 1684 1935 gladium.
1722 1890 1788 1923 Ille
1823 1892 1967 1927 notavit

1211 1938 1367 1980 digium,
1396 1937 1434 1973 ὅτ.
1463 1938 1689 1973 continuavit
1717 1938 1893 1986 regimen.
1933 1942 1967 1975 I—

1210 1989 1253 2023 sse
1282 1988 1452 2024 Maffaeus
1480 1988 1548 2024 fuit
1580 1987 1860 2036 prudentiffimus
1889 1992 1966 2037 Ty-
2003 1990 2009 1996 '

1209 2052 1359 2074 rannus.
1396 2041 1443 2074 Et
1471 2038 1527 2074 sua
1555 2039 1695 2074 solertia
1731 2039 1816 2075 fecit
1855 2043 1968 2077 multa

1210 2089 1410 2138 magnalia,
1452 2090 1486 2124 δε
1528 2089 1624 2124 vixit
1666 2090 1756 2125 ultra
1796 2093 1870 2127 XC.
1907 2105 1967 2127 anae

1209 2153 1294 2179 nos,
1321 2138 1360 2175 &
1381 2139 1487 2187 usque
1515 2140 1555 2175 ad
1585 2149 1734 2175 mortem
1756 2140 1872 2189 viguit
1893 2155 1965 2177 rna—

1208 2203 1279 2238 gno
1314 2190 1523 2227 intellefihx.
1560 2193 1680 2236 Quum
1718 2201 1833 2227 autem
1871 2192 1965 2228 Maf-

1209 2241 1302 2276 facus
1330 2241 1439 2276 vellet
1465 2241 1587 2276 omnia
1614 2240 1698 2283 fibi,
1726 2240 1764 2277 δε
1789 2255 1859 2277 non
1889 2256 1965 2290 par-

1208 2291 1372 2339 ticiparet
1411 2291 1642 2327 Consortibus
1679 2291 1747 2327 suis
1784 2293 1817 2327 &
1856 2293 1964 2336 aliis.

1209 2341 1368 2390 expulsus
1396 2341 1465 2377 fuit
1491 2341 1532 2377 de
1559 2342 1793 2378 Mediolano:
1832 2345 1880 2379 Et
1906 2343 1964 2379 illi

1208 2392 1249 2427 de
1276 2393 1309 2427 la
1337 2394 1451 2428 Turre
1479 2406 1557 2428 cum
1581 2392 1715 2428 viribus
1744 2393 1962 2429 Patriarchae

1208 2452 1379 2478 venerunt
1406 2442 1504 2491 supet·
1523 2443 1768 2479 Mediolanum
1790 2456 1866 2479 cum
1890 2455 1963 2478 ma-

1207 2505 1276 2539 gno
1313 2493 1471 2529 exercitu
1507 2492 1547 2529 &
1585 2493 1719 2542 magnis
1758 2492 1963 2541 Potentibus

1172 2551 1179 2586 Ι
1206 2543 1463 2579 Lombardiac.
1502 2545 1550 2578 Et
1591 2543 1745 2578 breviter
1770 2543 1966 2590 operassAl—

1825 2592 1913 2627 berti

2194 246 2209 335 *³⁴5⁹

2196 576 2208 622 ἤτω·
2191 398 2206 571 :min-⁴⁷50*
2199 387 2202 390 Δ
2193 366 2202 379 :f
2196 350 2203 358 -π
