2216 3105
441 238 519 279 159
753 230 1141 293 ANTJQJJT.
1188 238 1421 281 ΜΕΒΙ]
1458 239 1638 281 AEVI
1853 251 1931 287 160

377 293 437 316 our
478 284 515 317 in
558 283 773 332 Diplomatis
819 289 916 338 supra
957 296 1129 343 evulgatis
1170 300 1200 333 A
1240 297 1336 333 ficari
1357 296 1566 333 consuevisse
1582 303 1988 347 Regem‚Regnum‚Im-

375 343 506 378 poenae
542 336 759 379 pecuniariae
787 339 966 389 impofitae
1003 346 1130 393 persol-
1235 348 1376 395 perium,
1397 347 1464 383 five
1489 352 1651 383 Cameram
1676 350 1774 396 Regis
1800 360 1904 397 atque
1928 353 1991 386 Im-

375 381 508 418 vendae
534 383 648 421 forent
675 393 822 424 Gamerae
849 394 1065 435 Marcbionis,
1093 397 1129 431 in
1235 399 1411 445 peratoris,
1448 397 1616 434 subfistere
1652 411 1780 446 cogor.
1816 402 1988 436 Attamen

377 432 522 468 Placltls
554 448 633 470 vero
661 440 808 474 Gamerae
837 443 961 489 Regis:
988 445 1022 480 id
1051 446 1130 494 qui—
1238 449 1407 483 nonnulla
1435 447 1466 483 se
1494 447 1582 483 mihi
1611 448 1798 488 exhibent,
1820 463 1906 497 quae
1934 451 1989 486 in-

375 480 453 538 clem⁸
482 483 661 521 obscurum
692 488 781 524 mihi
807 490 934 528 fateor.
963 496 1009 530 Et
1036 509 1130 535 prae-
1238 498 1352 533 dicare
1377 498 1560 537 videntur,
1582 498 1763 534 Ministros
1788 500 1991 546 Reipublicae

374 530 492 588 sertim
515 547 629 590 ‘quum
659 537 715 572 hic
743 539 830 575 ritus
856 543 1002 580 minime
1028 546 1129 582 stabi-
1240 547 1308 595 (ἃ
1337 548 1477 594 quidem
1507 548 1682 596 praecipui
1711 548 1804 584 inter
1831 563 1888 584 eos
1916 549 1988 586 fue-

375 582 421 616 lis
438 581 561 618 fuerit.
581 587 617 619 ln
631 587 1020 635 Antiquitat.Estenfib.
1040 595 1129 644 Cap.
1238 612 1272 633 re
1301 600 1413 633 Duces
1447 608 1550 645 atque
1585 598 1838 646 Marchiones)
1868 599 1927 634 sub
1954 613 1989 634 e-

378 643 434 677 19.
465 634 638 670 Placitum
676 639 781 674 attuli
809 643 916 677 Anno
952 646 1130 682 MXLIV.
1236 647 1386 696 jusmodi
1414 649 1588 684 vocabulo
1615 648 1877 696 comprehensos
1906 649 1989 685 fuis-

376 681 534 718 habitum
560 686 697 732 Rapalli
722 690 763 722 ab
780 691 918 726 Aberta
937 703 1041 742 atque
1060 698 1129 731 ,Al-
1240 698 1289 733 se.
1328 698 1462 746 Accipe
1498 700 1630 746 Legem
1661 711 1694 733 2.
1730 698 1822 734 inter
1848 701 1989 748 Lango—

377 731 462 765 herto
488 737 602 778 Azone
638 739 896 782 marchionibus,
925 758 966 779 ex
1004 747 1129 791 quibus
1174 750 1200 782 Β
1239 747 1392 783 bardicas
1432 750 1522 783 Part.
1551 750 1595 783 ΙΙ.
1629 747 1738 783 Tomi
1775 750 1820 783 II.
1850 751 1927 784 Rer.
1956 751 1989 784 1-

376 782 591 838 Sereniffima
621 787 777 823 Atestina
815 793 964 830 Familia
991 795 1128 832 descen-
1238 798 1442 834 talicarum:
1473 798 1666 844 Quicumque
1690 800 1711 832 ἂ
1735 798 1858 844 proprio
1883 799 1989 832 Comi—

375 831 448 867 dlt.
479 833 529 868 lbi
557 836 780 874 Marchiones
802 842 939 877 bannum
962 845 1126 889 miserunt.
1238 858 1288 892 te,
1314 851 1368 882 vel
1396 851 1417 882 ιὶ
1443 848 1578 883 Publica
1610 858 1719 894 parte,
1747 847 1822 889 idest
1856 847 1897 882 ab
1923 848 1987 887 eis,

373 883 444 927 ‚Qui
469 888 543 917 υειὸ
561 885 670 928 fecerit
697 888 809 935 (idest
834 902 954 930 contra
981 895 1125 944 fecerit)
1238 898 1292 943 qui
1314 898 1551 944 Rempublicam
1576 908 1696 944 agunt,
1716 898 1903 932 ammonitus
1914 898 1986 942 fue-

371 943 492 966 centum
533 936 647 970 Libras
682 941 808 985 argenti
841 943 877 986 se
914 946 1127 992 compositurus
1238 947 1281 980 rit
1317 949 1382 982 (9‘0.
1420 947 1460 983 In
1497 947 1673 983 Formulis
1708 960 1846 994 quoque
1878 949 1896 982 ὲ
1933 961 1988 983 me

372 983 537 1029 dg²²⁰fta22
559 987 751 1023 medietatem
777 1005 878 1026 eorum
904 997 1125 1039 Marchiones‚
1239 996 1342 1032 editis
1369 999 1558 1031 Aci-vocatus
1582 999 1621 1031 de
1643 1008 1733 1043 parte
1759 997 1892 1032 Publica
1919 997 1988 1033 sae—

371 1031 419 1069 &
445 1034 638 1070 medietatem
667 1040 764 1073 eidem
790 1042 938 1080 Abbati.
974 1046 1125 1081 Accedit
1241 1059 1281 1093 pe
1308 1046 1481 1081 occurrit.
1518 1048 1694 1081 Praeterea
1731 1046 1853 1081 attulit
1883 1048 1989 1081 Cam-

372 1079 411 1116 &
439 1083 528 1119 alter
556 1086 684 1122 nodus.
722 1092 919 1128 Occurrunt
947 1095 1042 1130 enim
1069 1096 1126 1130 in-
1240 1095 1316 1141 pius
1353 1095 1389 1131 in
1429 1095 1631 1143 Appendice
1667 1097 1774 1130 Tom.
1805 1097 1831 1130 Ι.
1858 1095 1989 1132 Histor.

371 1133 507 1168 terdum
544 1136 770 1174 Marchiones
806 1152 866 1177 aut
901 1146 1034 1188 Duces,
1062 1146 1123 1193 qui
1239 1145 1368 1181 Eccles.
1387 1145 1609 1181 Placentinae
1625 1145 1665 1180 ad
1678 1147 1821 1181 Annum
1840 1147 1989 1181 DCCC—

372 1180 462 1217 bona
490 1183 531 1218 ad
562 1185 699 1222 Fiscum
737 1191 901 1238 Regalem
937 1194 1124 1236 devoluta,
1166 1196 1196 1230 C
1238 1198 1318 1232 LII.
1348 1197 1514 1244 Diploma
1543 1195 1719 1232 Ludovici
1747 1197 1793 1231 11.
1820 1195 1989 1244 Augusti,

370 1239 487 1268 tamen
515 1234 606 1281 quali
636 1235 692 1272 sua
720 1239 800 1275 aliis
836 1243 1050 1291 largiuntur.
1083 1248 1122 1281 In
1238 1246 1330 1294 quod
1351 1246 1532 1294 quamvis,
1554 1255 1593 1281 ut
1613 1245 1711 1294 supra
1736 1245 1879 1286 monui,
1900 1259 1987 1280 non-

369 1282 550 1319 Chronico
579 1286 726 1323 Farfenfi
756 1291 846 1327 Part.
876 1296 919 1328 11.
940 1295 1050 1331 Tomi
1076 1298 1121 1331 Il.
1239 1296 1345 1332 nullis
1366 1296 1465 1332 vitiis
1485 1297 1640 1339 laboret,
1659 1305 1810 1331 attamen
1833 1295 1987 1344 aliquam

371 1334 450 1368 Rer.
480 1334 631 1371 Italicar.
659 1351 733 1387 pag.
763 1353 846 1389 353.
875 1357 982 1390 quum
1014 1347 1125 1381 Hale-
1239 1355 1442 1393 argumento
1471 1345 1553 1381 huic
1589 1347 1700 1381 lucem
1740 1345 1898 1393 praebere
1925 1359 1986 1393 po—

369 1395 454 1418 rona
481 1385 766 1425 Sanfflmonialis
794 1392 952 1439 nupfiffet
984 1395 1121 1430 cuidam
1239 1396 1319 1431 test.
1347 1396 1472 1432 Liceat
1508 1395 1560 1431 uti
1589 1404 1839 1439 monumento,
1867 1394 1889 1429 fi
1917 1408 1988 1430 non

371 1433 577 1470 Rabennoni
609 1438 798 1483 perduelli,
822 1443 990 1485 secundom
1024 1446 1122 1490 legem
1238 1445 1323 1481 falso
1360 1445 1514 1493 prorsus,
1544 1444 1665 1481 saltem
1702 1445 1828 1480 dubio.
1867 1445 1989 1490 Inquit

368 1496 470 1517 ”mes
508 1485 702 1529 substantiae
743 1490 836 1536 ipstus
875 1495 920 1527 ad
959 1496 1122 1529 Publicum
1238 1496 1347 1544 igitur
1375 1495 1599 1537 Ludovicus,
1629 1495 1880 1542 Angilbergam
1910 1497 1986 1530 Au-

368 1534 535 1569 devolutae
567 1535 669 1579 sunt.
714 1540 839 1576 Rursus
879 1556 985 1587 quum
1028 1545 1120 1580 idem
1237 1545 1363 1594 gustam
1402 1547 1584 1593 conjugem
1622 1545 1713 1580 suam
1743 1546 1891 1591 quasdam
1920 1558 1986 1578 cum

370 1583 538 1619 Rabenno
575 1585 753 1623 hominem
787 1590 1031 1633 interfecisset,
1059 1610 1122 1629 me-
1234 1607 1323 1642 parte
1350 1597 1482 1630 Publica
1508 1597 1545 1629 de
1572 1597 1659 1629 rebus
1680 1595 1746 1639 suis
1775 1595 1985 1628 commutatio-

368 1634 471 1668 dietas
497 1635 595 1669 omnis
619 1637 708 1671 illius
725 1639 921 1683 substantiae
943 1647 984 1678 ad
1006 1646 1123 1679 Publi-
1165 1644 1196 1675 D
1238 1659 1290 1680 nes
1310 1644 1433 1691 fecisse,
1452 1658 1529 1691 quas
1547 1645 1615 1686 fis'n'
1641 1645 1733 1691 petiit
1758 1644 1858 1686 nostra
1880 1644 1989 1678 auflo—

370 1696 435 1716 tum
462 1684 612 1720 devoluta
640 1687 698 1728 est.
735 1690 886 1727 Subinde
923 1706 1005 1729 vero
1040 1695 1123 1729 Hil—
1238 1697 1331 1730 ritate
1358 1695 1522 1737 stabiliri.
1561 1694 1710 1730 Proinde
1746 1694 1776 1728 is
1804 1693 1987 1729 confirmat

371 1732 562 1779 deprandsss
598 1737 680 1772 DUX
709 1741 841 1785 Spoleti
871 1744 978 1779 Anno
1006 1747 1123 1780 DCC-
1238 1760 1295 1779 non
1316 1745 1417 1788 folum
1442 1745 1521 1782 illa,
1541 1757 1618 1790 quae
1645 1758 1681 1777 ex
1704 1744 1832 1777 Publice
1858 1757 1989 1776 commu—

369 1784 591 1820 LXXXVH·
618 1799 735 1822 Omnem
767 1792 963 1836 praediflam
1000 1795 1124 1828 illorum
1237 1794 1310 1839 tasse
1330 1790 1559 1840 comprobator,
1579 1795 1689 1827 veriam
1712 1793 1806 1826 etiam
1827 1791 1897 1830 &a
1920 1793 1989 1828 Hi-

363 1833 574 1877 substantiam
594 1860 604 1874 ‚
645 1839 780 1883 qualiter
813 1842 983 1886 secundum
1027 1845 1124 1891 legem
1236 1845 1287 1880 sce
1315 1844 1454 1880 accedat
1483 1843 1649 1892 Diploma
1684 1842 1882 1890 Berengarii
1915 1845 1988 1877 Au-

365 1882 448 1927 jufte
474 1883 520 1921 &³
547 1886 781 1923 rationabiliter
805 1893 850 1932 apl
875 1894 1040 1928 Publicum
1071 1896 1125 1928 de·
1238 1895 1322 1943 gusti
1340 1922 1348 1938 ‚
1385 1894 1476 1939 quod
1514 1908 1555 1929 ex
1594 1893 1753 1928 Archivo
1794 1892 1988 1927 Sanffiimo-

371 1934 483 1968 voluta
508 1935 570 1977 est,
597 1937 809 1975 Monasterio
837 1942 983 1979 Farfenfi
1018 1944 1127 1979 dona-
1239 1945 1386 1980 nialium
1408 1944 1646 1979 Ticinenfium
1672 1944 1713 1978 de
1736 1943 1906 1978 posterula
1931 1943 1990 1977 de-

371 1983 448 2027 Vif,
472 1995 530 2031 1³7⁰
565 1990 695 2022 mercede
733 1993 923 2026 Domnorum
961 1994 1126 2036 nostrorum
1238 1994 1370 2043 scripsi.
1395 1993 1486 2029 Illud
1514 1994 1653 2041 quidem
1680 1993 1903 2041 archetypum
1932 1992 1987 2027 vi—

374 2037 498 2080 Regum
526 2036 569 2069 (9⁶
596 2037 714 2079 nostra.
741 2042 795 2075 En
822 2043 932 2078 libere
959 2044 999 2080 de
1027 2046 1126 2080 rebus
1238 2046 1400 2080 debatur:
1424 2045 1594 2079 nonnulla
1614 2053 1729 2078 tamen
1751 2043 1890 2079 aderant
1910 2055 1989 2077 curn

373 2086 416 2117 ad
450 2085 616 2120 Publicum
653 2088 830 2127 devolutis
868 2093 1126 2140 Hildeprandus
1165 2095 1191 2127 E
1238 2095 1274 2130 in
1303 2104 1424 2134 textu,
1450 2103 1525 2129 tum
1554 2094 1590 2129 in
1627 2093 1790 2141 Epocha,
1818 2106 1904 2140 quae
1941 2091 1989 2127 se-

374 2133 543 2181 disponit.
564 2137 660 2182 Quid
681 2153 763 2189 ergo
784 2144 948 2178 Publicum
968 2144 1035 2179 five
1054 2157 1127 2191 pars
1238 2145 1353 2180 verius
1392 2157 1535 2180 examen
1578 2145 1597 2178 ὲ
1639 2144 1740 2179 nobis
1784 2144 1963 2191 exigerent
1980 2169 1989 2177 .

377 2232 526 2281 suspicio
550 2236 614 2275 esta
635 2237 693 2273 sub
719 2240 784 2276 hoc
809 2243 952 2278 nomine
976 2243 1128 2292 defigna-
1240 2258 1378 2292 quoque
1403 2253 1534 2279 certum
1560 2244 1626 2283 est,
1647 2244 1991 2300 &teugaldum-An-

1240 2309 1287 2331 no
1311 2296 1448 2329 tantum
1474 2297 1742 2330 DCCCCXVI.
1764 2296 1906 2341 Imperii
1932 2304 1990 2326 co-

1238 2346 1320 2380 rona
1347 2344 1444 2379 fuiss‘e
1470 2344 1658 2380 donatum:
1689 2357 1766 2379 cum
1803 2356 1868 2391 qua
1895 2344 1987 2387 Epo-

1239 2394 1300 2430 cha
1330 2397 1445 2430 Notae
1473 2394 1657 2430 chronicae
1684 2391 1898 2442 Diplomatis
1925 2390 1987 2425 hu-

1241 2446 1293 2493 jus
1318 2444 1435 2481 nescio
1463 2445 1544 2493 quei
1570 2443 1698 2494 poffint
1724 2441 1913 2490 componi.

376 2292 448 2318 tam
473 2284 561 2320 olim
588 2285 683 2323 fuiffe
709 2289 895 2327 Cameram
917 2294 1124 2340 peculiarem

373 2334 651 2377 Marchionum,
688 2341 747 2385 qui
785 2341 953 2378 videlicet
993 2345 1026 2378 8<
1064 2344 1124 2391 ipsi

374 2384 524 2426 Mintstri
548 2387 753 2432 Reipublicae
778 2402 896 2428 erant.
926 2396 1045 2439 Quum
1075 2403 1127 2429 ta—

373 2447 452 2469 men
479 2435 516 2471 in
546 2436 721 2474 Differtat.
750 2440 971 2490 subsequenti
1000 2445 1037 2477 de
1062 2449 1127 2478 Re-

370 2486 497 2532 publica
522 2485 582 2522 fim
606 2488 818 2536 ostensurus,
845 2495 883 2528 ea
910 2507 997 2530 voce
1025 2493 1128 2543 figni-

371 2185 498 2228 publica
518 2185 644 2231 fuerit,
668 2190 866 2228 videamus.
882 2195 1016 2229 Oborta
1039 2195 1126 2230 mihi
1208 2184 1212 2380 l
1240 2197 1332 2232 Nam
1359 2195 1429 2242 post
1451 2194 1595 2242 Pagium
1621 2193 1659 2230 ὅ(
1684 2193 1880 2232 Valefium,
1900 2191 1989 2227 mihi

1846 2593 1942 2628 Con-
