2216 3105
267 242 354 296 757

215 298 406 337 mundum,
438 296 522 346 quia
549 295 750 332 Florentini
777 309 845 331 non
875 296 973 332 ibant

214 348 253 384 in
282 348 489 392 Franciam,
516 346 720 383 flandriam
738 374 748 391 ‚
776 347 946 396 Angliam
964 371 974 386 ‚

215 399 468 439 Brabandam,
506 397 591 434 ficut
628 411 741 434 nunc.
779 397 884 443 Quali
920 397 974 433 di—

218 459 300 484 cat:
338 462 446 495 quum
484 448 684 484 florentini
711 461 805 483 nunc
834 462 974 497 genera-

216 499 300 535 liter
340 498 603 547 peregrinentur
643 512 702 547 per
741 508 857 534 totum
880 526 890 541 ,
936 497 973 534 ἃ

215 549 302 584 stent
329 549 389 586 diu
416 560 515 586 extra
542 549 689 595 patriam
709 576 720 589 ,
747 548 786 585 &
814 549 975 597 aliquan—

215 599 260 635 do
290 614 348 648 per
373 610 489 636 totum
518 611 656 647 tempus
682 599 800 643 vitae,
836 599 858 635 si
887 613 974 635 uxo-

216 664 269 686 res
296 664 416 687 eorum
445 651 636 698 sequuntur
662 665 747 690 eos,
775 651 975 686 moriuntur

216 700 254 737 in
297 701 412 737 aliena
453 703 565 750 patria
609 701 804 737 infeliciter
848 701 945 743 saepe
965 729 975 745 ,

217 763 325 798 quum
354 751 489 788 dicatur
519 752 812 797 proverbialiter:
849 753 976 787 Aliend

219 803 304 835 terrd
340 803 415 836 bene
448 803 566 845 vivis,
601 803 660 846 sed
694 803 776 837 male
810 803 901 838 obis.
939 803 974 838 Si

220 854 304 887 vero
339 865 410 887 non
451 852 665 899 sequuntur,
705 864 885 889 remanent
921 854 976 889 vi-

219 901 329 943 duae,
358 901 454 939 viros
481 903 660 944 habendo,
698 905 732 939 &
768 903 812 939 fic
841 905 976 939 utrobi-

218 965 285 998 que
313 951 392 987 sunt
418 952 676 990 infortunatae.
704 955 798 1003 Ergo
826 955 911 990 bene
931 955 977 990 il-

220 1003 274 1037 lae
310 1002 475 1050 antiquae
511 1015 609 1040 erant
648 1004 864 1041 fortunatae.
893 1005 976 1041 Ali-

218 1052 281 1099 qui
310 1062 426 1088 tamen
455 1065 657 1103 exponunt:
687 1070 703 1090 e
728 1057 819 1090 nulla
845 1069 898 1090 era
922 1057 975 1090 di-

212 1103 326 1148 serta,
356 1103 491 1140 scilicet
518 1119 536 1140 a
563 1105 642 1141 viro
669 1105 730 1142 suo
756 1116 898 1141 mortuo
922 1117 977 1150 per

218 1154 382 1197 Francia,
426 1154 530 1195 idest,
558 1170 619 1202 pro
650 1155 777 1197 Lilio,
807 1159 975 1193 Armatu-

217 1216 256 1238 ra
285 1206 417 1252 Regum
447 1208 682 1243 Francorum.
717 1207 823 1253 Quafi
851 1207 972 1243 dicat:

216 1266 288 1289 non
319 1268 381 1303 pro
409 1256 649 1299 partialitate.
688 1258 753 1293 Sed
792 1258 888 1304 prior
913 1272 974 1294 ex-

216 1304 344 1352 pofitio
372 1306 418 1341 est
455 1307 610 1352 melior,
645 1308 733 1344 licet
760 1318 906 1357 utraque
932 1308 974 1345 fit

213 1366 295 1390 vera
323 1355 359 1390 in
388 1356 440 1392 se.

263 1404 304 1439 L’
319 1420 384 1441 una
409 1409 596 1456 veggbt‘avae
610 1431 837 1446 ------

212 1454 306 1491 Heic
342 1457 579 1507 Cacciaguida
615 1460 781 1495 describit
817 1459 973 1495 honestas

210 1504 479 1548 solicitudines,
513 1508 553 1542 δε
589 1508 840 1544 convenientes
866 1523 973 1545 occu-

211 1553 371 1602 pationes
398 1555 647 1600 antiquarum,
682 1571 772 1606 quae
799 1560 971 1595 vacabant

214 1603 305 1638 circa
333 1617 450 1640 curam
487 1605 671 1647 filiorum,
707 1609 742 1643 δε
779 1608 831 1644 rei
867 1608 972 1645 fami—

212 1652 332 1689 liaris:
350 1654 488 1690 dicens:
506 1656 530 1689 l’
543 1670 628 1697 una,
644 1658 802 1702 scilicet,
818 1660 968 1695 mulier:

265 1723 280 1729 -
306 1724 322 1730 -
349 1724 366 1729 -
392 1705 577 1750 veggbt'ava
596 1721 617 1742 a
641 1707 745 1748 [ludio
763 1710 850 1744 della
867 1712 970 1746 culta.

214 1752 378 1793 Scilicet,
409 1754 567 1791 filiorum
595 1755 817 1806 vagientium
845 1760 883 1794 in
910 1773 971 1795 cu-

213 1804 364 1840 nabulo.
392 1806 439 1840 Et
466 1805 577 1842 dicit:

262 1856 295 1889 E
321 1855 503 1899 consolando
529 1857 631 1901 usavae
656 1857 681 1892 l'
696 1859 835 1903 idioma,

213 1903 374 1945 scilicet,
401 1915 598 1944 maternum
628 1909 871 1958 linguagium,
903 1909 971 1944 sci-

212 1954 297 1990 licet
319 1983 329 1999 ‚
370 1957 404 1991 la
441 1958 529 1992 Nina
569 1962 717 2004 Nanna,
759 1959 972 1996 consolando

211 2004 304 2053 ipsos
332 2006 526 2044 infantulos
553 2010 790 2057 evigilantes:

263 2055 305 2091 L'
319 2058 405 2091 altra
431 2057 558 2094 tra³endo
576 2075 598 2094 a
616 2062 650 2095 la
669 2075 752 2096 rocca
777 2062 813 2096 lae
830 2062 970 2104 chiama,

210 2105 319 2149 idest,
363 2107 503 2143 trahens
541 2108 641 2145 filum
678 2124 698 2145 a
733 2112 841 2155 colo,
877 2111 970 2159 quasi

211 2155 306 2191 dicat
322 2184 332 2199 ,
360 2157 491 2194 filando
508 2172 516 2194 ε
850 2188 852 2190 v

263 2209 510 2253 Favoleggt'ava
536 2223 588 2244 con
615 2211 650 2246 la
671 2212 733 2256 sua
753 2212 936 2258 samiglia,

210 2256 314 2297 idest,
344 2258 634 2296 confabulabatur
659 2275 739 2297 cum
768 2262 857 2297 suis:

263 2308 311 2344 Dt'
337 2309 491 2350 Troiani,
519 2311 554 2345 di
581 2312 723 2356 Fiesole‚
750 2327 766 2347 e
784 2313 821 2347 di
841 2317 973 2356 Roma;

211 2358 387 2400 dicentes,
417 2363 509 2406 quod
538 2361 619 2397 istae
646 2362 788 2398 fuerunt
815 2373 883 2399 tres
908 2377 973 2399 no-

211 2409 299 2445 biles
339 2409 522 2447 Civitates
562 2412 600 2448 in
644 2413 800 2449 mundo.
843 2416 890 2449 Et
930 2415 971 2450 de

209 2458 341 2496 duabus
378 2461 520 2507 quidem
559 2476 678 2499 verum
715 2464 830 2499 dicere
871 2474 971 2512 pote-

208 2520 309 2548 rant.
339 2513 392 2547 De
419 2514 524 2548 tertia
554 2523 694 2554 autem,
722 2514 860 2550 scilicet
888 2518 971 2550 Fae-

209 2561 352 2602 sulana‚
380 2563 475 2598 ref’oe
503 2563 773 2608 fabulabantur,
801 2566 884 2614 quia
911 2565 972 2602 ista

209 2624 401 2662 numquam
428 2612 499 2650 fuit
527 2614 677 2665 alicujus
704 2625 843 2653 motus.

561 236 810 280 COMMEN
817 237 862 278 T.
895 237 960 278 IN
987 234 1213 279 DANTJS
1239 233 1480 277 COMOED.

1012 298 1043 333 A

1013 1206 1047 1243 C
1055 1204 1057 1244 ἕ

1128 294 1224 330 saria
1249 304 1354 328 tenuta
1380 313 1568 320 -----

1079 345 1170 382 Heic
1198 344 1329 381 ultimo
1366 343 1602 392 Caeciaguida
1630 342 1710 379 vult
1740 341 1836 377 dice-

1079 409 1135 432 re:
1164 396 1198 431 &
1227 404 1266 432 ut
1295 394 1448 430 breviter
1475 393 1706 433 concludam,
1735 392 1837 435 pauci

1080 445 1179 494 pravi
1212 445 1278 482 viri
1309 444 1347 481 ὅ(
1377 443 1539 480 mulieres
1576 443 1643 479 illo
1680 454 1838 490 tempore

1079 497 1222 533 fuissent
1258 495 1373 532 habiti
1411 508 1474 543 pro
1501 494 1675 530 miraculo
1703 493 1738 528 in
1768 492 1837 528 Ci-

1080 547 1212 590 vitate,
1241 546 1325 583 ficut
1345 559 1436 582 nunc
1456 559 1474 581 e
1495 554 1615 581 contra
1645 543 1743 591 pauci
1766 543 1838 578 vir-

1081 597 1166 634 tuofi
1195 597 1402 634 haberentur
1439 596 1659 632 florentiae.
1700 596 1745 629 Et
1773 607 1837 629 no-

1080 649 1193 684 minat
1229 648 1536 684 duos-modernos
1567 645 1716 683 vitiosos
1754 645 1837 680 Flo-

1080 699 1267 739 rentinos‚
1304 712 1407 736 unam
1446 698 1613 734 feminam
1639 724 1649 741 ‚
1687 697 1837 733 alterum

1081 749 1216 785 virum.
1245 750 1303 785 Ad
1331 748 1572 797 cognitionem
1603 746 1735 797 primae
1760 760 1838 781 mu-

1080 800 1175 835 lieris
1219 800 1264 837 est
1305 800 1564 849 praesciendum
1590 827 1600 844 ,
1641 797 1735 846 quod
1776 796 1837 833 ista

1079 849 1289 887 Cianchella
1326 850 1395 886 fuit
1420 849 1554 886 nobilis
1590 848 1718 885 mulier
1754 848 1836 882 Flo-

1079 901 1216 936 rentina
1243 901 1285 937 de
1311 901 1413 950 stirpe
1452 900 1599 936 illorum
1632 900 1673 935 de
1700 899 1734 934 la
1761 900 1837 934 Το-

1080 951 1137 986 sa:
1177 965 1264 999 quae
1300 951 1369 987 fuit
1407 951 1571 987 maritata
1607 950 1646 986 in
1674 948 1836 985 Civitate

1081 1003 1213 1038 Imolae
1255 1002 1392 1038 cuidam
1433 1001 1522 1039 Lito
1560 1001 1602 1037 de
1639 998 1836 1037 Alidofiis,

1079 1051 1177 1087 fratri
1208 1052 1356 1088 Domini
1377 1050 1551 1091 Alidofii,
1579 1050 1641 1099 qui
1662 1049 1751 1085 olim
1777 1049 1837 1085 ab·

1078 1102 1174 1138 stulit
1203 1105 1352 1139 Imolam
1382 1101 1566 1139 Bononiae
1585 1114 1665 1137 cum
1693 1099 1838 1150 Maghi-

1078 1153 1186 1189 nardo
1214 1155 1379 1203 Pagano,
1417 1164 1456 1190 ut
1492 1152 1579 1188 alibi
1607 1151 1742 1188 dicium
1770 1150 1836 1187 est.

1079 1206 1132 1239 De
1169 1203 1228 1240 ista
1265 1205 1393 1253 possem
1421 1204 1535 1240 multa
1560 1204 1594 1239 8<
1622 1215 1700 1239 vera
1731 1200 1836 1237 refer-

1078 1268 1113 1290 re
1137 1278 1147 1293 ‚
1192 1268 1281 1302 quae
1323 1255 1443 1291 audivi
1487 1254 1531 1289 ab
1557 1253 1698 1303 optimo
1740 1261 1835 1300 patre

1078 1318 1156 1340 meo
1184 1305 1320 1355 Magno
1347 1304 1581 1356 Compagn0‚
1609 1304 1672 1353 qui
1699 1303 1759 1357 diu
1785 1303 1837 1338 le-

1077 1355 1132 1403 git
1158 1364 1231 1391 tam
1267 1357 1518 1399 laudabiliter,
1555 1368 1660 1404 quam
1697 1353 1837 1390 utiliter

1077 1407 1175 1454 juxta
1200 1406 1344 1442 domum
1372 1407 1605 1444 habitationis
1625 1404 1739 1442 dietae
1762 1407 1837 1440 Do-

1077 1457 1213 1492 minae.
1249 1460 1343 1506 Ergo
1379 1458 1461 1506 quia
1489 1456 1627 1494 Aufilor
1665 1455 1768 1504 ponit
1804 1455 1835 1491 i-

1076 1506 1157 1542 stam
1187 1521 1250 1555 pro
1277 1522 1382 1554 prava
1410 1508 1579 1550 muliere,
1616 1507 1733 1543 dicam
1770 1505 1836 1541 ali-

1075 1557 1160 1604 quid
1188 1558 1344 1605 jocosum
1372 1559 1414 1595 de
1440 1572 1503 1595 ea.
1541 1560 1640 1594 Haec
1667 1557 1836 1605 siquidem

1076 1607 1203 1643 mulier
1239 1607 1309 1644 fnit
1344 1607 1622 1658 arrogantissima
1652 1606 1690 1644 &
1726 1608 1839 1643 intol-

1074 1658 1251 1694 lerabilis.
1278 1659 1357 1695 Ibat
1385 1673 1445 1708 per
1470 1660 1615 1695 domurn
1637 1671 1715 1694 cum
1744 1657 1837 1693 bire-

1074 1717 1113 1743 to
1149 1708 1187 1743 in
1216 1710 1358 1758 capite,
1395 1724 1492 1746 more
1526 1708 1836 1753 Florentinarum‚

1076 1757 1114 1793 ὃ(
1142 1759 1267 1795 baculo
1296 1760 1334 1795 in
1365 1773 1470 1797 manu
1507 1773 1600 1797 nunc
1632 1759 1836 1794 verberabat

1076 1808 1270 1848 famulum,
1297 1823 1390 1845 nunc
1414 1823 1588 1857 coquum.
1613 1809 1760 1844 Accidit
1783 1821 1836 1843 er-

1075 1870 1120 1904 go
1148 1856 1275 1898 semel,
1303 1859 1396 1906 quod
1418 1873 1526 1906 quum
1547 1859 1666 1895 iviffet
1686 1858 1726 1893 ad
1747 1857 1838 1894 Mis-

1076 1907 1146 1942 sam
1176 1907 1217 1943 ad
1255 1909 1373 1944 locum
1410 1912 1572 1945 Fratrum
1612 1908 1835 1945 Praedicato-

1077 1970 1153 1992 rum
1191 1957 1233 1993 de
1269 1958 1406 2002 Imola‚
1443 1973 1514 1995 non
1551 1960 1657 2008 longe
1683 1972 1701 1995 a
1729 1959 1836 1996 domo

1077 2008 1150 2056 ejus
1175 2032 1186 2047 ‚
1223 2009 1366 2052 quidam
1405 2012 1526 2046 frater
1561 2009 1782 2056 praedicabat
1818 2023 1837 2047 a

1078 2057 1154 2093 casu
1171 2085 1180 2093 .
1208 2061 1255 2094 Et
1282 2073 1391 2107 quum
1419 2062 1517 2097 nulla
1549 2060 1704 2097 Domina
1732 2060 1838 2096 affur-

1078 2117 1174 2156 geret
1211 2108 1295 2150 fibi,
1332 2111 1393 2146 ista
1429 2111 1660 2151 Cianchella‚
1697 2110 1839 2148 accensa

1079 2159 1325 2207 indignatione
1351 2160 1389 2197 &
1425 2161 1501 2206 ira,
1538 2162 1656 2205 coepit
1690 2161 1839 2210 injicere

1081 2223 1202 2245 manus
1229 2220 1363 2247 atroces
1389 2226 1482 2248 nunc
1506 2212 1557 2248 ·in
1584 2212 1680 2249 istam
1699 2241 1707 2254 ‚
1747 2225 1839 2249 nunc

1079 2260 1116 2295 in
1155 2259 1255 2296 illam
1294 2262 1484 2298 Dominam
1508 2291 1517 2306 ‚
1555 2263 1739 2309 lacerando
1776 2262 1838 2301 uni

1080 2310 1192 2346 crines
1218 2313 1251 2347 &
1281 2312 1408 2356 tricas,
1436 2313 1538 2350 alteri
1568 2313 1689 2350 bindas
1716 2315 1750 2349 δε
1777 2327 1838 2349 ve-

1079 2361 1185 2397 laria.
1213 2362 1368 2410 Aliquae
1394 2377 1464 2399 non
1492 2364 1688 2411 patienta,
1715 2377 1839 2412 coepe-

1079 2422 1162 2448 runt
1197 2412 1336 2449 reddere
1372 2413 1434 2451 fibi
1471 2415 1586 2450 vicem
1625 2414 1746 2451 suam.
1782 2417 1838 2453 Ex

1080 2476 1150 2510 quo
1185 2473 1266 2499 orto
1303 2477 1431 2512 magno
1465 2465 1608 2511 strepitu
1649 2478 1728 2501 cum
1765 2467 1838 2502 cla—

1080 2526 1177 2548 more
1203 2513 1239 2548 in
1268 2515 1440 2555 Ecclesia,
1478 2515 1546 2551 viri
1575 2515 1835 2552 circumstantes

1079 2562 1117 2601 &
1145 2564 1443 2612 praedicationem
1469 2565 1649 2603 audientes
1665 2591 1677 2607 ‚
1712 2580 1835 2613 coepe-

1701 2624 1785 2653 runt
