2216 3105
287 206 371 247 433
580 187 880 230 coMMENT.
915 188 977 230 ιΝ
1005 186 1230 234 DANTJS
1257 185 1498 228 coMofin.
1717 202 1804 242 434

231 249 339 293 idest,
375 247 516 294 libero;
555 247 637 293 quia
676 245 811 282 scilicet
848 247 889 281 ab
919 260 986 283 una

231 310 326 350 parte
365 306 462 334 erant
498 297 730 336 Malatestae,
771 296 906 332 scilicet
944 299 985 332 ab

230 350 374 385 Oriente
411 348 447 383 in
475 347 672 386 Arimino,
710 347 747 382 in
784 347 853 383 alia
891 357 986 393 parte

229 401 345 434 versus
372 398 602 433 Occidentem
628 407 725 433 erant
753 397 919 433 Ordelaffi
948 398 986 433 in

228 449 409 488 Forlivi0‚
437 462 455 483 a
483 447 738 496 Septemtrione
765 447 822 483 illi
850 447 891 483 de
920 450 987 483 Po-

228 501 323 536 lenta
350 500 387 535 in
417 501 607 534 Ravenna.
643 498 727 534 Ideo
764 498 874 534 dicit:
914 500 987 533 Cos)

227 550 300 585 com'
321 550 385 585 ella
411 549 437 583 s’
459 551 476 583 ὲ
512 548 584 587 &a
621 549 774 586 Caesena
809 548 904 585 enim
942 549 987 585 est

227 601 330 649 plana
358 608 493 649 praeter
529 609 685 648 partem,
725 613 812 648 quae
840 610 987 637 vocatur

228 654 386 690 Murata,
413 650 474 686 ubi
493 651 538 686 est
568 651 605 686 in
626 660 746 686 monte
774 651 892 698 pulcra
914 654 986 687 Ro-

230 701 312 736 cha.
350 703 397 736 Et
423 714 531 748 quum
559 714 679 737 omnes
706 701 884 744 Civitates
913 704 985 737 Ro-

229 752 427 787 mandiolae
455 750 520 787 fint
548 751 705 792 fertiles,
733 751 794 788 ista
821 765 901 800 prae
929 766 985 788 ce-

228 802 314 838 teris
341 802 386 838 est
412 801 622 838 fertiliffima
639 829 649 846 ‚
687 800 725 838 δε
755 802 916 850 producit
944 803 985 839 fi-

229 866 288 888 cus
330 852 504 901 optimos.
546 855 592 888 Et
633 852 787 888 finaliter
822 853 984 893 Aufilor,

228 902 319 938 faeta
356 901 571 951 responsione
614 904 715 952 plena
751 903 793 938 ad
834 903 985 950 quaesita

229 952 388 989 Comitis
425 953 623 998 Gnidonis,
661 954 798 1001 quaerit
837 954 879 989 ab
916 967 984 999 eo,

228 1003 308 1051 quis
338 1003 400 1045 fit,
428 1004 566 1039 dicens:

280 1058 343 1088 Ora
369 1054 417 1088 chi
437 1054 481 1098 [ἶς’
496 1079 506 1094 ,
533 1055 562 1089 ti
586 1065 677 1102 prego
692 1079 702 1094 ‚
737 1055 789 1090 che
814 1068 852 1089 ne
877 1066 960 1090 conte
976 1082 984 1090 .

229 1104 334 1149 Quod
363 1103 540 1151 persuadet
567 1104 627 1140 sabi
664 1105 872 1153 dupliciter.
909 1105 985 1141 Pri-

228 1167 288 1189 mo
316 1168 334 1189 a
362 1154 606 1190 benevolentia
623 1180 634 1195 ‚
662 1168 729 1203 qua
757 1155 833 1191 usus
861 1155 905 1191 est
932 1169 985 1191 er·
1014 1160 1058 1197 *C

229 1217 271 1254 ga
300 1218 400 1244 eum.
429 1205 543 1240 dicit:

267 1258 339 1289 Non
367 1253 438 1300 effer
455 1257 532 1289 duro
555 1256 634 1302 pila,
656 1255 701 1290 cb'
712 1256 789 1290 altri
808 1255 860 1297 fia
880 1256 983 1299 stato.

227 1303 385 1343 scilicet,
423 1306 462 1339 ad
491 1305 765 1353 respondendum
795 1306 883 1342 mihi
920 1307 983 1342 du-

227 1354 319 1396 rior,
356 1355 461 1401 quam
498 1369 563 1403 ego
600 1352 725 1390 fuerim
764 1356 805 1390 ad
842 1355 983 1403 respon-

226 1404 375 1440 dendum
404 1404 493 1440 tibi.
522 1405 678 1440 Secundo
706 1405 841 1451 adjurat
867 1406 980 1453 ipsum

226 1467 286 1501 per
312 1455 369 1496 id,
400 1455 496 1501 cujus
523 1455 591 1490 viri
622 1455 768 1490 illustres
796 1455 908 1490 solent
932 1455 983 1490 es-

225 1503 258 1539 se
295 1504 512 1548 avidiffimi‚
552 1504 688 1540 scilicet
725 1518 784 1554 per
822 1504 981 1555 famam;

227 1555 316 1590 unde
344 1555 454 1590 dicit:

275 1608 316 1640 Se
352 1604 376 1638 ’l
419 1619 504 1640 nome
542 1617 594 1640 tuo
639 1606 690 1641 nel
733 1608 845 1642 mondo
889 1617 983 1655 tegna

322 1655 425 1698 fronte
441 1682 449 1690 .

225 1703 260 1739 Si
291 1704 408 1753 vigeat
428 1705 487 1741 diu
517 1705 608 1741 fama
636 1715 695 1742 tua
722 1707 760 1742 in
788 1708 981 1756 posterum,

225 1768 313 1802 quae
340 1768 431 1790 nunc
456 1756 500 1791 est
528 1756 608 1792 satis
635 1770 779 1805 magna.

473 1809 534 1842 Ad
562 1807 644 1851 Vers.
672 1810 731 1844 61.

275 1855 310 1890 ,ς’
328 1856 357 1890 io
383 1858 523 1902 credeffi,
552 1858 602 1891 che
629 1859 693 1891 mia
721 1858 846 1905 risposta
867 1858 942 1906 foff'e

274 1911 318 1941 A
338 1907 485 1952 persona,
512 1908 563 1942 che
589 1908 654 1943 mai
679 1907 808 1955 tornaffe
834 1910 869 1944 al
895 1924 981 1945 mon-

324 1959 384 1996 do,
408 1959 475 1993 &a

224 2005 317 2043 Heic
353 2017 436 2043 nota
458 2032 467 2046 ,
507 2009 600 2057 quod
637 2009 742 2045 multi
781 2010 981 2051 mirantur,

224 2056 317 2104 quod
363 2058 423 2093 iste
474 2061 603 2095 Comes
648 2059 765 2096 renuit
814 2061 942 2096 famam
971 2089 981 2105 ,

225 2120 328 2155 quam
357 2108 449 2155 quafi
477 2110 584 2145 ceteri
612 2110 778 2146 videntur
805 2121 920 2159 petere
946 2113 979 2147 δέ

224 2167 404 2206 appetere.
445 2159 641 2196 Dicendum
679 2161 853 2205 breviter,
886 2162 978 2209 quod

223 2208 315 2244 ratio
353 2208 453 2256 hujus
490 2210 630 2246 videtur
665 2211 755 2250 effe,
791 2212 883 2258 quod
920 2212 979 2248 iste

223 2268 296 2294 erat
311 2259 461 2307 relapsus
476 2288 483 2301 ,
500 2260 582 2308 quia
599 2261 861 2297 renuntiaverat
876 2275 978 2298 mun-

222 2310 267 2344 do
294 2311 327 2344 ἃ
357 2310 496 2359 pompis
523 2312 623 2358 ejus,
661 2311 772 2358 postea
808 2311 979 2349 inciderat

221 2359 258 2395 in
289 2373 438 2405 poenas,
476 2361 650 2397 redeundo
678 2362 719 2397 ad
758 2361 891 2398 fraudes
918 2377 979 2398 an·-

221 2411 366 2459 tiquas.
410 2412 512 2447 Unde
548 2411 632 2448 ficut
669 2412 769 2448 vestis
807 2412 979 2450 sumtuosa

220 2463 253 2496 &
279 2475 443 2509 apparens
463 2462 627 2499 decuisset
643 2463 754 2511 ipsum
776 2465 955 2500 Comitem
970 2491 980 2508 ,

220 2525 327 2560 quum
355 2522 430 2549 erat
450 2526 596 2563 magnus
617 2514 792 2551 Dominus
819 2514 856 2550 in
878 2528 980 2550 mun-

1024 250 1057 284 A
1098 245 1173 292 dog
1215 243 1253 280 &
1291 253 1406 279 tamen
1444 257 1513 278 non
1550 244 1714 281 decuisset
1751 257 1858 283 eum,

1100 295 1277 343 postquam
1318 293 1427 329 faustus
1463 294 1508 328 est
1545 297 1665 329 Frater
1702 296 1853 331 Minor:

1098 345 1149 380 ita
1176 344 1320 387 astutia,
1348 357 1436 391 quae
1463 343 1608 379 debebat
1636 344 1698 379 fibi
1726 345 1855 380 famam

1099 403 1179 430 ante
1217 393 1477 430 converfionem
1514 395 1586 441 ejus
1613 421 1623 437 ‚
1665 394 1746 429 dum
1784 403 1858 430 erat

1099 447 1308 490 Tyrannus,
1346 443 1458 493 postea
1486 443 1615 480 cecidit
1642 443 1702 479 fibi
1733 444 1774 479 ad
1802 444 1856 479 in-

1098 495 1263 531 famiam.
1293 496 1394 531 Unde
1422 494 1563 530 subdit.

1148 549 1255 591 Senza
1281 556 1363 582 rema
1388 545 1422 580 d’
1439 545 1573 589 infamia
1599 545 1628 579 ti
1654 545 1817 592 rispondo.

1098 596 1194 642 Quia
1237 610 1307 631 non
1350 597 1480 644 poteris
1518 595 1649 631 deferre
1685 609 1778 632 nova
1816 595 1857 632 de

1098 660 1154 683 me
1182 646 1222 682 ad
1250 646 1452 690 Mundum,

1152 718 1417 725 ---------
1450 708 1506 745 per
1531 697 1575 732 cia
1601 698 1652 731 che
1674 697 1799 744 giamat'
1823 698 1859 732 di

1201 749 1300 794 questo
1321 749 1418 791 fondo

1150 801 1223 833 Non
1250 803 1336 833 ιονηὸ
1361 799 1441 833 vivo
1466 799 1559 833 alcun
1575 819 1747 826 ------

1101 849 1195 894 Quia
1223 862 1265 884 ex
1302 849 1364 885 isto
1400 848 1542 885 Inferno
1579 849 1670 884 nulli
1707 849 1752 885 est
1779 848 1858 885 dare

1099 899 1284 935 recefl‘um:

1150 970 1324 976 ——————
1349 949 1377 984 ε’
1393 949 1415 984 i'
1430 951 1485 984 odo
1512 950 1537 983 il
1562 963 1655 985 vero.

1099 1001 1146 1035 Et
1174 1013 1293 1035 verum
1330 1000 1446 1041 dicit,
1484 999 1566 1047 quia
1602 999 1664 1047 qui
1702 998 1858 1036 assuescit

1099 1049 1137 1085 ὃ(
1174 1050 1317 1086 senescit
1353 1051 1390 1086 in
1428 1050 1499 1086 istis
1536 1050 1744 1088 fraudibus,
1780 1064 1857 1087 raro

1099 1101 1155 1135 vel
1184 1114 1375 1149 numquam
1405 1100 1470 1136 scit
1497 1100 1666 1136 recedere.
1696 1100 1758 1136 Iste
1783 1103 1857 1136 Co-

1099 1164 1169 1186 mes
1199 1152 1352 1187 breviter
1378 1160 1495 1187 narrat
1521 1150 1673 1186 formam
1701 1151 1778 1187 suae
1801 1152 1855 1187 vi-

1098 1211 1154 1236 tae
1182 1202 1409 1250 praeteritae,
1436 1201 1577 1237 dicens:

1149 1254 1181 1286 Ιυ
1202 1253 1256 1296 fui
1281 1266 1349 1287 uom
1374 1252 1501 1287 d’arme
1514 1273 1653 1279 —————

1097 1302 1192 1347 Quia
1217 1302 1299 1351 geffi
1327 1304 1437 1338 multa
1462 1305 1496 1338 δ(
1522 1316 1646 1350 magna
1675 1303 1788 1343 bella,
1817 1311 1856 1339 ut

1097 1351 1179 1387 satis
1206 1353 1322 1400 patuit
1349 1367 1391 1388 ex
1422 1353 1488 1397 jam
1517 1353 1650 1402 di&is;

1147 1423 1163 1428 -
1180 1423 1256 1429 -—-—
1283 1417 1298 1437 e
1322 1404 1376 1450 poi
1396 1403 1450 1447 fui
1476 1404 1650 1438 Cordeliero
1667 1431 1676 1448 ,

1098 1451 1182 1488 Idest
1207 1477 1217 1492 ,
1267 1452 1304 1488 in
1346 1452 1415 1488 fine
1457 1453 1508 1489 fui
1550 1456 1670 1489 Frater
1708 1454 1855 1491 Nlinor.

1099 1505 1192 1539 Nam
1214 1506 1348 1538 Fratres
1369 1503 1530 1539 Minores
1549 1503 1586 1538 in
1607 1505 1747 1553 Lingua
1769 1507 1855 1541 Gal-

1097 1553 1165 1589 lica
1195 1563 1364 1589 vocantur
1391 1555 1586 1596 Cordeliers‚
1615 1556 1826 1592 Cordellerii
1843 1581 1853 1594 ‚

1098 1617 1115 1638 a
1152 1603 1310 1649 (horda,
1349 1618 1453 1652 quam
1492 1604 1643 1640 cinfflam
1683 1615 1853 1654 portant.

1097 1657 1143 1690 Et
1171 1668 1249 1690 ecce
1277 1669 1381 1703 quare
1409 1655 1441 1691 se
1479 1655 1564 1691 fecit
1592 1658 1749 1692 Fratrem
1777 1656 1853 1693 Mi—

1096 1718 1216 1740 norem
1235 1718 1243 1740 :

1146 1757 1351 1790 Credendomi
1374 1758 1403 1791 εὶ
1429 1757 1511 1792 εἱηιο
1531 1757 1602 1801 sare
1627 1759 1793 1792 ammenda
1808 1773 1827 1801 ,-

1097 1805 1266 1845 Scilicet,
1303 1806 1438 1854 sperans
1467 1821 1522 1843 me
1549 1807 1609 1842 sub
1637 1808 1702 1843 tali
1730 1808 1853 1844 habitu

1098 1856 1254 1892 miseriae
1282 1855 1320 1893 δί
1348 1857 1561 1906 paupertatis
1598 1857 1708 1893 facere
1735 1872 1853 1894 emen-

1097 1907 1274 1942 dationem
1309 1917 1559 1956 peccatorum3
1598 1907 1653 1943 sed
1691 1908 1754 1944 alii
1783 1922 1853 1944 non

1097 1957 1336 1993 crediderunt.
1368 1959 1469 1993 Unde
1498 1958 1673 1994 Dominus
1701 1960 1854 1994 Malate-

1096 2008 1163 2050 ssa,
1200 2021 1307 2055 quum
1336 2017 1532 2044 narraretur
1567 2008 1628 2044 fibi
1656 2022 1674 2044 a
1701 2010 1854 2057 quodam

1096 2056 1287 2101 familiari,
1315 2058 1407 2106 quod
1438 2058 1613 2094 Dominus
1638 2060 1756 2095 Guido
1781 2068 1855 2095 erat

1096 2108 1205 2144 faftus
1244 2111 1363 2144 Frater
1400 2110 1550 2152 Minor,
1588 2110 1772 2156 providit,
1811 2124 1854 2146 ne

1096 2158 1193 2194 fieret
1221 2159 1440 2195 Guardianus
1467 2159 1653 2196 Arimini.
1691 2163 1737 2196 Et
1765 2160 1854 2196 dicit

1095 2209 1254 2245 Auitor:

1146 2263 1193 2294 Et
1219 2270 1297 2295 certo
1317 2261 1344 2294 il
1363 2262 1465 2295 creder
1490 2260 1551 2295 mio
1577 2262 1700 2296 veni-va
1728 2261 1825 2295 intera
1835 2277 1855 2305 ‚-

1095 2310 1281 2359 Signanter
1316 2310 1405 2346 dicit
1442 2320 1555 2350 certe,
1592 2312 1675 2359 quia
1714 2312 1854 2347 videba-

1094 2371 1152 2397 tur
1178 2361 1246 2396 fine
1282 2361 1390 2396 dubio
1425 2361 1654 2398 emendatus.
1693 2365 1783 2397 Nam
1815 2363 1854 2398 de

1097 2411 1183 2447 veste
1225 2411 1373 2447 assumsit
1416 2412 1589 2449 Habitum
1617 2440 1626 2452 ,
1668 2412 1853 2448 humiliter

1095 2462 1247 2498 servavit
1276 2464 1470 2511 Regulam,
1489 2464 1539 2497 ⁴&
1569 2463 1742 2511 patienter
1766 2463 1852 2497 tulit

1096 2514 1364 2561 Paupertatem.
1402 2513 1505 2548 Unde
1541 2512 1639 2562 saepe
1675 2513 1767 2548 visus
1806 2512 1851 2547 est

1684 2562 1800 2611 publi-
