2216 3105
412 243 495 283 775

407 305 640 312 ------
666 284 714 318 ch’
728 287 762 320 al
785 284 924 330 presente
950 285 966 318 ὲ
992 296 1078 318 carra

410 335 459 370 Di
485 348 593 370 nuova
616 335 774 379 follonia,
801 355 1032 362 ------

359 384 443 421 idest
460 412 469 429 ,
507 385 610 422 novis
637 384 791 421 Civibus
828 385 972 421 follibus
999 383 1037 419 &
1065 393 1118 420 te-

359 435 518 472 merariis
546 463 556 478 ,
602 438 720 484 quales
763 436 841 471 sunt
882 434 1119 471 communiter

360 499 470 536 nuper
496 487 621 522 ditati.
650 489 697 523 Et
725 486 837 522 dicit:

410 556 642 564 ------
668 538 705 571 di
731 547 818 571 tanto
843 537 932 582 peso,

411 588 477 622 Che
503 588 577 630 tosto
595 586 649 632 fia
670 586 798 632 jattura
823 588 862 620 de
888 589 922 620 la
947 587 1058 620 barca.

360 637 476 677 mest,
519 638 593 673 cito
630 637 698 673 erit
738 636 903 672 damnum
946 634 1119 671 Civitatis

362 688 618 727 Florentinae,
657 701 761 735 quarn
800 696 949 735 regunt.
992 688 1037 720 Et
1076 685 1119 720 est

360 738 596 785 pulcherrima
631 736 833 785 metaphora
862 735 899 772 ὃ(
929 735 1118 793 propriissi-

361 801 439 823 ma.
476 790 595 833 Quum
625 788 719 823 enim
748 787 847 822 navis
874 786 919 822 est
948 786 1054 821 nimis
1082 800 1119 821 o—

362 838 480 881 nusta,
505 847 668 885 oportet,
697 838 790 885 quod
818 837 1005 885 ejiciantur
1032 849 1121 871 mer-

362 903 416 924 ces
445 889 485 924 ad
523 888 622 924 illam
661 887 915 923 alleviandarn.
953 889 1006 922 Ita
1035 900 1053 922 a
1080 886 1121 921 s1-

364 939 466 983 mili,
495 938 697 983 Florentia,
733 952 820 986 quae
848 948 922 974 erat
948 937 1055 973 nimis
1083 950 1122 972 o—

363 1000 481 1025 nerata
527 989 763 1025 intollerabili
805 988 1003 1037 arrogantia
1043 987 1122 1023 isto—

364 1054 464 1083 rum,
493 1039 566 1075 cito
595 1041 713 1076 veniet
741 1039 782 1074 ad
811 1039 1054 1087 naufragium3
1084 1037 1121 1073 ἃ

364 1091 452 1126 disti
480 1090 618 1126 Circuli
647 1090 852 1139 ejicientur.
882 1092 928 1124 Et
956 1089 1122 1127 adverte,

365 1141 458 1188 quod
488 1141 625 1176 Aueior
661 1140 820 1186 loquitur
856 1140 896 1175 de
924 1139 1124 1187 expulsione

365 1192 472 1240 partis
501 1193 670 1230 Blancae,
707 1190 744 1226 ἃ
773 1191 813 1225 de
841 1189 1013 1238 ejectione
1040 1190 1123 1225 Cir—

364 1244 545 1281 culorum‚
573 1255 659 1290 quae
687 1241 755 1276 fuit
783 1241 895 1276 statim
928 1240 1036 1276 tertio
1065 1254 1124 1275 an-

366 1307 412 1328 no
441 1293 511 1342 post
538 1301 674 1339 tempus
711 1292 817 1330 istud,
858 1291 899 1326 de
935 1304 1005 1338 quo
1034 1304 1124 1326 nunc

367 1344 549 1392 loquitur.
578 1343 736 1379 Adverte
763 1343 869 1378 etiam
888 1367 897 1381 ,
936 1342 1027 1389 quod
1066 1341 1124 1376 ista

367 1395 485 1430 omnia
524 1393 614 1429 faeta
650 1403 774 1432 erant,
812 1393 950 1439 quando
989 1391 1126 1427 Aueior

371 1445 443 1491 ipsa
471 1443 628 1503 scripfit.
667 1444 730 1479 Sed
759 1443 899 1479 videtur
935 1442 1125 1491 prognosti-

368 1496 460 1534 cari,
497 1496 579 1543 quia
606 1494 710 1530 refert
747 1493 779 1529 se
807 1493 848 1528 ad
875 1503 1012 1538 tempus
1049 1492 1126 1527 suae

367 1545 538 1590 visionis,
575 1559 662 1593 quae
699 1544 767 1579 fuit
804 1543 841 1578 in
870 1545 1051 1581 MCCC„
1089 1553 1127 1577 ut

367 1605 474 1631 toties
511 1605 700 1643 lepetlrum
739 1593 783 1628 est
818 1592 856 1628 in
885 1593 1007 1628 mUlUS
1038 1592 1126 1627 lOClS

369 1644 405 1681 &
434 1645 611 1693 Capitulis
641 1644 770 1679 Libri.

420 1696 505 1742 ‚Qud
530 1696 569 1729 de
595 1695 628 1729 la
655 1698 693 1728 Ρ
695 1692 760 1739 effa
786 1714 974 1720 -----

368 1747 460 1781 Heic
497 1744 733 1792 Cacciaguida
775 1750 1003 1778 connumerat
1043 1742 1126 1776 duas

369 1798 503 1830 Domos
525 1795 706 1840 antiquaS‚
734 1805 879 1839 quarum
901 1793 1044 1826 alteram
1068 1791 1126 1824 de-

368 1845 491 1880 scribit
517 1858 536 1879 a
563 1842 748 1891 prudentia
776 1841 940 1890 regendi,
978 1842 1122 1876 alteram

369 1909 388 1931 a
415 1893 624 1931 fortitudine
653 1892 825 1928 bellandi.
857 1894 908 1927 De
937 1892 1049 1940 prima
1075 1904 1127 1926 er-

369 1959 413 1995 go
440 1945 551 1981 dicit:

417 1996 504 2042 Quel
531 1998 570 2029 de
595 1995 629 2029 la
654 1992 762 2039 Preffa
781 1993 904 2040 sape-va
925 1992 986 2039 gi&
1012 2005 1090 2026 come

420 2051 548 2093 Regger
568 2045 600 2086 fi
624 2045 738 2087 vuok,

369 2099 416 2132 Et
457 2097 540 2131 haec
577 2094 621 2130 est
656 2107 781 2142 magna
818 2095 917 2133 laus,
959 2091 1127 2141 quoniam

369 2146 480 2196 princ·
471 2156 585 2195 patus
626 2145 741 2181 virum
778 2143 951 2180 ostendit.
989 2145 1042 2179 De
1079 2142 1128 2178 se-

371 2197 481 2233 cunda
506 2196 618 2232 dicit:

420 2267 606 2274 -----
623 2273 634 2290 ‚
661 2260 676 2279 e
702 2259 784 2281 awa
810 2243 963 2292 Galigajo

421 2301 544 2333 Durata
572 2297 605 2331 in
633 2297 716 2342 Casa
744 2297 807 2341 sua
829 2296 888 2343 gid
914 2294 938 2330 l’
966 2296 1037 2340 elza
1063 2308 1078 2328 e
1103 2292 1129 2327 ’l

470 2359 581 2391 pome.

374 2398 437 2431 Per
463 2397 529 2433 hoc
555 2405 681 2441 notat,
716 2396 809 2444 quod
848 2395 1000 2431 Familia
1024 2392 1127 2429 Gali-

374 2447 529 2495 gajorurn
559 2458 631 2483 erat
669 2448 736 2496 jam
765 2446 1127 2491 ordinatasornata-

375 2510 442 2544 que
467 2496 641 2544 dignitate
669 2497 839 2532 militari.

424 2545 548 2581 Grancl'
569 2559 621 2580 era
646 2567 873 2573 ------

699 220 1152 267 BENVENUTI
1200 220 1630 264 IMOLENSIS

1142 289 1145 308 ¹
1158 286 1190 320 A

1842 230 1927 281 776

1227 279 1318 314 Heic
1345 279 1582 329 Cacciaguida
1611 281 1669 316 sub
1697 295 1768 317 uno
1795 281 1982 317 involucro

1200 331 1358 365 vclaudit
1401 343 1482 378 quai
1489 345 1550 366 uor
1594 332 1760 367 Familias
1786 359 1795 375 ,
1837 345 1983 379 quarum

1228 381 1375 428 primam
1415 383 1578 418 deicnbit
1605 386 1647 418 ab
1675 385 1864 418 Armatur-a
1882 406 1892 420 ,
1929 382 1981 417 di—

1227 444 1399 517 celgritnd’
1415 496 1467 517 era
1490 484 1548 530 gia?
1575 484 1608 518 la
1634 484 1776 518 Colonna
1803 485 1855 517 del
1883 483 1982 527 Vah),

1228 531 1283 566 Isti
1322 545 1492 568 vocantur
1533 534 1651 581 Pigli,
1689 535 1750 581 qui
1788 534 1915 569 habent
1944 547 1981 568 u—

1228 595 1305 616 nam
1335 581 1550 617 Columnam
1580 585 1621 618 de
1649 586 1758 619 Vario
1799 598 1859 632 pro
1899 583 1981 619 lns1-

1198 676 1200 681 ⁸
1227 632 1330 680 gnio.
1352 633 1520 679 Quinque
1542 635 1675 669 Domus
1695 634 1900 682 simpliciter
1919 648 1983 671 no·

1198 694 1200 701 ’
1229 682 1341 717 minat
1358 710 1367 724 ‚
1395 683 1538 717 dicens:

1146 744 1148 766 ι
1160 736 1186 769 Β

1148 1214 1150 1216 -
1161 1190 1192 1224 C

1277 732 1459 770 Saschetti,
1498 732 1649 776 Giuochi,
1684 734 1828 778 Sisantt',
1864 749 1880 768 e
1915 738 1984 770 Ba-

1331 794 1410 815 rucct

1280 833 1311 865 E
1339 831 1431 866 Galli
1448 859 1458 874 ‚
1485 853 1757 863 -------

1198 881 1368 929 'supple‚
1397 891 1493 917 erant
1515 882 1652 930 magni.
1683 883 1858 920 Describit
1878 885 1985 921 etiam

1199 934 1388 970 Domum
1427 932 1508 967 satis
1537 934 1728 969 verecunde
1755 935 1797 969 ab
1826 949 1895 971 uno
1930 938 1986 972 in—

1199 981 1314 1017 fami
1343 981 1450 1026 fallo,
1478 982 1620 1018 dicens·

1280 1054 1465 1059 -----
1492 1047 1507 1067 e
1533 1034 1603 1081 quei
1617 1058 1627 1073 ,
1653 1035 1698 1069 cb’
1713 1034 1849 1081 arroffan
1877 1048 1932 1081 per
1958 1039 1988 1071 lo

1331 1083 1443 1119 Staio.

1229 1132 1287 1169 Ad
1330 1133 1431 1181 hujus
1472 1134 1746 1184 intelligentiam
1790 1136 1834 1172 est
1877 1137 1985 1173 scicn-

1228 1184 1336 1227 dum,
1373 1184 1466 1231 quod
1502 1185 1556 1221 isti
1594 1188 1710 1222 vocati
1749 1186 1826 1222 sunt
1862 1186 1987 1224 Clara—

1230 1235 1450 1274 montenl'es,
1487 1249 1633 1283 quorum
1664 1251 1750 1272 unus
1777 1238 1865 1272 olim
1904 1239 1986 1274 dum

1202 1285 1372 1322 ,haberet
1407 1286 1564 1322 officium
1603 1287 1707 1322 dandi
1745 1286 1986 1332 frumentum,

1231 1334 1299 1370 sive
1327 1335 1431 1371 salem
1460 1338 1694 1381 Communis,
1724 1338 1878 1374 detraxit
1906 1339 1986 1375 inde

1231 1398 1334 1420 unam
1364 1386 1513 1434 dogham
1543 1387 1648 1427 vasis,
1677 1387 1715 1424 &
1745 1388 1787 1424 fic
1815 1389 1990 1426 diminuit

1232 1435 1351 1483 justam
1395 1437 1587 1473 mensuram
1630 1439 1823 1487 cupiditate
1865 1440 1953 1475 lucri
1978 1466 1986 1474 .

1235 1488 1378 1533 Propter
1405 1488 1498 1533 quod
1535 1498 1672 1534 reperto
1709 1488 1795 1523 fallo
1832 1489 1902 1523 fuit
1929 1489 1988 1523 de-

1231 1535 1422 1582 capitatus.
1451 1538 1497 1570 Et
1517 1549 1558 1570 ex
1582 1537 1646 1570 hoc
1674 1535 1742 1571 fuit
1762 1537 1962 1573 ordinatum
1978 1565 1987 1581 ,

1230 1584 1323 1631 quod
1345 1585 1522 1620 Sextarius
1542 1587 1622 1621 effet
1643 1586 1770 1621 ferreus
1785 1611 1793 1624 ,
1822 1587 1873 1622 ita
1895 1588 1987 1634 quod

1231 1648 1301 1669 non
1330 1635 1438 1681 posset
1465 1635 1505 1670 de
1534 1646 1648 1670 cetero
1669 1636 1803 1681 aliquid
1832 1636 1988 1673 detrahi.

1231 1687 1277 1719 Et
1305 1684 1387 1731 quia
1415 1684 1719 1719 Claramontenses
1756 1685 1798 1721 de
1834 1685 1900 1722 hoc
1930 1701 1990 1723 ve-

1231 1735 1464 1768 recundantur
1476 1761 1486 1778 ‚
1502 1735 1792 1782 quandocumque
1812 1735 1899 1772 istud
1916 1751 1990 1773 me-

1233 1793 1414 1822 moratur,
1443 1787 1498 1819 vel
1527 1785 1783 1833 improperatur
1809 1787 1882 1826 eis,
1909 1787 1990 1823 ideo

1231 1834 1342 1868 dicit:
1372 1837 1405 1868 E
1425 1836 1514 1882 quet',
1542 1833 1733 1881 ch’arroffan
1750 1847 1805 1883 per
1822 1838 1853 1871 lo
1871 1838 1961 1872 Staio
1971 1852 1992 1881 ‚-

1233 1883 1315 1920 idest
1333 1885 1607 1921 verecundantur
1623 1897 1763 1934 propter
1790 1888 1989 1924 sextarium

1234 1944 1459 1983 corruptum.
1503 1938 1596 1972 Nam
1631 1937 1737 1973 rubor
1772 1937 1816 1973 est
1857 1937 1990 1987 signum

1235 1986 1481 2021 verecundiae.

1285 2039 1331 2069 Lo
1356 2038 1462 2080 Ceppo
1473 2057 1788 2066 --------

1234 2085 1326 2121 Heic
1354 2086 1590 2134 Caeciaguida
1618 2088 1780 2124 nominat
1807 2097 1876 2125 tres
1904 2089 1991 2125 Stir-

1237 2150 1292 2184 pes
1309 2160 1319 2175 ‚
1352 2149 1500 2183 quarum
1529 2150 1631 2172 unam
1661 2138 1826 2174 describit
1853 2140 1895 2175 ab
1922 2140 1990 2175 alia

1237 2186 1387 2222 Familia
1412 2186 1639 2224 descendente
1658 2202 1701 2224 ex
1727 2189 1812 2229 illa,
1840 2191 1991 2238 reliquas

1237 2250 1320 2272 vero
1347 2236 1508 2274 secundas
1536 2238 1700 2274 describit
1727 2240 1769 2274 ab
1796 2240 1908 2276 officii
1935 2241 1990 2276 di-

1236 2288 1394 2336 gnitate.
1424 2288 1525 2324 Dicit
1551 2303 1633 2338 ergo
1660 2289 1797 2338 primo:

1288 2342 1334 2372 ho
1360 2341 1484 2383 Ceppo‚
1510 2340 1547 2374 di
1565 2341 1617 2374 che
1635 2354 1782 2387 nacquero
1801 2341 1814 2375 ἱ
1832 2341 1994 2386 Calsucct‘,

1238 2387 1294 2424 Isti
1323 2388 1399 2423 sunt
1436 2389 1592 2429 Donati,
1630 2392 1802 2439 praeclara
1842 2392 1993 2427 Familia

1237 2439 1352 2479 olim,
1379 2440 1410 2474 8<
1440 2453 1556 2476 nunc.
1594 2443 1646 2476 Ex
1675 2441 1800 2488 quibus
1829 2441 1919 2477 faista
1947 2441 1992 2477 est

1236 2488 1342 2575 ῗΙΙα
1350 2490 1526 2536 Familia,
1562 2504 1631 2539 qua
1666 2491 1755 2528 dieti
1790 2491 1869 2529 sunt
1908 2493 1993 2528 Cal-

1254 2539 1366 2576 uccii:

1880 2594 1911 2625 Ε
1914 2604 1949 2624 ra·
