2216 3105
335 239 364 277 6
399 249 416 276 1

364 249 390 289 4
414 291 476 328 Ad
500 293 596 326 Cant.
623 294 698 326 XX.
727 289 808 335 Vers.
835 290 896 336 46.

331 344 396 378 Ma
416 343 450 387 se
477 342 599 385 Doagio
625 361 855 369 ------

282 391 375 430 Heic
412 393 498 442 Ugo
539 391 703 438 Ciapetta
754 391 899 439 probat,
946 391 1039 438 quod

283 444 380 479 dixit
421 456 479 486 per
521 445 649 490 Regem
691 452 774 477 tunc
814 453 1038 489 regnantem.

285 496 378 531 Nam
409 492 591 541 Philippus
621 492 769 528 Pulcher
790 491 950 539 pellimus
973 495 1039 528 Re-

285 557 367 593 gum
390 542 576 586 franciae,
606 552 645 578 ut
666 543 802 578 dicetur
824 544 927 590 paulo
949 543 1039 591 post,

285 597 394 630 Anno
438 593 585 629 Domini
627 595 872 630 MCCXCVI.
913 593 1043 630 invafit

285 645 508 680 Comitatum
538 643 743 688 flandriae,
770 645 804 679 δε
833 644 927 692 cepit
955 645 1042 680 Bru-

285 694 402 742 piam,
429 695 591 737 Limam,
628 693 665 730 ὃς
705 694 790 730 alias
826 697 953 730 Terras
982 708 1043 730 va-

286 744 413 780 stavit.
443 747 489 779 Et
515 747 624 779 Anno
650 747 805 781 MCCC.
834 758 942 792 quum
970 747 1043 781 Co-

286 807 359 831 mes
387 795 570 830 Flandriae
598 808 677 830 cum
706 796 838 831 duobus
870 795 956 831 filiis
984 809 1042 831 ve-

289 845 392 882 niffet
419 845 461 881 ad
488 858 566 881 eum
585 873 595 888 ,
626 848 699 881 Rex
727 860 785 881 eos
806 846 971 882 carcerari
994 845 1044 882 fe·

287 897 365 936 cit,
393 893 431 931 ὅ(
459 895 598 931 abstulit
626 896 674 931 eis
696 896 918 933 comitatum
940 898 1044 933 Flan-

287 946 401 982 driae.
429 946 493 982 Sed
521 946 592 995 post
621 947 802 983 biennium
831 947 974 996 sequuta
1001 947 1046 984 est

288 996 468 1035 vindiRa,
505 1009 608 1044 quam
654 996 738 1045 Ugo
784 997 867 1034 huic
905 997 1046 1035 oravit.

290 1047 386 1091 Quia
427 1046 650 1082 flandrenses
692 1048 849 1084 fecerunt
884 1062 1045 1097 magnam

292 1097 434 1146 stragem
462 1098 503 1133 de
529 1097 688 1134 exercitu
715 1099 787 1147 ejus·
815 1099 944 1148 Regis.
982 1100 1048 1135 Di-

292 1148 343 1183 cit
371 1160 451 1196 ergo
480 1150 580 1193 Ugo:

626 229 927 274 COMMENT.
957 230 1022 274 IN
1050 226 1276 275 DANTIS
1303 225 1545 270 COMOED.

1752 232 1837 281 642'

1071 292 1103 326 A
1138 286 1221 336 quia
1248 287 1362 334 plures
1390 285 1431 321 de
1459 286 1553 321 linea
1579 283 1637 321 sua
1662 285 1802 321 suerunt
1826 286 1894 319 Re—

1085 741 1112 775 B
1120 758 1121 762 ,

340 1200 404 1233 Ma
434 1199 469 1243 se
503 1199 648 1247 Doagrb,
694 1203 841 1241 Guanto,
882 1201 995 1246 Lilla,
1036 1216 1051 1236 e
1081 1187 1115 1225 C

390 1249 539 1296 Bruggt'a

339 1297 490 1344 Poteffir‚
517 1299 591 1342 tosto
618 1314 656 1334 ne
676 1301 767 1345 saria
792 1303 963 1337 vendetta.

289 1348 459 1384 Vindiffla
486 1348 546 1385 ista
573 1351 642 1398 jam
671 1362 745 1387 erat
768 1351 882 1396 faffla,
910 1352 1049 1400 quando

290 1400 397 1435 Poeta
424 1399 578 1448 scripsit.
615 1401 678 1436 Sed
720 1402 864 1447 respicit
891 1405 932 1438 ad
961 1413 1051 1438 tem-

289 1463 352 1497 pus
382 1449 459 1485 suae
486 1450 651 1489 visionis,
691 1453 829 1496 quando
858 1452 964 1500 fingit
991 1453 1051 1488 ista

288 1497 321 1533 se
349 1499 516 1533 audivisse
544 1501 585 1534 ab
615 1502 758 1547 Ugone.
789 1503 835 1535 Er
863 1502 974 1537 dicit:

339 1551 386 1582 Et
414 1549 442 1582 io
468 1550 503 1583 la
528 1549 665 1597 chieggio
691 1565 711 1585 a
735 1551 820 1596 Lui,
847 1572 864 1578 -
890 1572 906 1578 -
933 1572 950 1579 -

289 1597 447 1638 scilicet,
478 1601 575 1635 Deo:
719 1613 722 1617 ’

340 1670 356 1676 -
383 1670 398 1675 -
426 1669 441 1674 -
468 1670 484 1675 -
512 1651 562 1684 che
589 1661 670 1685 tutto
691 1652 849 1699 giuggt'a.

291 1697 400 1740 Idest,
442 1699 625 1747 vindicat3
677 1702 759 1748 quia
795 1703 904 1746 Justus
940 1703 1050 1747 Iudex

291 1747 487 1783 vindi&am
526 1749 613 1784 facit
640 1750 681 1785 de
717 1751 815 1786 omni
853 1754 1051 1800 injustitia.

294 1801 362 1834 Vel
392 1798 533 1842 respicit
560 1800 601 1834 ad
629 1811 780 1836 mortem
804 1802 986 1852 Philippi,
1013 1814 1052 1840 ut

294 1849 384 1886 dicit
410 1849 496 1885 alibi
514 1876 523 1884 .

343 1900 511 1935 Chiamato
533 1901 586 1945 fui
611 1922 883 1931 -------

293 1951 386 1987 Heic
429 1949 513 1999 Ugo
555 1951 749 1989 manifestat
789 1954 823 1990 se
858 1955 893 1990 ἃ
930 1953 1007 1991 suos
1034 1969 1053 1991 a

294 2002 459 2045 nomine,
488 2001 626 2038 dicens:

344 2072 530 2080 -----
555 2054 592 2086 di
618 2056 652 2088 ld
679 2075 695 2080 —
722 2076 738 2081 -
766 2075 782 2082 -
809 2076 825 2082 —
852 2075 868 2082 —
896 2076 912 2082 n

295 2101 403 2143 idest,
431 2101 470 2137 in
498 2101 638 2138 Mundo
665 2105 898 2141 mortalium:

346 2173 533 2180 -----
563 2156 628 2200 Ugo
653 2155 826 2201 Ciapetta.

297 2203 383 2253 Ugo
420 2201 590 2251 praefatus
633 2215 869 2253 cognomento
909 2206 1054 2254 Ciapet-

296 2265 352 2294 ta,
397 2253 465 2289 five
501 2254 672 2301 Caputii‚
714 2255 828 2291 dfflus
855 2255 920 2296 est,
961 2258 1054 2304 quod

297 2304 411 2354 pueris
439 2304 509 2352 ipse
539 2318 621 2352 puer
648 2307 786 2353 caputia
814 2306 898 2342 ludo
923 2307 1054 2343 auferre

297 2356 448 2391 solebat.
497 2353 592 2390 Cum
635 2369 706 2403 quo
744 2356 917 2394 Robertus
959 2358 1054 2394 filius

297 2406 458 2455 regnavit
487 2408 546 2441 XI.
575 2406 696 2449 annis,
734 2406 772 2443 ὅ(
810 2408 880 2455 post
916 2408 1052 2444 obitum

298 2457 405 2505 patris
441 2456 541 2492 annis
591 2459 755 2493 XXXIV.
807 2458 862 2494 vir
912 2458 1053 2507 quidem

297 2508 375 2556 pius
404 2506 441 2543 ὅ(
469 2507 652 2543 literatus.

346 2559 395 2596 Di
413 2572 460 2593 me
473 2558 532 2605 son
552 2558 624 2594 nati
638 2558 650 2593 i
664 2557 814 2608 Filipffl,
840 2573 856 2594 e
879 2559 893 2595 ί
910 2559 1029 2608 Luigi,

1087 1644 1127 1677 D*

1123 1242 1224 1288 ³lia.

1139 351 1196 385 ges
1225 336 1384 384 Philippi
1411 334 1450 372 ἃ
1492 335 1691 372 Ludovici.
1732 338 1825 372 Nam
1854 334 1896 370 de

1141 387 1199 423 ista
1226 386 1430 437 genealogia
1459 386 1564 422 tertia
1592 384 1733 433 Ugonis
1758 385 1898 421 fuerunt

1142 439 1247 474 multi
1285 436 1466 485 Philippi,
1513 435 1598 472 sicut
1646 435 1828 483 Philippus
1869 434 1898 471 Ι.

1143 487 1325 536 Philippus
1353 487 1400 523 II.
1430 486 1613 534 Philippus
1641 485 1707 522 ΠΙ.
1730 484 1900 534 potentis-

1142 538 1263 577 fimus,
1294 537 1523 577 vmoriosus,
1553 537 1737 585 Philippus
1759 538 1821 572 IV.
1846 535 1902 571 di—

1141 589 1218 625 &us
1246 589 1430 631 Nasellus,
1474 587 1659 637 Philippus
1688 589 1732 623 V.
1762 586 1899 635 Philip-

1144 653 1204 689 pus
1232 642 1296 675 VI.
1338 638 1376 675 &
1407 639 1590 687 Philippus
1622 640 1703 674 VII.
1732 638 1821 686 qui,
1862 644 1903 673 ut

1144 690 1265 729 credo,
1307 690 1421 726 dusius
1462 689 1507 727 est
1538 689 1708 725 Pulcher.
1750 691 1803 724 De
1831 701 1901 736 quo

1145 751 1242 776 tanta
1271 742 1362 776 mala
1390 740 1447 776 hic
1487 740 1597 776 dicit.
1639 738 1755 775 Multi
1794 739 1904 774 etiam

1146 790 1324 827 Ludovici
1370 791 1511 827 fuerunt
1546 790 1587 826 de
1632 790 1735 838 stirpe
1779 788 1904 826 Caroli

1146 841 1294 889 Magni,
1323 855 1410 889 quae
1437 840 1566 877 defecit
1586 840 1623 877 in
1649 840 1837 877 Ludovico
1858 842 1904 876 V.

1149 892 1264 928 Postea
1292 892 1333 928 de
1360 892 1461 940 stirpe
1490 891 1632 940 Ugonis
1673 891 1813 927 fuerunt
1840 889 1904 926 alii

1148 942 1358 991 Ludovici3
1396 941 1530 978 scilicet
1567 942 1771 978 Ludovicus
1799 940 1906 976 Gros-

1147 993 1199 1028 sus
1213 1021 1221 1037 ‚
1242 992 1443 1029 Ludovicus
1462 994 1544 1027 VII.
1557 1019 1566 1036 ,
1583 992 1787 1028 Ludovicus
1804 992 1907 1026 VIII.

1148 1044 1209 1091 qui
1238 1043 1307 1079 fuit
1335 1053 1430 1092 pater
1457 1043 1637 1079 Ludovici
1680 1041 1818 1078 Sanffii.
1859 1043 1907 1078 Et

1148 1094 1258 1130 dicit:

1198 1149 1260 1180 Per
1285 1145 1335 1179 cui
1361 1146 1586 1180 novellamente
1609 1146 1625 1178 ὲ
1646 1145 1785 1180 Francia
1805 1153 1906 1179 rena.

1150 1194 1295 1231 Francia
1323 1195 1368 1231 est
1397 1195 1580 1244 provincia
1609 1208 1713 1241 parva
1756 1195 1793 1231 in
1821 1196 1908 1231 Gal-

1276 1260 1364 1294 quae
1410 1247 1538 1282 multas
1580 1245 1665 1282 alias
1708 1245 1908 1294 provincias

1150 1295 1254 1331 habet
1290 1296 1480 1344 lubjeffls‚
1521 1296 1607 1332 ficut
1655 1295 1908 1336 Provinciam,

1151 1347 1411 1395 Burgundiam,
1456 1347 1711 1383 Normandiam
1737 1371 1747 1386 ‚
1792 1347 1908 1382 Picar-

1149 1398 1243 1432 diam
1263 1425 1272 1439 ,
1301 1397 1557 1445 Aquitaniam,
1598 1396 1808 1433 vasconiam
1837 1396 1908 1433 &c.

1152 1448 1287 1483 Deinde
1325 1448 1446 1484 scribit
1486 1448 1519 1484 se
1561 1449 1604 1485 ab
1644 1447 1782 1497 origine
1824 1448 1908 1489 suar,

1150 1498 1291 1533 dicens:

1202 1548 1348 1595 Figliuol
1381 1548 1436 1593 sui
1475 1548 1508 1584 d'
1524 1563 1567 1584 un
1613 1550 1742 1586 Beccaio
1780 1550 1818 1587 di
1842 1553 1911 1586 Pa-

1253 1613 1314 1646 Ylgl
1326 1612 1341 1632 ·'

1152 1652 1199 1685 Et
1233 1649 1312 1685 heic
1340 1658 1444 1694 nota,
1487 1649 1580 1698 quod
1624 1649 1737 1699 aliqui
1765 1650 1911 1696 dicunt,

1152 1700 1245 1747 quod
1274 1699 1332 1736 iste
1360 1699 1430 1736 fuit
1456 1700 1691 1738 nobiliffimus
1732 1700 1843 1737 Miles
1870 1702 1912 1738 de

1155 1750 1397 1786 Normandia.
1427 1751 1554 1799 Aliqui
1573 1778 1583 1791 ,
1611 1752 1704 1800 quod
1733 1751 1801 1787 fuir
1831 1754 1912 1787 Dux

1154 1800 1361 1835 Aureliani.
1398 1802 1462 1836 Sed
1500 1804 1632 1837 Dantes
1670 1801 1912 1838 curiosissimus

1155 1849 1382 1899 investigator
1443 1864 1557 1887 rerum
1624 1851 1867 1887 modernarum
1903 1879 1915 1896 ,

1156 1913 1262 1948 quum
1306 1900 1389 1936 esset
1426 1902 1593 1940 Parifius,
1637 1902 1749 1950 gratia
1789 1900 1915 1946 studii,

1156 1950 1313 1999 reperit,
1349 1951 1441 1997 quod
1470 1951 1530 1987 iste
1560 1954 1640 2000 Ugo
1666 1952 1707 1987 de
1744 1950 1793 1987 rei
1821 1951 1915 1988 veri—

1158 2011 1230 2038 tate
1258 2000 1370 2037 fuerat
1398 2001 1493 2038 filius
1520 2001 1714 2038 carnificis.
1747 2001 1832 2038 Ideo
1861 2016 1916 2039 re-

1158 2061 1260 2100 putat
1301 2050 1422 2088 fiffium
1459 2052 1633 2101 quidquid
1680 2052 1784 2089 aliter
1819 2053 1916 2089 dica-

1158 2112 1237 2146 tur,
1265 2102 1306 2137 ad
1334 2103 1558 2139 colorandam
1586 2103 1765 2151 vilitatem
1806 2103 1918 2153 origi-

1160 2153 1236 2192 nis,
1272 2152 1358 2189 ficut
1395 2152 1499 2189 multi
1528 2153 1683 2191 faciunt.
1719 2155 1767 2189 Et
1802 2154 1919 2203 tangit

1160 2212 1319 2248 tempus,
1347 2203 1489 2253 dicen53

1212 2256 1351 2300 ‚Quando
1375 2255 1403 2289 li
1428 2255 1516 2302 Regi
1540 2255 1662 2291 antichi
1688 2268 1807 2290 venner
1835 2268 1921 2289 meno

1161 2304 1404 2341 descendentes
1443 2319 1462 2340 a
1490 2306 1622 2342 Carolo
1649 2307 1784 2354 Magno
1801 2333 1810 2341 .
1840 2308 1919 2341 Hoc

1162 2365 1276 2390 autern
1307 2355 1375 2392 fuit
1402 2357 1510 2392 Anno
1548 2356 1698 2393 Domini
1725 2358 1921 2393 MCCCC-

1162 2408 1385 2442 LXXXVII.

1212 2457 1308 2491 Tutts‘
1337 2457 1411 2502 suar
1445 2456 1492 2493 cb'
1510 2471 1553 2493 un
1588 2459 1720 2494 rendum
1759 2458 1795 2493 in
1818 2456 1923 2505 panni

1263 2506 1300 2541 b·
1320 2507 1352 2543 i.

1163 2521 1318 2595 Dicuni<g
1325 2557 1437 2608 aliqui
1454 2586 1466 2605 ,
1492 2558 1587 2608 quod
1611 2558 1671 2597 iste
1698 2567 1772 2596 erat
1793 2561 1917 2644 {irater

1791 2638 1805 2645 -
1837 2619 1868 2642 l·
