2216 3105
431 216 513 267 667
737 210 1178 257 BENVENUTI
1220 207 1635 254 IMOLENSIS

1863 217 1947 258 668

374 268 557 315 respondet
584 276 683 305 caute
711 271 743 306 8<
789 271 946 314 honeste,
988 272 1132 311 dicens,
1174 270 1208 305 A
1247 271 1279 302 E
1305 269 1478 305 Guittone:
1513 270 1577 307 Iste
1616 278 1759 308 vocatus
1803 271 1848 307 est
1886 275 2005 309 Frater

373 318 465 366 quod
489 318 689 360 scripserat,
712 321 897 358 secundum
921 324 1015 373 quod
1034 337 1133 360 amor

373 369 524 405 dietavit
552 369 638 407 fibi.
670 373 770 409 Dicit
796 388 903 423 ergo:

425 423 471 454 Et
499 425 527 455 io
553 436 574 456 a
599 422 666 457 lui:
697 445 930 455 ------

375 469 515 518 supple,
543 472 729 520 respondi:

424 541 440 548 -
467 543 482 548 -
509 544 525 549 -
553 525 586 557 Io
613 525 657 558 mt'
676 526 733 569 son
760 541 802 561 un
820 556 830 573 ,
857 529 908 562 che
934 529 1056 576 quando

423 575 542 606 usmare
563 574 672 618 spira,
699 597 928 606 ------

373 621 479 665 idest,
509 623 656 667 inspirat
683 627 793 663 mihi.
822 631 868 663 Et
896 642 965 664 non
994 628 1131 665 intelli-

375 686 433 721 gas
461 675 502 707 de
532 676 663 712 Amore
691 677 832 714 divinae
852 680 1013 719 Gratiae,
1046 680 1131 715 ficut

374 724 516 769 quidam
547 724 633 760 falso
660 728 921 780 exposuerunt;
950 731 1062 767 immo
1088 730 1131 767 de

374 774 508 809 Amore
536 774 689 812 lascivo:

423 843 610 853 -----
637 839 727 872 noto,
754 851 770 856 -
797 851 813 857 -
839 851 855 858 -
881 852 897 859 ·
923 853 940 860 -

373 871 529 920 scilicet,
557 877 595 912 in
625 889 760 915 mente:

423 946 612 955 -----
639 943 654 962 e
679 930 731 964 ω’
757 931 966 978 figmficando

375 983 474 1011 extra
502 990 562 1025 per
590 980 704 1016 versus
733 983 903 1019 Amoris:

423 1047 611 1057 -----
636 1046 657 1066 a
683 1034 753 1078 quel
779 1036 865 1068 modo
881 1061 891 1078 ‚

424 1078 489 1111 Che
514 1081 602 1114 detta
627 1084 735 1117 dentre
761 1105 948 1112 -----

372 1126 529 1169 scilicet,
558 1130 741 1168 secundnm
766 1133 836 1183 ipse
857 1137 971 1171 Amor
991 1135 1132 1172 inflam-

373 1188 552 1233 mat-me,
591 1181 676 1218 ficut
703 1183 792 1219 olim
832 1187 966 1234 Apollo
993 1186 1132 1222 diceba-

373 1237 430 1263 tur
459 1239 587 1267 mtrare
614 1234 752 1279 peg’tora
780 1238 986 1279 Poe-sarum,
1015 1235 1053 1272 &
1078 1237 1131 1273 di·

373 1279 465 1315 &are
494 1283 676 1319 materiam
706 1285 940 1323 scribendam.
979 1290 1027 1323 Er
1054 1288 1131 1324 heic

375 1340 481 1374 nota,
509 1334 602 1377 quod
630 1335 717 1371 olim
747 1336 815 1373 fuit
836 1338 1057 1374 solummodo
1078 1338 1131 1374 di—

374 1380 511 1437 §kamen
541 1384 698 1422 Literale
725 1397 797 1422 tam
827 1389 863 1424 in
894 1389 995 1424 Prosa
1026 1390 1129 1436 quam

373 1443 411 1466 m
453 1434 594 1470 Metro.
633 1437 749 1473 Postea
791 1438 881 1474 forte
917 1453 934 1474 a
972 1440 1130 1474 ducentis

373 1482 491 1518 Annis
533 1484 620 1520 citra
662 1487 846 1524 inventum
884 1489 928 1523 est
956 1489 1130 1524 &gramen

374 1534 547 1581 Vulgare.
590 1538 636 1571 Et
663 1537 732 1573 fuit
759 1552 776 1573 a
806 1539 980 1586 principio
1008 1540 1132 1575 inven-

375 1590 450 1617 tum
489 1598 549 1631 pro
587 1587 732 1623 materia
774 1590 924 1625 amoris.
967 1590 1029 1625 Sed
1073 1590 1131 1624 hic

376 1633 482 1667 Poeta
519 1634 631 1681 ipsum
677 1638 888 1675 mirabiliter
938 1640 1048 1675 traxit
1091 1639 1130 1674 ad

375 1683 557 1719 materiam
601 1685 891 1735 honestiffimam,
938 1690 1051 1738 qualis
1087 1689 1132 1725 est

375 1732 412 1768 in
442 1733 501 1768 suo
532 1736 714 1773 PoEmate:

424 1788 451 1816 Ο
478 1786 575 1818 Frate
589 1810 599 1825 ‚
627 1808 856 1818 ------

377 1834 468 1869 Heic
507 1836 611 1870 Poeta
647 1837 816 1877 ostendit,
858 1839 1035 1887 quomodo
1064 1841 1132 1874 Bn-

375 1883 543 1931 nagiunta
580 1888 724 1923 extollit
760 1903 866 1929 eum,
903 1889 940 1926 &
984 1890 1042 1926 dat
1070 1889 1130 1925 fibi

377 1935 526 1981 palmam
574 1935 671 1984 super
722 1953 843 1975 omnes
889 1951 1133 1990 contempora-

375 1997 458 2019 neos
486 1985 712 2025 inventores.
743 1991 844 2026 Unde
871 1991 980 2027 dicit:

425 2056 611 2064 -----
638 2039 787 2087 diss'egli
812 2063 828 2069 —
854 2063 871 2068 -
897 2063 914 2069 —
940 2063 956 2068 -
981 2062 998 2069 -
1023 2062 1040 2069 <-

376 2085 438 2121 ille
466 2086 600 2123 scilicet
629 2090 870 2137 Bonagiunta.

426 2158 442 2163 -
468 2158 484 2164 -
511 2159 526 2164 -
553 2159 569 2164 -
598 2139 654 2185 iffa
679 2142 775 2185 vqu’
787 2143 816 2176 r'o
825 2163 1006 2182 -----

378 2186 484 2228 idest,
512 2202 603 2225 nunc
631 2190 735 2227 video
763 2192 800 2229 &
829 2192 1021 2243 cognosco:

427 2259 443 2264 —
469 2261 484 2266 —
511 2261 526 2266 -
553 2262 570 2267 -
597 2240 622 2274 il
649 2244 746 2280 nodo,

380 2288 482 2332 idest,
511 2290 831 2335 impedimentum:
1161 2284 1167 2366 Ι

428 2341 528 2374 Che‘t
557 2342 696 2392 Notajc),
724 2358 740 2378 e
766 2346 915 2379 Gm'ttone
931 2368 941 2384 ,
978 2358 993 2378 e
1020 2358 1066 2378 me
1093 2344 1138 2378 νῐ-

479 2402 569 2426 rexne

378 2439 441 2475 Iste
469 2452 614 2479 vocatus
650 2445 694 2479 est
733 2446 878 2488 jacobus
907 2444 948 2479 de
976 2444 1136 2479 Allenti-

377 2503 443 2527 no,
473 2492 505 2526 8<
536 2506 595 2540 pei·
620 2496 868 2530 excellentiam
899 2505 1038 2536 propter
1060 2508 1136 2536 per-
1162 2513 1165 2552 1

377 2539 566 2579 {emonem
594 2545 694 2580 Artis
722 2546 835 2582 dietus
872 2545 916 2581 est
945 2545 1133 2582 Notarius.
1162 2562 1165 2569 =

1219 2546 1345 2577 ‘reum
1395 2536 1601 2584 majestatis.

1246 320 1438 356 Guittonus
1491 321 1532 357 de
1574 322 1701 358 Aretio
1748 322 2000 371 pulcherrimus

1246 370 1411 407 inventor
1446 371 1484 407 in
1521 373 1661 422 Lingua
1699 382 1853 408 materna
1878 397 1889 412 ,
1929 386 2001 410 non

1246 429 1317 456 tam
1345 422 1480 458 ratione
1500 423 1591 466 stili,
1619 424 1721 472 quam
1745 423 1905 472 gravium
1928 423 2002 459 sen-

1246 470 1435 508 tentiarum
1452 497 1462 512 ,
1490 474 1615 521 quibus
1643 474 1719 510 usus
1739 475 1783 509 est
1802 474 1903 509 nudis
1926 488 2002 510 ver-

1248 521 1324 557 bis.
1351 524 1462 572 Cujus
1494 525 1640 560 Librum
1669 539 1733 574 ego
1761 525 1857 560 vidi.
1898 527 1931 559 Ε
1958 539 2004 560 me

1247 572 1385 612 menne,
1414 574 1548 609 scilicet
1566 601 1575 618 ‚
1603 576 1862 623 Bonagiuntam

1297 623 1345 657 Di
1370 626 1432 670 qud
1457 625 1514 658 dal
1539 625 1621 658 dolce
1649 626 1725 667 stile
1751 639 1871 666 nuovo,
1912 625 1956 660 ch'
1974 625 2003 660 ίο

1347 675 1422 707 odo.

1248 721 1352 757 Circa
1379 722 1493 757 stilum
1522 723 1673 758 nostrum
1702 723 1860 760 dulcem.
1897 725 2003 770 Quasi

1247 771 1361 807 dicat:
1402 774 1531 808 Nullus
1558 773 1705 808 nostrum
1749 774 1867 820 potuit
1893 774 2003 809 attin-

1247 835 1325 870 gere
1365 823 1477 859 altum
1513 825 1547 859 &
1588 824 1831 860 delefi‘cabilem
1859 824 2002 860 modum

1248 872 1399 909 Dantis.

1495 926 1558 960 Ad
1585 925 1666 970 Vers.
1695 929 1754 963 82.

1296 979 1339 1008 Or
1364 987 1430 1017 va,
1466 975 1540 1020 diss’
1552 976 1606 1015 ei,
1642 978 1694 1011 che
1728 976 1820 1023 quei,
1859 977 1909 1010 che
1940 976 2000 1023 plia

1347 1024 1432 1060 n’ba
1458 1028 1544 1073 calpa
1571 1027 1637 1061 &a

1248 1074 1337 1111 Heic
1367 1077 1471 1111 Poeta
1499 1076 1647 1112 ostendit
1681 1077 1714 1112 &
1745 1076 1846 1124 ponit
1880 1075 2001 1111 conso-

1247 1126 1416 1162 lationem
1446 1126 1573 1162 Forefii
1611 1126 1709 1175 super
1749 1127 2001 1162 desolationem

1248 1177 1400 1224 patriae,
1427 1177 1567 1217 dicens,
1587 1178 1680 1225 quod
1709 1177 1781 1213 cito
1809 1177 1930 1214 veniet
1950 1178 2003 1225 ju-

1247 1227 1378 1264 dicium
1419 1228 1486 1263 Dei
1529 1228 1627 1276 super
1666 1228 1797 1272 illum,
1840 1229 1873 1263 &
1914 1240 2001 1274 quae

1247 1278 1314 1313 erit
1342 1278 1439 1314 causa
1467 1280 1500 1314 8<
1529 1279 1733 1328 principalis
1761 1277 1882 1314 aufikor
1908 1277 2002 1313 istius

1249 1329 1476 1365 turbationis.
1504 1331 1550 1365 Et
1578 1330 1618 1365 ad
1642 1328 1917 1378 intelligentiam
1938 1327 2002 1363 hu-

1247 1380 1298 1427 jus
1313 1379 1435 1415 literae
1446 1405 1457 1419 ‚
1484 1394 1572 1428 quae
1588 1380 1710 1416 multis
1726 1380 1865 1415 videtur
1881 1377 2002 1413 obscu-

1247 1443 1307 1473 ra,
1347 1430 1390 1465 est
1418 1430 1623 1473 sciendum,
1665 1430 1758 1477 quod
1795 1428 1937 1465 Cursms
1965 1428 2006 1464 de

1247 1479 1397 1514 Donatis
1425 1479 1534 1514 Miles
1563 1479 1820 1527 probatiffimus
1860 1478 2003 1521 animo,

1247 1542 1374 1571 manu,
1401 1530 1434 1563 3<
1463 1529 1603 1577 lingua,
1643 1530 1704 1576 qui
1732 1529 1890 1576 princeps
1921 1529 2002 1564 Par-

1247 1579 1292 1614 tis
1322 1578 1480 1626 Nigrae,
1517 1579 1676 1614 reduetus
1718 1579 1754 1613 in
1783 1579 2001 1614 Florentiam

1247 1643 1304 1676 per
1340 1630 1509 1664 carolum
1546 1629 1755 1664 Sine-Terra
1800 1628 2001 1675 deposuerat

1249 1682 1384 1715 Partem
1415 1680 1567 1721 Albam,
1604 1691 1712 1725 quum
1755 1678 1835 1712 effet
1863 1678 1899 1712 in
1928 1691 2001 1714 ma-

1246 1744 1314 1778 gno
1352 1728 1436 1763 flore
1472 1730 1505 1763 δε
1544 1737 1749 1774 potentatu,
1804 1727 1913 1763 fastus
1958 1729 2003 1764 est

1247 1778 1416 1827 suspeffius
1459 1779 1657 1826 regentibus
1700 1779 1901 1824 Populum,
1945 1781 2002 1815 vel

1247 1831 1329 1877 quia
1369 1829 1554 1864 videbatur
1595 1829 1658 1864 effe
1694 1829 1889 1871 Dominus,
1931 1843 2002 1865 non

1248 1880 1395 1928 Socius3
1435 1880 1490 1915 vel
1527 1879 1609 1926 quia
1638 1879 1822 1914 videbatur
1849 1892 1918 1914 non
1947 1880 2000 1916 di—

1249 1945 1313 1980 gne
1342 1929 1506 1971 melan-i,
1547 1943 1654 1976 quum
1684 1929 1798 1964 fuisset
1825 1943 2004 1977 recupera·

1249 1993 1304 2018 tor
1332 1981 1445 2017 Partis
1474 1980 1628 2029 Nigrae3
1673 1979 1726 2015 sed
1756 1980 1936 2028 praecipue
1963 1994 2003 2015 o-

1249 2032 1362 2068 diosus
1410 2032 1568 2078 Populo,
1615 2030 1696 2077 quia
1743 2030 1852 2065 fafiius
1893 2030 2006 2068 fuerat

1250 2086 1350 2118 Socer
1378 2080 1609 2130 Uguiccionis
1637 2081 1677 2115 de
1706 2081 1848 2129 Fagiola
1879 2081 2006 2116 Domi-

1250 2134 1286 2168 ni
1317 2132 1494 2175 Pisamm,
1525 2130 1754 2172 potentiffimi
1791 2131 1893 2167 bostis
1922 2134 2004 2167 Flo-

1250 2183 1490 2220 rent³norum.
1518 2183 1636 2226 Quare
1664 2182 1843 2218 concitato
1871 2183 2004 2218 tumul-

1251 2245 1289 2270 tu
1332 2233 1481 2282 Populi,
1523 2233 1684 2268 timentis
1726 2232 1916 2268 animosam
1946 2246 2004 2268 au-

1251 2284 1384 2320 daciam
1413 2284 1508 2332 ejuS‚
1545 2283 1581 2318 in
1610 2283 1724 2319 furore
1760 2283 1827 2319 fuit
1856 2284 2005 2324 citatus,

1252 2335 1436 2378 bannitus,
1473 2331 1509 2368 ἃ
1548 2335 1796 2369 condemnatus
1834 2334 1871 2369 in
1900 2348 2003 2383 parva

1251 2386 1354 2421 hora.
1405 2385 1472 2420 Sub
1516 2385 1660 2420 Vexillo
1702 2385 1883 2428 Jussitiae,
1925 2399 2003 2420 cum

1253 2437 1443 2475 Potcstate‚
1471 2435 1689 2482 capitaneo.
1717 2437 1749 2470 8<
1779 2436 1858 2471 aliis
1886 2434 2006 2483 Magi-

1250 2488 1408 2524 stratibus
1436 2486 1526 2521 itum
1556 2486 1600 2520 est
1627 2487 1666 2522 ad
1696 2501 1797 2531 eum,
1825 2497 2002 2531 tamquam

1654 2538 1729 2581 Qui
1774 2535 2005 2585 praesentiens

1841 2598 1952 2632 impe·
