2216 3105
298 212 373 253 301

235 306 338 348 buit,
378 302 516 350 quando
558 301 651 336 vidit
693 300 725 335 se
768 313 837 335 non
866 299 988 335 habere

232 355 295 392 nisi
322 354 362 388 de
390 353 559 388 ciceribus
586 353 620 386 3<
648 351 689 386 de
718 350 894 399 pisciculis
919 352 989 385 Ar-

232 405 290 441 ni.
318 406 364 439 Et
391 402 561 438 continuo
588 402 752 450 concepit
779 400 890 436 facere
911 400 988 435 vin-

231 455 361 490 diuam
403 453 444 489 de
486 453 698 488 Blondello.
745 452 831 487 Post‘
863 464 988 499 paucos

230 516 313 552 ergo
354 504 426 539 dies
463 503 533 539 ivit
569 503 718 539 ciaccus
758 503 794 537 in
833 504 987 541 Forum,

232 556 292 591 ubi
329 568 370 590 ex
409 553 488 589 alis
533 553 691 589 Ribaldis
719 552 826 600 elegit
853 566 988 596 unum,

231 605 294 653 qui
323 605 414 641 viius
443 604 488 640 est
514 604 642 639 habilis
669 603 730 639 fibi
759 603 799 639 ad
827 602 862 639 id
896 581 988 651 quod

232 656 393 691 volebat.
423 657 469 690 Et
495 656 680 703 explorans
708 654 749 690 ab
777 665 838 693 e0‚
867 652 889 688 fi
917 662 988 688 erat

234 707 320 741 bene
362 705 465 753 agilis
506 705 543 741 in
585 705 692 754 pede
734 703 890 753 promisit
928 703 987 739 fibi

234 770 342 792 unum
371 756 555 798 Groffum,
592 755 614 790 fi
655 755 782 790 faceret
810 754 902 802 quod
932 768 989 802 pe-

232 808 352 842 tebat.
381 806 554 855 Imposuit
581 819 663 854 ergo
690 805 773 850 fibi,
802 805 895 853 quod
923 805 989 840 iret

235 857 276 892 ad
305 859 455 906 Logiam
487 856 762 901 Adimaromm,
805 869 883 890 cum
921 869 990 890 uno

236 906 338 942 flasco
382 908 494 943 vitreo
535 907 572 942 in
615 920 743 949 manu,
785 907 820 941 ἃ
861 905 991 941 dicerer

235 957 343 993 Domi
350 971 394 992 no
439 957 605 1006 Philippo
660 959 754 1005 Arge
758 957 811 992 nti
833 983 843 999 ‚
897 957 990 1003 quod

236 1009 440 1043 Blondellus
477 1008 641 1043 mittebat
677 1021 776 1045 eum,
817 1007 851 1040 &
893 1020 992 1055 roga—

237 1059 322 1101 bat,
359 1057 452 1105 quod
494 1057 672 1093 rubinaret
713 1056 773 1092 fibi
816 1057 904 1091 illud
933 1071 992 1092 vas

236 1121 315 1143 cum
344 1107 404 1143 suo
431 1107 537 1147 vino,
571 1108 654 1155 quia
682 1109 823 1142 volebat
852 1107 992 1142 solatia-

235 1159 267 1194 ri
314 1171 393 1194 cum
440 1158 643 1206 quibusdam
685 1157 753 1193 suis
795 1157 991 1193 zacarinis.

235 1208 311 1245 Ivit
346 1221 429 1257 ergo
470 1208 528 1244 iste
558 1208 726 1244 Ribaldus
755 1209 854 1257 plene
882 1207 992 1243 infor-

235 1267 348 1293 matus
370 1272 388 1293 a
410 1258 541 1293 Ciacco
556 1286 566 1299 ,
595 1258 756 1305 sequente
780 1258 910 1294 Ciacco
934 1272 993 1305 pa-

234 1320 310 1343 rum
340 1321 356 1342 a
386 1308 510 1355 longe.
547 1310 594 1342 Et
634 1307 719 1343 fecit
746 1307 989 1343 ambasciatam

234 1357 393 1393 Domino
424 1358 589 1406 Philippo
631 1372 674 1393 ex
703 1367 797 1405 parte
827 1358 992 1393 Blondel-

232 1409 282 1443 li.
310 1410 366 1443 ‘Et
393 1407 507 1443 statim
546 1407 703 1457 aufugit,
749 1421 791 1443 ne
832 1408 894 1443 ille
922 1409 991 1456 jam

232 1458 411 1507 insurgens
454 1459 615 1507 injiceret
657 1471 798 1493 manum
827 1457 864 1493 in
892 1472 990 1493 eum.

231 1509 404 1553 Ciaccus,
441 1510 502 1556 qui
542 1518 726 1544 notaverat
753 1517 892 1551 totum,
933 1509 991 1543 de-

232 1559 286 1594 dit
314 1559 493 1595 denarium
523 1559 695 1599 Ribaldo,
723 1560 756 1594 8(
779 1559 909 1603 recepit
930 1558 991 1594 fla-

232 1609 326 1644 scum
358 1607 453 1645 suurn
471 1637 480 1645 .
523 1612 568 1645 Et
595 1609 664 1645 fine
701 1623 797 1645 mora
825 1609 920 1648 ivit,
956 1612 989 1644 8(

233 1659 373 1694 invenit
401 1660 648 1699 Blondellum,
677 1660 733 1695 cui
754 1660 869 1700 dixit,
897 1660 988 1708 quod

234 1709 408 1744 Dominus
466 1710 650 1757 Philippus
708 1710 858 1746 faciebat
911 1724 988 1746 eum

233 1759 372 1807 quaeri.
409 1758 526 1805 Quare
566 1759 638 1807 ipse
679 1760 882 1796 Blondellus
921 1761 990 1796 ivit

234 1811 351 1844 versus
370 1811 519 1858 Logiam
539 1810 809 1846 Adimarorum.
825 1810 990 1847 EtCiac-

233 1873 292 1895 cus
320 1860 482 1908 sequutus
509 1861 553 1895 est
581 1874 682 1904 eum,
719 1861 919 1909 exspectans
955 1875 990 1897 e-

234 1920 379 1946 ventum
422 1911 492 1946 rei.
535 1911 598 1946 Sed
637 1912 811 1947 Dominus
853 1911 990 1960 Philip-

232 1974 323 2006 pus,
369 1961 430 2008 qui
474 1975 543 1996 non
586 1971 745 2009 potuerat
787 1962 990 2011 contingere

233 2011 482 2051 baratterium,
521 2012 627 2047 stabat
666 2022 762 2048 totus
805 2013 988 2057 turbatus,

233 2062 265 2094 ὅ(
295 2061 435 2096 rodebat
462 2062 495 2096 se
522 2062 634 2110 ipsum
664 2063 699 2098 in
729 2063 869 2103 animo,
910 2063 989 2098 exi-

233 2110 372 2145 stimans
390 2135 398 2149 ‚
439 2114 530 2158 quod
560 2113 762 2148 Blondellus
791 2114 831 2149 ad
860 2114 986 2158 post-arn

234 2161 380 2209 alicujus
423 2161 551 2197 feciffet
592 2162 651 2197 sibi
693 2163 781 2198 hanc
822 2165 986 2200 truffarn.

232 2213 278 2245 Fr
324 2225 402 2246 ecce
451 2212 594 2247 interim
633 2214 876 2250 Blondellum.
917 2216 986 2251 Cui

233 2261 346 2297 statim
378 2262 552 2298 Dominus
596 2263 778 2312 Philippus
817 2264 914 2299 venit
950 2265 986 2300 in

232 2312 433 2348 occursum.
462 2315 508 2348 Et
535 2327 640 2360 quum
665 2315 868 2350 Blondellus
888 2315 986 2361 igna-

231 2377 288 2398 rus
316 2362 444 2398 fraudis
472 2363 582 2399 factae
611 2374 731 2399 contra
759 2378 860 2407 eum,
897 2365 986 2402 salu-

231 2423 319 2449 taret
348 2415 472 2453 illum,
504 2414 708 2462 Philippus,
736 2416 891 2463 quierat
911 2430 986 2452 cor-

232 2478 313 2511 pore
342 2478 509 2513 magnus,
551 2465 680 2505 fortis,
717 2464 754 2501 ἃ,
796 2465 985 2506 nervosus,

230 2515 414 2550 iracundus
455 2514 491 2551 ὃ(
539 2516 724 2565 indignans
775 2517 870 2552 dedit
924 2516 986 2553 fibi

231 2579 308 2601 cum
348 2580 464 2616 pugno
510 2579 674 2616 magnum
713 2567 824 2603 i5³cum
862 2567 898 2603 in
940 2567 1020 2612 fai-1

586 190 888 233 COMMENT.
919 191 984 233 IN
1012 187 1239 232 DANTIS
1265 185 1508 228 COMOED.

231 255 297 291 Sed
325 254 439 290 multo
474 251 641 299 majorem
679 249 890 285 delusionem
928 249 988 284 ha—
1022 251 1072 285 Αι
1101 248 1211 282 ciem.
1247 248 1293 280 Et
1335 244 1522 279 Blondello
1551 244 1748 279 clamante:

1719 201 1796 241 302

1790 248 1859 279 Heu

1099 297 1167 331 me!
1202 299 1255 341 0.·’
1260 295 1294 329 id
1320 297 1360 337 cst
1388 295 1466 333 hos,
1505 294 1640 329 Domine
1666 296 1738 328 mi?
1776 294 1840 329 Phi
1843 316 1858 321 -

1099 348 1215 394 lippus
1243 344 1500 393 apprehendens
1529 357 1610 380 eum
1640 357 1698 391 per
1725 344 1857 383 crines,

1101 396 1237 446 abjecto
1279 395 1420 443 caputio
1447 422 1456 439 ‚
1507 393 1719 430 fulminabat
1760 394 1856 442 super

1100 460 1179 483 eum
1203 460 1327 485 manu,
1355 444 1393 481 ὅ(
1414 445 1533 494 lingua
1554 445 1748 480 clamabat:
1780 449 1857 479 Pro-

1101 499 1150 533 dit
1140 499 1206 531 or'
1233 500 1304 532 bene
1330 496 1475 536 videhis,
1503 496 1582 543 quid
1608 496 1648 538 est
1668 495 1859 542 hoc.‚Qz1-a

1071 553 1074 565 ¹
1104 563 1134 583 re
1161 548 1308 583 rufinam
1335 547 1436 581 mittis
1462 557 1497 580 tu
1524 547 1567 581 ad
1593 549 1667 580 me?
1695 549 1780 579 Bene
1807 559 1860 580 ru—

1103 599 1217 635 binabo
1243 609 1291 633 te.
1335 598 1502 632 Videor-ne
1536 597 1598 631 tibi
1622 608 1698 644 puer
1725 595 1860 630 irriden—

1103 651 1194 684 dus?
1231 651 1276 684 Et
1313 647 1356 683 sle
1383 647 1531 683 dicendo
1559 646 1663 696 fregit
1691 646 1751 681 fibi
1780 660 1860 681 cum

1104 700 1228 748 pugnis
1256 699 1344 737 suis,
1381 698 1442 746 qui
1473 698 1679 734 videbantur
1706 696 1767 732 fibi
1795 696 1861 732 fer—

1105 751 1152 786 rei
1171 778 1180 794 ‚
1221 759 1338 786 totum
1368 749 1508 787 visum.
1548 751 1580 784 &
1611 757 1727 784 totum
1757 756 1861 795 caput

1105 801 1291 850 repilavit,
1334 801 1526 835 vol-itanlo
1569 798 1680 847 ipsum
1721 812 1778 847 per
1805 799 1860 834 lu-

1105 861 1206 887 tum.
1234 854 1281 886 Et
1309 864 1387 886 cum
1416 860 1491 885 tant
1495 865 1515 885 0
1543 850 1636 885 furor
1640 863 1657 885 e
1685 849 1862 895 repetebat

1107 903 1269 945 verbena,
1290 901 1383 949 quod
1404 913 1593 948 numquam
1615 900 1732 943 potuit
1754 900 1860 934 Blon-

1107 952 1217 988 delius
1253 952 1366 987 dicere
1409 964 1516 986 unum
1557 951 1701 986 verbum
1733 949 1772 986 ad
1802 963 1861 985 ve-

1107 1016 1178 1038 ram
1201 1002 1250 1038 sui
1272 1002 1530 1038 excusationem
1545 1029 1552 1037 .
1582 1003 1732 1037 Demnm
1754 1014 1863 1048 quum

1108 1054 1282 1088 multaffet
1318 1066 1397 1088 eum
1435 1052 1555 1088 multis
1597 1051 1720 1096 buffis,
1758 1051 1864 1087 multi

1109 1112 1352 1139 concurrentes
1401 1116 1481 1138 curn
1538 1102 1696 1138 maximo
1746 1102 1864 1137 labore

1108 1163 1335 1189 extraxerunt
1371 1154 1474 1188 illurn
1512 1153 1553 1188 de
1581 1153 1740 1188 manibus
1769 1151 1864 1197 suis,

1107 1205 1141 1240 8<
1169 1205 1332 1240 dicebant
1360 1203 1569 1245 Blondello,
1598 1204 1690 1250 quod
1718 1203 1790 1249 ipse
1815 1202 1865 1238 fa-

1108 1264 1166 1290 tue
1193 1264 1309 1303 egerat
1337 1254 1511 1290 mittendo
1540 1255 1698 1289 Domino
1727 1253 1865 1302 Philip-

1109 1319 1152 1353 po
1180 1305 1367 1340 Ribaldum
1411 1318 1489 1340 cum
1519 1303 1620 1340 flasco
1661 1306 1694 1339 8<
1723 1303 1864 1349 truffis,

1107 1355 1189 1402 quia
1218 1356 1302 1390 bene
1330 1356 1475 1390 debe-bat
1512 1355 1621 1394 scire,
1660 1355 1752 1402 quod
1791 1357 1864 1390 Do-

1108 1405 1223 1440 minus
1253 1405 1435 1452 Philippus
1455 1418 1524 1440 non
1545 1416 1618 1441 erat
1644 1406 1749 1440 homo
1771 1415 1846 1441 mot
1849 1428 1864 1432 -

1106 1455 1293 1490 tezandus.
1327 1456 1532 1491 Blondellus
1562 1466 1677 1491 autem
1702 1457 1863 1505 plorans,

1106 1505 1291 1541 excusabat
1317 1505 1376 1550 se,
1414 1505 1506 1563 quod
1544 1512 1734 1553 numquam
1764 1507 1866 1542 mise-

1105 1565 1159 1591 iat
1185 1556 1227 1591 ad
1255 1569 1333 1591 eum
1363 1570 1424 1604 pro
1453 1556 1562 1591 vino.
1590 1558 1636 1592 Et
1664 1557 1738 1592 stat‘
1729 1570 1777 1592 ιιιι
1807 1570 1866 1592 co-

1105 1606 1258 1654 giravit,
1279 1606 1345 1641 hoc
1366 1606 1495 1642 faRum
1517 1606 1615 1643 fuisse
1636 1608 1738 1654 operi
1758 1607 1862 1643 ciac-

1106 1657 1137 1692 ci
1155 1683 1165 1697 ‚
1194 1657 1275 1704 quia
1303 1656 1542 1692 solicitaverat
1569 1670 1674 1697 eum,
1716 1667 1754 1693 ut
1797 1658 1865 1693 iret

1105 1708 1145 1742 ad
1176 1707 1370 1743 Dominum
1401 1707 1626 1757 Philippum.
1656 1708 1791 1744 Deinde
1812 1722 1864 1744 re—

1105 1757 1305 1797 focillatus,
1342 1759 1495 1794 reversus
1522 1759 1567 1794 est
1595 1759 1761 1798 domum,
1804 1759 1864 1794 ubi

1106 1809 1262 1853 pluribus
1290 1808 1410 1844 diebus
1438 1809 1554 1853 stetit,
1591 1808 1674 1857 quia
1702 1823 1770 1844 non
1801 1823 1864 1858 po-

1105 1859 1177 1894 tuit
1204 1873 1364 1907 apparere
1392 1859 1496 1895 tristis
1524 1861 1556 1894 &
1583 1860 1724 1895 dolens.
1751 1862 1863 1896 Tam-

1105 1910 1182 1945 dem
1212 1910 1388 1958 egrediens
1416 1910 1570 1946 occurrit
1606 1910 1762 1950 Ciacco,
1802 1910 1863 1959 qui

1107 1940 1262 2006 petivit),
1290 1961 1392 2008 quale
1419 1959 1531 1996 fuerat
1559 1961 1680 1997 vinum
1714 1961 1861 1998 Dumini

1106 2010 1283 2059 Philippi.
1313 2010 1517 2046 Blondellus
1545 2010 1703 2057 respondi
1709 2020 1741 2046 t.
1771 2012 1828 2054 Vis
1815 2026 1861 2046 ae

1029 2065 1055 2098 E
1100 2060 1228 2106 fuissent
1254 2061 1319 2095 tibi
1353 2064 1546 2107 Lampredae
1582 2063 1713 2096 Domini
1739 2062 1864 2103 Cursit'.

1105 2113 1208 2147 Tunc
1236 2110 1387 2147 Ciaccus
1415 2111 1592 2148 subridens
1619 2112 1737 2148 dixit:
1769 2115 1805 2147 In
1834 2123 1862 2146 te

1104 2163 1211 2197 amodo
1229 2162 1317 2204 stat,
1338 2162 1370 2203 st'
1395 2163 1498 2202 velis,
1526 2163 1604 2196 mihi
1630 2166 1703 2197 dare
1723 2173 1787 2198 tam
1809 2162 1862 2198 be-

1105 2226 1142 2247 ne
1167 2213 1210 2247 ad
1236 2214 1421 2247 bibendum.
1451 2213 1508 2248 Ad
1537 2213 1748 2261 propositum
1780 2227 1860 2258 ergo

1106 2262 1207 2307 vide,
1235 2263 1386 2310 qualiter
1414 2263 1598 2311 Philippus
1627 2264 1776 2313 Argenti
1799 2278 1860 2312 pro

1104 2327 1171 2349 una
1199 2326 1288 2349 vana
1316 2314 1405 2349 buffa
1435 2314 1644 2350 distratiavit
1674 2314 1860 2350 crudeliter

1104 2365 1213 2400 vilem
1241 2364 1515 2400 homuncionem
1544 2379 1603 2413 per
1638 2366 1752 2401 lutum
1781 2377 1859 2400 cum

1104 2414 1242 2450 furore.
1279 2414 1364 2450 Ideo
1401 2415 1486 2451 bene
1522 2428 1613 2451 nunc
1651 2415 1861 2451 distratiatur

1106 2465 1248 2508 viliter,
1276 2474 1315 2500 ut
1342 2465 1437 2500 canis
1464 2465 1602 2502 rabidus
1630 2467 1672 2501 ab
1700 2466 1779 2501 aliis
1805 2478 1859 2499 ca-

1070 2524 1077 2604 ΙΙ
1102 2516 1204 2552 nibus
1233 2528 1292 2563 per
1319 2516 1412 2551 triste
1440 2529 1587 2552 coenum
1616 2516 1811 2600 Infernasljd.
