2216 3105
344 276 381 314 ἂ
410 281 564 323 nantes,
605 278 675 317 fuit
710 281 817 318 homo
845 284 998 319 multum
1027 282 1101 330 spe-

342 330 540 370 culativus,
568 331 808 380 tardiloquus,
836 333 967 369 faciens
991 333 1100 370 subti-

342 379 391 415 lia
417 381 452 415 8<
479 379 592 417 subita
623 381 816 419 schemata.
858 383 1005 420 Accidit
1042 397 1102 420 au-

342 440 414 466 tem
430 459 437 470 .
465 431 559 479 quod
581 431 685 469 semel
708 434 826 470 Guido
847 435 1101 484 cogitabundus

341 481 587 518 deambulabat
614 484 705 520 solus
731 485 831 533 juxta
858 486 1022 521 Sanffium
1042 488 1101 529 Jo—

342 531 492 568 hannem
535 532 572 568 in
615 534 820 571 Florentia.
869 538 915 571 Et
958 536 1101 584 quidam

344 582 454 618 M=1es
483 585 708 620 Florentinus
736 585 880 621 nomine
911 589 1034 622 Bettus
1061 586 1102 621 de

343 633 584 670 Bruneleschis
624 634 869 683 superveniens
905 650 985 673 cum
1022 635 1101 672 aliis

342 682 469 726 sociis,
498 686 667 720 clamavit
693 685 793 733 super
819 700 921 730 eum,
957 687 1099 722 dicens:

343 737 442 774 Ecce,
471 748 486 768 0
512 736 617 769 Guido
633 763 643 778 ‚
670 748 764 782 quum
791 747 916 771 tantum
942 738 1103 784 cogitave-

344 784 409 823 ris,
450 788 532 831 quod
573 785 733 820 inveneris
773 790 876 822 Deum
917 801 978 822 non
1020 786 1075 834 effe
1092 814 1102 831 ‚

342 835 421 882 quid
444 835 579 877 feceris?
618 835 694 873 Cui
733 837 853 873 Guido
892 838 1023 887 praesto
1050 851 1102 874 re-

344 886 510 932 spondit:
541 888 698 927 Domini,
737 888 862 932 potestis
901 890 1000 924 dicere
1026 889 1105 924 mihi

338 935 434 981 juxta
460 941 584 972 domum
610 939 743 980 vestram
784 940 943 986 quidquid
977 941 1104 984 placet.

343 988 390 1022 Et
419 987 589 1024 continuo
615 989 775 1025 evolavit
802 1003 821 1025 a
848 989 937 1026 facie
961 1003 1103 1034 eorum,

344 1037 429 1083 quia
470 1049 545 1075 erat
585 1039 766 1087 agillimus
812 1050 854 1077 ut
903 1042 1103 1090 capreolus.

344 1090 446 1124 Tunc
475 1089 532 1125 illi
560 1089 782 1138 respicientes
810 1105 896 1128 unus
933 1093 1103 1131 alterum,

344 1148 532 1185 coeperunt
571 1140 709 1185 dicere,
749 1142 842 1189 quod
885 1142 1004 1178 Guido
1031 1151 1105 1178 erat

343 1203 430 1225 unus
458 1190 675 1235 immemor,
716 1192 799 1241 quia
826 1191 889 1233 id,
930 1193 1024 1241 quod
1051 1206 1104 1228 re—

343 1240 548 1288 sponderat,
575 1241 670 1278 nihil
691 1243 874 1291 portabat,
903 1257 1011 1291 quum
1033 1256 1102 1279 non

345 1290 486 1327 haberet
513 1293 590 1341 plus
617 1292 730 1329 facere
756 1293 836 1337 ibi,
863 1308 968 1342 quam
997 1294 1104 1330 ceteri

347 1340 458 1378 Cives
474 1367 484 1382 ‚
505 1356 568 1378 nec
587 1342 707 1379 Guido
729 1345 844 1380 minus
858 1373 867 1389 ,
895 1359 1000 1393 quam
1021 1345 1103 1394 ipsi.

345 1391 486 1438 Quibus
514 1394 690 1429 Dominus
718 1397 842 1431 Bettus
878 1395 996 1432 dixit:
1041 1399 1106 1431 Im·-

345 1456 392 1476 mo
418 1457 475 1477 vos
501 1445 573 1486 estis
602 1445 810 1485 immemores,
838 1447 894 1492 qui
920 1461 981 1480 non
1009 1447 1103 1480 intel-

344 1494 464 1536 lexistis
500 1508 587 1530 eum.
628 1496 697 1540 Ipse
735 1496 823 1531 dixit
857 1498 949 1531 vobis
986 1497 1105 1538 honeste

344 1545 512 1580 maximam
538 1546 758 1581 verecundiam
769 1560 790 1588 ;
825 1548 925 1593 quia,
960 1546 991 1588 fi*
1030 1546 1106 1581 bene

344 1595 539 1635 advertitis,
574 1610 662 1632 arcae
695 1597 775 1640 sunt
816 1601 925 1631 domus
971 1608 1104 1631 mortuo-

346 1658 435 1684 rum,
472 1658 550 1692 quas
575 1647 655 1681 dicit
680 1645 738 1691 effe
761 1647 881 1689 vestras
908 1652 1037 1686 domos,
1063 1651 1107 1682 ad

346 1694 559 1735 innuendum,
599 1700 682 1743 quod
706 1711 760 1731 nos
789 1698 832 1732 Θ·
869 1698 932 1732 alii
956 1699 1106 1745 vulgares

346 1745 527 1792 ignorantes
575 1751 619 1782 ad
664 1749 923 1791 comparationem
957 1749 1107 1793 scientia-

345 1806 445 1830 torum
467 1797 576 1839 sumus
599 1797 692 1840 pejus
718 1811 812 1843 quam
851 1799 991 1832 homines
1026 1811 1107 1831 mor-

347 1847 396 1880 tui
431 1845 477 1885 &¹
509 1847 630 1892 sepulti
644 1861 665 1889 ,·
700 1846 747 1885 ιε’-γ
783 1848 851 1882 ideo
885 1861 980 1895 quum
1008 1848 1109 1889 fimus

349 1897 435 1941 heic,
457 1897 566 1942 sumus
592 1901 638 1932 ad
661 1901 785 1932 domum
812 1900 962 1941 nestram.
1005 1901 1109 1934 Tunc

351 1947 408 1983 illi
437 1947 680 1997 intelligentes
715 1958 919 1997 coopertum
957 1949 1110 1985 scomma

352 1997 527 2034 Guidonis
544 2026 556 2042 ,
596 1999 828 2036 laudaverunt
855 2000 1048 2036 AuCtorem
1075 2002 1109 2035 &

352 2048 578 2098 interpretem
606 2050 701 2099 ejus.
727 2052 775 2086 Et
801 2050 918 2086 subdit
946 2053 1071 2087 Po'eta.

401 2121 631 2128 ——————
657 2104 690 2135 E
713 2101 793 2146 forse
818 2103 834 2135 ὲ
862 2113 960 2146 nato,

353 2149 515 2195 scilicet,
543 2150 673 2199 aliquis
700 2151 1012 2188 excellentissimus
1038 2153 1113 2188 elo-

356 2214 484 2248 quens.
512 2204 559 2237 Et
584 2201 675 2237 dicit
701 2201 875 2250 signanter
893 2203 1003 2247 sorte,
1029 2204 1114 2252 quia

357 2252 549 2288 verecunde
575 2251 735 2300 loquitur
761 2253 803 2289 de
829 2253 863 2289 se
889 2253 986 2303 ipso:

407 2303 468 2336 Chi
493 2302 518 2337 λ’
533 2317 594 2338 uno
620 2317 636 2337 e
661 2302 685 2336 l’
700 2304 783 2338 altro
795 2325 1066 2343 -------
1141 2312 1146 2368 ξ

356 2351 492 2388 ,scilicet
508 2378 520 2393 ‚
546 2364 735 2402 utrumque
760 2354 963 2391 Guidonem

406 2424 634 2431 ------
661 2407 778 2440 caetera*
802 2409 839 2440 dx·
866 2406 965 2441 nido.

358 2453 474 2492 mest,
514 2454 556 2490 de
581 2455 688 2491 domo
715 2458 865 2496 Famae,
905 2469 1009 2504 quarn
1038 2458 1114 2505 pul—

357 2518 414 2539 cre
448 2503 615 2541 describit
650 2505 829 2542 Ovidius.
863 2508 911 2543 Et
938 2516 1030 2543 certe
1057 2507 1116 2543 hic

360 2558 465 2593 Poena
491 2557 686 2605 praeclarus
725 2569 798 2593 non
837 2557 950 2593 solum
977 2557 1117 2606 expulit

684 220 1152 266 BENVENUTI
1187 221 1634 271 IMOLENSIS

1834 229 1915 283 588

1143 284 1178 319 A
1216 281 1295 318 istos
1335 283 1377 319 de
1413 284 1642 332 possessione,
1683 282 1736 319 sed
1774 282 1812 320 &
1852 297 1974 320 omnes

1154 2106 1182 2138 E

1216 332 1303 369 alios
1344 344 1424 370 ante
1459 335 1514 378 se,
1552 334 1589 371 ἃ
1638 335 1707 384 post
1743 334 1775 370 se
1803 334 1974 383 usquein

1215 382 1419 421 hodiernam
1446 386 1565 422 diem.
1606 385 1735 434 Aliqui
1762 396 1880 422 tamen
1908 398 1974 421 vo-

1216 435 1314 474 lunt,
1355 436 1448 484 quod
1497 439 1601 474 Poeta
1645 437 1757 472 noster
1804 437 1974 485 loquatur

1215 484 1292 520 heic
1319 485 1360 522 de
1387 487 1539 535 quodam
1565 487 1674 524 tertio
1693 487 1880 528 Guidone,
1908 486 1975 522 sci·

1216 534 1301 571 licet
1326 536 1368 572 de
1397 538 1554 573 Domino
1581 539 1744 574 Guidone
1764 538 1805 573 de
1828 539 1975 573 Polenta

1219 588 1397 630 Novello,
1433 587 1493 623 sub
1520 602 1592 636 quo
1617 589 1715 625 vixit
1751 587 1788 623 &
1817 598 1976 623 mortuus

1217 636 1286 672 est.
1320 637 1395 682 Qui
1421 637 1491 672 fuit
1518 637 1574 673 vir
1600 638 1684 674 satis
1711 638 1914 688 intelligens
1940 638 1975 672 ὅ(

1218 688 1404 734 eloquens.
1432 686 1497 722 Sed
1524 701 1594 722 non
1622 689 1751 723 credo.

1454 741 1518 772 Ad
1544 738 1627 783 Vers.
1659 749 1740 774 102.

1270 789 1303 822 Ε
1329 798 1418 822 muta
1443 801 1550 833 nome,
1577 789 1685 832 perche»
1710 798 1798 823 muta
1824 789 1909 824 lato.

1219 838 1314 883 Quia
1351 851 1438 874 unus
1479 837 1517 874 ὃ(
1557 837 1649 874 idem
1692 842 1828 875 Ventus
1874 839 1978 875 habet

1220 890 1332 924 multa
1358 887 1504 924 nomina
1530 890 1564 924 δ(
1592 889 1748 934 diversa,
1789 891 1822 924 &
1860 890 1978 925 diver-

1218 938 1268 974 sas
1296 938 1387 975 vires
1414 939 1451 974 in
1480 940 1635 989 partibus
1662 940 1828 988 diversis3
1857 939 1907 976 ita
1927 939 1973 975 est

1217 989 1310 1025 reEle
1338 990 1380 1026 de
1408 993 1514 1026 Fama
1541 989 1578 1027 ἃ
1607 991 1757 1027 Gloria.
1797 991 1894 1036 Quia
1931 990 1977 1026 il-

1217 1040 1300 1084 lud,
1337 1040 1431 1088 quod
1467 1041 1513 1077 est
1547 1042 1725 1077 laudabile
1751 1041 1841 1089 apud
1869 1053 1977 1076 unam

1218 1093 1393 1131 Gentem,
1416 1091 1462 1127 est
1485 1091 1719 1140 vituperabile
1739 1091 1827 1140 apud
1849 1091 1978 1127 aliam.

1218 1141 1317 1178 Sicut
1343 1141 1438 1178 enim
1468 1145 1549 1178 Dux
1571 1142 1823 1186 Venetiarum‚
1850 1141 1911 1189 qui
1932 1141 1979 1177 est

1219 1203 1292 1228 tarn
1319 1192 1532 1229 venerabilis
1558 1193 1647 1243 apud
1676 1193 1778 1238 suos,
1815 1191 1840 1227 fi
1880 1205 1979 1228 acce-

1219 1243 1316 1279 deret
1342 1243 1384 1279 ad
1427 1253 1541 1293 partes
1576 1244 1739 1284 vicinas,
1778 1257 1822 1279 ne
1861 1243 1977 1279 dicam

1221 1294 1378 1330 barbaras
1395 1322 1406 1339 ‚
1433 1305 1528 1331 certe
1553 1295 1758 1331 irrideretur
1784 1307 1864 1330 cum
1889 1295 1980 1329 Cor-

1220 1358 1266 1381 nu
1293 1344 1380 1385 su0‚
1407 1346 1500 1394 quod
1529 1354 1647 1395 portat
1686 1345 1724 1382 in
1751 1345 1891 1394 capite.
1925 1343 1980 1379 Si-

1220 1405 1280 1431 cut
1319 1395 1429 1432 etiam
1481 1400 1619 1433 Ventus
1660 1397 1763 1432 venit
1801 1394 1979 1432 interdum

1220 1459 1299 1482 cum
1328 1460 1456 1495 magno
1484 1446 1645 1495 impetu,
1684 1446 1722 1483 &
1751 1446 1871 1482 omnia
1900 1458 1980 1493 pro-

1219 1496 1362 1539 sternit,
1390 1497 1442 1532 ita
1468 1496 1507 1532 ὃ(
1535 1500 1642 1531 Fama
1669 1496 1765 1543 saepe
1791 1495 1880 1531 facit
1906 1507 1979 1529 ma-

1220 1560 1306 1595 gnos
1333 1556 1477 1591 motus,
1505 1546 1560 1582 sed
1588 1546 1662 1582 cito
1689 1545 1836 1590 deficit,
1877 1545 1911 1580 δε
1939 1543 1981 1579 si-

1221 1607 1281 1632 cut
1309 1599 1445 1633 Ventus
1473 1596 1649 1633 vanescit.

1457 1652 1521 1683 Ad
1548 1648 1630 1692 Vers.
1661 1658 1743 1695 109.

1273 1698 1383 1736 Colm’,
1411 1698 1462 1732 che
1486 1699 1540 1732 del
1564 1697 1666 1732 camin
1693 1718 1881 1724 -----

1224 1750 1331 1783 Poeta
1369 1747 1537 1783 describit
1562 1747 1671 1782 alium
1713 1745 1877 1795 spiritum
1906 1759 1981 1782 mo-

1224 1799 1391 1841 dernum,
1418 1797 1600 1846 superbum
1628 1797 1766 1833 ratione
1792 1796 1919 1841 status,
1946 1799 1983 1832 ὃ(

1226 1848 1406 1897 potentiae
1453 1848 1660 1897 temporalis
1683 1875 1694 1891 ,
1748 1857 1790 1883 ut
1829 1847 1985 1883 ostendat

1227 1899 1435 1936 brevitatem
1463 1913 1572 1935 vanae
1599 1899 1732 1947 gloriae
1758 1898 1795 1933 in
1824 1911 1886 1933 eo.
1923 1897 1983 1932 Ad

1227 1950 1324 1998 cujus
1368 1948 1647 1997 intelligentiam
1698 1948 1742 1984 est
1783 1948 1985 1991 sciendum,

1227 2001 1318 2049 quod
1346 2000 1407 2036 iste
1447 2000 1518 2035 fuit
1557 2000 1700 2047 quidam
1728 1998 1874 2034 nomine
1901 2000 1988 2033 Pro·

1228 2052 1411 2088 vincianus
1439 2051 1623 2095 Silvanus,
1652 2049 1830 2086 Dominus
1854 2047 1987 2084 nobilis

1227 2101 1402 2139 Civitatis
1438 2104 1625 2143 senarum,
1662 2100 1725 2148 qui
1767 2113 1846 2135 cum
1883 2107 1986 2148 gente

1229 2153 1335 2202 Regis
1369 2151 1548 2188 Manfredi
1589 2151 1688 2187 dedit
1714 2150 1819 2186 illum
1847 2149 1986 2186 terribi-

1227 2206 1296 2240 lem
1325 2202 1532 2239 confliE'tum
1560 2201 1776 2238 Florentinis
1804 2202 1844 2236 ad
1876 2200 1988 2236 Mon—

1228 2265 1299 2290 tem
1328 2256 1525 2303 Apertum.
1552 2255 1606 2288 De
1632 2266 1704 2299 quo
1730 2253 1830 2299 plene
1850 2251 1987 2287 digium

1228 2306 1272 2341 est
1299 2307 1403 2341 Cant.
1433 2307 1474 2339 X.
1495 2305 1530 2339 &
1560 2306 1708 2339 xxxii.
1731 2302 1888 2338 Inferni.
1913 2300 1988 2337 Hic

1230 2355 1484 2392 Provincianus
1533 2353 1571 2390 in
1619 2355 1865 2390 MCCLxIX.
1907 2363 1985 2387 cum

1229 2407 1373 2443 Comite
1409 2405 1574 2441 Guidone
1617 2406 1800 2442 Novello.
1839 2402 1877 2438 δε
1905 2413 1987 2436 cum

1229 2467 1331 2506 gente
1358 2456 1536 2492 Manfredi
1555 2483 1564 2496 .
1592 2455 1695 2491 venit
1717 2455 1756 2491 in
1770 2453 1985 2489 obsidionem

1231 2509 1271 2543 ad
1298 2508 1472 2553 quoddam
1501 2506 1682 2546 Castrum,
1722 2503 1816 2552 quod
1856 2502 1989 2538 dicitur

1231 2559 1363 2603 Colle,
1406 2558 1445 2593 in
1471 2557 1661 2593 comitatu
1696 2553 1897 2590 Florentiae
1915 2580 1926 2597 ‚
1953 2553 1990 2588 &

1876 2603 1938 2639 ha=
