2216 3105
268 195 352 246 '369
563 185 864 228 COMMENT.
895 186 962 228 IN
990 181 1217 231 DANTIS
1244 179 1486 223 COMOED.
1699 196 1779 235 370

210 245 430 286 Bonisacium
449 271 457 280 .
494 247 541 280 Et
577 245 617 280 ad
656 244 895 292 cognitionem
936 245 966 281 i-
991 250 1034 283 Ἀ
1079 244 1182 277 Prato
1210 252 1288 274 cum
1319 249 1413 286 parte
1444 238 1521 280 sua,
1550 237 1733 286 ignorante
1763 251 1837 286 par-

210 299 289 335 stius
313 304 453 344 oportet
482 294 648 342 praescire
676 297 818 342 longam
845 294 966 330 Histo-

210 349 320 386 riam,
348 358 451 393 quam
481 359 549 380 non
575 346 710 392 ⁴poffum
736 358 861 393 magna
890 346 965 380 bre-

210 398 322 434 vitate
365 395 613 444 perstringere,
654 409 696 431 ne
732 396 849 431 dicam
886 409 965 431 curn

209 448 382 486 Horatio.

261 518 402 526 -----
429 501 538 543 ‚Quum
563 497 669 532 brevis
694 495 749 543 effe
775 497 901 536 laboro,

261 548 413 593 Obscurus
430 548 499 592 fio.
528 568 701 574 ------

213 603 281 636 Res
308 612 389 647 ergo
417 597 459 633 fic
488 599 520 634 se
548 597 671 634 habet.
716 598 792 634 Post
819 606 969 633 mortem

212 648 391 686 Bonifacii
431 649 561 684 eleScus
597 648 665 684 fuit
703 651 794 696 Papa
823 648 971 684 Benedi-

213 701 289 737 ἕως
317 701 379 735 XI.
399 698 441 734 de
462 698 640 739 Trivism,
668 699 729 747 qui
759 699 869 735 fuerat
892 702 973 734 Fra-

213 759 268 787 ter
295 748 538 788 Praedicator,
575 763 677 797 quern
710 752 800 798 Papa
828 749 974 785 Bonifa-

215 802 290 837 cius
318 800 445 836 fecerat
471 800 696 836 cardinalem
734 810 875 849 propter
901 800 974 835 vir-

214 860 327 888 tutem
357 849 395 886 &
423 849 604 885 scientiam
632 850 748 886 suam.
776 850 851 897 Qui
879 850 975 886 vixit

215 901 254 939 in
283 903 414 947 Papatu
452 900 534 936 solis
571 901 652 936 οξὶο
696 901 866 937 mensibus
894 914 974 937 cum

216 951 393 988 dimidio.
421 951 495 996 Qui
524 952 633 986 bonus
661 962 760 991 erat,
792 950 830 987 ἃ
858 951 975 987 extin—

220 1012 277 1038 tus
304 1001 349 1037 est
374 1014 532 1041 veneno,
561 1011 599 1037 ut
626 1002 769 1049 quidam
790 1002 974 1037 dixerunt.

219 1054 368 1088 Mortuo
396 1051 587 1087 Benedifi‘to
623 1051 660 1088 &
699 1052 833 1100 sepulto
872 1055 976 1088 Peru-

220 1102 285 1141 fii,
313 1115 437 1150 magua
464 1101 635 1138 discordia
663 1102 731 1138 fuit
767 1103 860 1138 inter
887 1102 977 1139 Car-

221 1152 375 1188 dinales.
413 1154 522 1187 Erant
563 1153 657 1188 enim
700 1152 801 1189 divifi
830 1154 866 1188 in
895 1153 978 1189 duas

221 1203 336 1239 Sess‘cas
364 1201 456 1248 quasi
484 1205 662 1251 aequales.
702 1205 749 1238 Et
777 1204 879 1239 unius
907 1212 979 1239 erat

221 1262 326 1300 caput
364 1252 539 1288 Dominus
584 1253 789 1289 Matthaeus
842 1255 979 1289 Rubeus

221 1303 263 1338 de
301 1301 438 1337 Ursinis
475 1315 554 1337 cum
599 1303 756 1339 Domino
797 1304 981 1340 francisco

221 1355 385 1387 Guatano
414 1354 553 1399 Nepote
582 1353 778 1389 Bonifacii.
819 1357 866 1389 Et
893 1356 980 1389 alte-

222 1403 294 1439 rius
322 1411 396 1437 erat
421 1402 580 1450 princeps
602 1403 777 1438 Dominus
801 1406 982 1452 Neapoleo

222 1453 265 1488 de
293 1452 452 1493 Ursinis,
488 1451 526 1487 ὃ(
554 1453 754 1488 Cardinalis
783 1454 914 1490 Nicola
941 1454 982 1489 de

226 1504 357 1542 Puto,
397 1502 458 1550 qui
496 1502 607 1538 fuerat
644 1506 765 1539 Frater
802 1504 982 1539 Praedica—

222 1563 307 1593 tor,
345 1553 400 1588 vir
436 1566 580 1601 magnae
607 1553 773 1590 scientiae
807 1556 841 1590 δε
870 1553 983 1603 fingu-

224 1603 307 1640 laris
336 1603 564 1652 prudentiae,
601 1604 663 1652 qui
704 1605 848 1641 volebat
883 1619 984 1654 repo—

225 1667 306 1689 nere
342 1655 593 1690 Columnenses
629 1654 667 1690 in
709 1655 816 1691 statu.
861 1657 982 1701 Quum

226 1717 308 1752 ergo
335 1704 539 1740 Cardinales
566 1704 731 1741 stetissent
758 1706 840 1741 οὲὶο
860 1705 984 1741 mensl-

226 1755 288 1790 bus
315 1753 436 1789 inclufi
464 1754 501 1789 in
529 1755 703 1790 Conclavi
731 1768 750 1791 a
792 1755 983 1800 Perusmis,

226 1803 264 1840 &
293 1818 362 1839 non
392 1805 524 1854 possent
565 1805 774 1845 convenire,
813 1806 983 1842 Cardina-

225 1855 271 1890 lis
301 1855 468 1890 Pratenfis
497 1855 728 1904 sagacissimus
759 1856 918 1904 persuasit
947 1856 983 1892 in

226 1905 357 1941 secreto
395 1905 553 1941 Domino
581 1906 764 1942 francisco
800 1909 984 1946 Guatano‚

228 1955 321 2003 quod
359 1956 504 2005 eligeret
541 1956 578 1992 in
622 1958 751 2005 Papam
789 1957 985 1993 Dominum

230 2008 475 2051 Raymundum
512 2007 554 2043 de
593 2007 756 2048 Ghotto‚
798 2008 988 2051 Archiepi—

229 2055 371 2103 scopum
390 2057 670 2106 Burdigalensem
683 2084 693 2098 ‚
714 2058 902 2095 inimicum
920 2061 987 2094 Re-

230 2106 284 2154 gis
313 2108 477 2142 Franciae
507 2118 646 2155 propter
672 2109 837 2145 offensam
859 2109 986 2145 fabiam

231 2157 306 2191 illis
334 2156 374 2191 de
404 2159 520 2192 Domo
557 2158 614 2194 sua
656 2172 715 2206 per
751 2162 920 2196 Carolum
948 2160 989 2195 de

232 2206 379 2246 Valois,
406 2206 547 2243 fratrem
575 2208 678 2256 ipsius
707 2210 811 2258 Regis
838 2210 875 2245 in
895 2211 988 2245 bello

233 2256 451 2305 Vaseoniae3
490 2267 528 2292 ut
568 2257 612 2293 fic
652 2260 852 2295 Cardinalis
892 2262 990 2296 Mat-

233 2307 354 2342 thaeus
401 2307 442 2342 de
479 2307 618 2344 Ursinis
659 2309 870 2346 consentiret
911 2324 988 2346 cum

235 2368 330 2405 parte
358 2357 443 2405 sua3
486 2359 569 2407 quia
597 2362 672 2395 Rex
714 2360 879 2396 Franciae
908 2361 992 2396 Phi-

234 2408 350 2455 lippus
391 2408 538 2444 Pulcher
574 2419 647 2445 erat
683 2410 816 2446 amicus
843 2413 991 2447 Colum·

236 2458 409 2498 nenfium,
439 2473 517 2495 cum
546 2461 672 2507 quibus
694 2461 900 2497 destruxerat
925 2464 992 2497 Bo—

234 2509 424 2546 nifacium.
462 2512 546 2556 Quo
573 2510 687 2550 faffim
725 2512 924 2548 cardinalis
952 2513 992 2548 de

1077 301 1111 327 te
1141 289 1376 328 Ursinorum,
1420 288 1511 323 misit
1548 287 1768 323 secretiffime
1798 286 1837 323 ἃ.

1078 339 1352 377 festinantissime
1397 338 1582 374 Cursorem
1639 352 1658 373 a
1700 338 1837 374 Perufio

1080 390 1224 428 Parisius
1252 403 1331 426 cum
1360 389 1474 424 literis
1511 388 1553 423 ad
1593 390 1723 436 Regem
1752 389 1836 424 Phi-

1078 443 1213 491 lippum
1243 440 1473 489 rogantibus,
1515 438 1609 486 quod
1645 438 1668 473 fi
1699 439 1840 473 volebat

1078 505 1276 541 recuperare
1322 490 1420 526 suum
1461 489 1583 525 statum
1613 502 1693 524 cum
1720 490 1842 524 Eccle-

1080 543 1123 578 fia
1142 571 1152 587 ,
1179 541 1217 578 ἃ
1245 542 1399 578 relevare
1426 539 1679 577 Columnenses
1708 539 1840 575 amicos

1080 593 1178 633 suos,
1217 592 1344 628 faceret
1382 591 1444 628 fibi
1485 591 1527 627 de
1563 590 1715 626 inimico
1752 590 1842 625 ami-

1081 657 1160 680 cum
1191 643 1385 679 Dominum
1415 641 1662 688 Raymundum
1693 641 1842 676 Archie-

1083 694 1262 744 piscopum
1308 692 1618 742 Burdegalensem‚
1666 692 1728 739 qui
1770 700 1842 727 erat

1083 745 1212 781 ele6h1s
1241 754 1422 792 tamquam
1449 743 1617 779 inimicus
1648 742 1751 791 Regis
1784 755 1842 791 pet

1085 797 1189 831 aliam
1230 804 1361 843 partem
1389 822 1398 830 .
1456 794 1641 842 Philippus
1683 792 1843 828 solicitus

1085 846 1199 881 statim
1238 845 1330 881 mifit
1372 845 1513 881 literam
1554 843 1777 880 amicabilem
1806 844 1843 879 in

1087 895 1298 932 Vasconiam
1336 896 1377 932 ad
1419 895 1553 931 dietum
1596 894 1844 942 Archiepisco-

1087 960 1193 995 pum,
1246 946 1340 994 quod
1391 946 1528 982 veniret
1570 944 1630 981 fibi
1673 946 1844 983 obviam,

1086 998 1170 1046 quia
1206 997 1280 1033 ibat
1317 996 1359 1032 ad
1395 1009 1502 1041 eum,
1546 998 1754 1044 loquuturus
1784 995 1845 1031 fibi

1088 1062 1149 1096 pro
1186 1047 1246 1083 suo
1275 1060 1402 1095 magno
1439 1048 1626 1083 commodo
1668 1045 1706 1083 ἃ.
1733 1046 1845 1081 hono-

1087 1113 1141 1134 re.
1184 1101 1231 1133 Et
1267 1098 1420 1133 breviter
1458 1100 1533 1133 Rex
1560 1097 1652 1133 infra
1688 1097 1744 1132 sex
1774 1096 1845 1132 dies

1088 1149 1156 1184 fuit
1193 1148 1419 1197 personaliter
1461 1161 1540 1184 cum
1568 1147 1847 1195 Archiepiscopo

1090 1201 1215 1235 secrete
1252 1212 1330 1234 curn
1360 1199 1477 1246 paucis
1519 1198 1557 1234 in
1595 1212 1662 1233 una
1690 1198 1846 1233 Abbatia

1091 1249 1279 1285 forinseca.
1319 1249 1390 1284 Ubi
1420 1248 1537 1284 audita
1573 1248 1682 1284 Missa
1711 1249 1847 1297 jurave-

1091 1309 1171 1335 runt
1207 1299 1419 1335 credentiam
1458 1299 1519 1334 fibi
1557 1299 1711 1335 invicem
1750 1299 1849 1343 super

1093 1350 1236 1386 Altari.
1264 1352 1311 1384 Et
1340 1352 1415 1384 Rex
1445 1349 1629 1397 Philippus
1659 1349 1848 1397 praemissis

1092 1400 1268 1448 aliquibus
1296 1399 1411 1434 verbis
1439 1400 1586 1447 placidis
1622 1400 1662 1436 ad
1692 1400 1848 1436 reconci-

1093 1450 1250 1486 liandum
1278 1449 1390 1497 ipsum
1419 1450 1733 1498 Archiepiscopum
1769 1464 1849 1486 cum

1095 1500 1252 1536 Domino
1280 1500 1411 1535 Carolo
1438 1499 1480 1535 de
1509 1501 1631 1536 Valois
1652 1500 1755 1537 fratre
1782 1503 1849 1536 Re-

1094 1551 1173 1600 gis,
1209 1550 1271 1598 qui
1310 1559 1454 1585 vocatus
1495 1550 1540 1586 est
1576 1553 1724 1587 Carolus
1753 1552 1850 1587 Sine—

1095 1604 1227 1640 Terra,
1255 1601 1295 1636 de
1323 1614 1393 1648 quo
1421 1600 1508 1636 alibi
1535 1601 1668 1637 dietum
1698 1602 1741 1637 est
1760 1630 1769 1645 ,
1812 1602 1851 1638 ὅ(

1096 1653 1252 1690 dicetur,
1289 1651 1403 1686 dixit:
1451 1652 1550 1695 Vide,
1586 1653 1851 1699 Archiepiscope:

1097 1704 1131 1737 in
1157 1716 1253 1737 manu
1280 1716 1346 1737 mea
1373 1701 1414 1743 est
1444 1702 1546 1746 facere
1571 1713 1611 1736 *te
1647 1707 1788 1749 Papam,
1823 1703 1854 1744 st

1095 1755 1192 1788 volo.
1220 1753 1291 1787 Ideo
1316 1752 1393 1786 veni
1428 1755 1470 1787 ad
1495 1764 1544 1788 te.
1580 1756 1628 1788 Et
1656 1753 1688 1794 fi
1720 1754 1852 1800 promit—

1096 1804 1138 1837 tis
1164 1803 1243 1837 mihi
1277 1802 1378 1846 facere
1413 1804 1538 1850 gratias
1558 1830 1569 1846 ‚
1609 1817 1687 1850 quas
1724 1814 1851 1851 petam,

1090 1854 1209 1898 faciam
1235 1853 1296 1888 tibi
1323 1853 1413 1895 {llum
1439 1853 1598 1890 honorem.
1643 1857 1688 1889 Et
1729 1854 1774 1889 adr
1798 1868 1853 1890 ro—

1099 1905 1161 1940 bur
1187 1904 1272 1939 diffli
1318 1902 1369 1939 sui
1406 1903 1577 1940 continuo
1617 1904 1765 1940 ostendit
1792 1904 1853 1939 fibi

1097 1955 1237 1990 literas,
1266 1956 1370 1989 Tunc
1397 1954 1511 1989 Vasco
1531 1955 1676 2001 cupidus
1699 1955 1850 1991 summae

1098 2004 1305 2054 dignitatis,
1341 2004 1432 2052 quasi
1470 2004 1675 2052 stupesaffius
1703 2005 1854 2054 gaudio,

1099 2056 1226 2103 dejecit
1254 2055 1286 2090 se
1314 2055 1355 2090 ad
1383 2055 1482 2103 pedes
1512 2056 1636 2104 Regis,
1673 2057 1706 2091 3<
1735 2056 1854 2091 dixit:

1101 2107 1234 2142 Domine
1252 2106 1330 2146 mi,
1367 2119 1447 2140 nunc
1473 2107 1631 2152 cognosco,
1673 2112 1752 2153 quod
1778 2106 1856 2140 aiti—

1097 2158 1177 2204 gitis
1204 2170 1250 2191 me
1275 2156 1438 2203 plusquam
1464 2157 1616 2191 hominem
1643 2158 1772 2191 mundi,
1810 2159 1857 2191 Ex

1101 2208 1204 2242 vultis
1241 2207 1320 2241 mihi
1358 2209 1482 2240 reddere
1517 2209 1628 2241 bonum
1668 2219 1721 2251 pro
1757 2209 1858 2242 malo.

1104 2259 1240 2301 Vestrum
1259 2270 1329 2303 ergo
1348 2257 1389 2299 eft
1406 2258 1597 2304 praecipere.
1626 2261 1737 2292 Meum
1756 2269 1859 2292 aurem

1099 2322 1226 2356 parere.
1267 2310 1371 2343 Tune
1415 2310 1488 2343 Rex
1530 2308 1642 2344 erexit
1679 2322 1779 2347 eum,
1820 2306 1857 2343 ὃ(

1101 2359 1258 2396 osculato
1284 2357 1360 2406 ipso
1382 2372 1440 2406 per
1464 2372 1523 2398 os,
1551 2359 1666 2396 dixit:
1698 2363 1768 2393 Hae
1788 2363 1859 2400 lunt

1097 2411 1246 2457 gratiae,
1286 2422 1364 2455 quas
1398 2410 1487 2444 volo.
1533 2410 1663 2449 Primo,
1704 2410 1784 2452 quod
1810 2421 1856 2441 re⁶

1101 2460 1299 2495 communices
1333 2473 1379 2494 me
1420 2460 1552 2505 perses-l&
1595 2460 1766 2498 Ecclesiae,
1810 2457 1856 2495 &2

1104 2510 1244 2546 remittas
1263 2510 1388 2554 facinus
1413 2520 1622 2556 perpetratum
1663 2511 1695 2544 in
1724 2507 1858 2550 Ronz'saa

1708 2571 1785 2593 cmm
1802 2581 1811 2596 ,
