2216 3105
456 222 539 265 55
646 266 649 269 ,

646 268 709 302 Ad
736 268 817 312 Verfi
847 271 904 305 88.

444 318 479 351 Io
501 316 553 360 sui
577 317 614 351 di
640 319 863 363 Momefeltro.

390 367 452 403 'Ad
480 366 680 408 sciendum,
724 370 801 416 quis
829 369 934 406 fuerit
961 370 1019 406 iste
1048 370 1148 419 spiri-

392 427 470 457 tus,
513 416 550 453 ὃς
593 421 703 459 unde,
751 420 853 456 debes
894 420 1004 461 scire,
1055 421 1147 469 quod

390 469 500 504 Mons
528 471 668 506 Feretus
696 470 740 506 est
767 471 934 517 quaedam
976 474 1147 508 Contrata

389 517 429 555 in
459 520 690 555 Romandiola
705 548 713 563 ,
742 521 925 557 continens
945 523 982 558 in
1003 522 1035 558 se
1057 524 1147 557 mul-

390 578 443 604 tas
471 572 618 614 Terras,
654 570 740 605 ficut
767 571 964 606 Civitatem
994 575 1025 607 S.
1054 575 1147 608 Leo-

390 619 468 664 nis,
504 620 546 655 de
584 634 650 668 qua
687 620 820 655 diEium
866 621 911 657 est
960 621 997 657 in
1040 621 1147 658 Cant.

386 670 607 717 >praecedenti
621 670 641 714 ‚‘
660 670 877 706 samar‘inum
892 699 901 715 ,
929 671 966 708 δε
989 669 1057 709 alia
1078 675 1147 709 Ca-

388 720 504 755 stella.
540 722 594 755 Ex
635 733 702 768 qua
743 723 916 758 contrata
953 723 1148 759 habuerunt
1191 727 1217 760 Β

386 769 478 805 olim
505 771 679 829 originem
707 772 868 808 Comites
895 772 1014 809 famosi
1032 801 1042 818 ‚
1082 787 1144 809 vo-

387 821 459 856 cati
487 820 591 869 usque
628 822 665 857 in
701 822 905 859 hodiernam
942 824 1036 860 diem
1072 827 1143 861 Co-

386 871 492 907 mites
520 872 561 908 de
588 874 716 909 Monte
744 875 882 909 Feltro.
911 876 964 910 De
996 888 1142 922 quorum

386 922 582 970 primordio
609 936 679 959 non
700 923 847 960 habetur
867 926 1055 961 memoria.
1080 927 1143 961 Sed
1169 921 1173 966 Ι

386 972 428 1008 de
457 975 573 1009 Domo
601 973 661 1009 ista
688 975 795 1010 multi
816 974 956 1011 fuerunt
976 975 1046 1011 viri
1065 975 1142 1012 stre-

383 1024 471 1072 nui;
523 1038 672 1072 quorum
714 1038 821 1061 unum
863 1026 1140 1084 antiquissimum

383 1074 519 1122 reperio
547 1077 732 1123 quemdam
774 1076 969 1112 Dominum
998 1078 1142 1113 Monte—

384 1124 596 1170 ἷεΙῖῑαῃυτη,
637 1127 699 1174 qui
735 1127 858 1175 genuit
899 1128 1141 1172 Boncontem,

383 1176 417 1211 ὅ(
446 1189 488 1211 ex
518 1178 699 1212 Bonconte
736 1187 836 1212 natus
876 1178 920 1213 est
947 1177 1141 1214 Montefel-

383 1237 502 1263 tranus
530 1227 658 1263 Miles.
686 1229 739 1263 Ex
767 1228 1048 1264 Montefeltrano
1082 1243 1140 1265 na-

383 1288 437 1313 tus
474 1278 518 1313 est
554 1277 793 1314 famofiffimus
830 1281 959 1315 Comes
996 1279 1140 1320 Guido,

382 1327 425 1364 de
450 1342 520 1376 quo
548 1338 621 1365 tam
650 1331 761 1365 multa
798 1328 891 1366 di&a
929 1329 1008 1366 sunt
1034 1333 1138 1367 Cant.

382 1381 534 1415 XXVII.
576 1379 728 1416 Inferni.
771 1382 825 1416 Ex
868 1380 931 1416 isto
976 1381 1138 1416 Guidone

379 1439 483 1467 natus
520 1429 565 1466 est
601 1432 800 1467 Boncontes
825 1458 835 1472 ,
875 1431 917 1466 de
953 1444 1023 1477 quo
1060 1431 1136 1466 heic

379 1481 423 1517 fit
450 1480 604 1520 mentio,
637 1481 784 1538 ‘juvenis
811 1480 1055 1517 strenuissimus
1083 1495 1137 1517 ar-

378 1545 544 1571 morum,
586 1531 646 1579 qui
684 1531 721 1565 in
760 1530 928 1566 εοηΗίξὶιι
966 1531 1135 1567 Aretino-

376 1596 453 1619 rum
483 1581 572 1630 apud
600 1580 813 1625 Bibienam,
842 1581 958 1616 miffus
987 1595 1004 1616 a
1032 1582 1135 1617 Guil

376 1633 525 1668 lelmino
562 1630 735 1679 Episcopo
763 1630 916 1666 Aretino
957 1632 997 1667 ad
1027 1632 1134 1667 Consl-

375 1683 565 1719 derandum
602 1681 725 1716 statum
769 1681 938 1721 hostium,
981 1683 1133 1726 retulit,

373 1733 468 1780 quod
500 1734 599 1768 nullo
637 1731 741 1766 modo
777 1741 851 1767 exat
888 1732 1129 1779 pugnandum.

373 1786 477 1820 Tunc
506 1781 722 1845 Episcopus,
751 1782 849 1817 velut
876 1782 1027 1816 nimium
1056 1782 1130 1817 ani-

373 1833 508 1873 molus,
546 1832 660 1868 dixit:
700 1835 751 1865 Tu
778 1845 946 1879 numquam
975 1832 1069 1876 fuisti
1093 1834 1131 1866 de

371 1888 472 1920 Domo
499 1885 578 1919 illa.
606 1882 677 1919 Cui
706 1883 903 1918 Boncontes
928 1882 1128 1930 respondit:

369 1936 410 1970 Si
435 1935 608 1973 veneritis,
636 1936 694 1980 quc)
722 1946 796 1979 ego,
825 1946 993 1979 numquam
1026 1946 1129 1967 rever-

368 1985 505 2020 temini.
541 1986 589 2020 Et
631 1983 674 2018 fic
711 1982 780 2018 fuit
820 1983 861 2018 de
888 1982 1003 2026 fasto,
1047 1984 1128 2031 quia

368 2047 515 2093 pterque
565 2033 721 2091 probiter
766 2046 921 2082 pugnans
968 2033 1130 2069 remansit

367 2086 408 2122 in
436 2099 585 2134 campo.
615 2083 717 2120 Dicit
743 2097 824 2130 ergo
852 2083 938 2120 iste·

420 2157 608 2163 -----
638 2138 671 2170 Io
692 2135 749 2179 son
777 2138 980 2170 Buonconte.

367 2187 487 2223 Bonus
516 2187 666 2222 bellator
693 2184 771 2220 fuit·
790 2197 895 2220 manu
913 2209 923 2224 ,
951 2184 1004 2220 uti
1034 2194 1130 2233 pater

365 2237 532 2286 ingenio.
574 2239 628 2271 Ex
665 2235 729 2272 isto
768 2236 951 2270 Bonconte
979 2248 1049 2271 non
1076 2248 1129 2270 re-

367 2287 493 2322 manslt
514 2287 631 2335 aliqua
654 2285 770 2333 stirps·
800 2285 882 2320 Ideo
903 2284 992 2320 dicit
1004 2285 1128 2333 ‚quod

368 2339 487 2373 nullus
515 2337 583 2376 est,
620 2336 683 2384 qui
710 2344 809 2384 roget
836 2348 898 2383 pro
926 2348 987 2370 eo.
1026 2335 1128 2371 Unde

368 2387 480 2424 dicit:

419 2438 593 2473 Giovanna
610 2464 621 2482 ,
647 2456 963 2463 --------

368 2501 457 2536 quae
496 2496 570 2523 erat
611 2500 698 2522 uxor
738 2485 823 2529 sua,
864 2498 951 2533 quae
992 2495 1129 2536 poterat

367 2539 430 2576 fibi
457 2536 618 2576 invenire
645 2536 756 2573 alium
786 2537 923 2572 virum:

734 205 1686 253 BENVENUTTIMOLENSPS

1185 268 1218 302 A

1181 1178 1212 1214 C

1308 289 1492 296 -----
1519 283 1535 304 ο
1561 270 1639 305 altri
1658 283 1717 304 non
1738 269 1780 305 ha
1797 269 1833 304 di
1854 226 2013 308 rra-{zuma

1257 318 1361 364 Quasi
1398 319 1512 356 dicat:
1557 320 1731 356 consortes
1783 320 1853 356 mei
1892 334 2013 369 parum

1257 379 1379 405 curant
1405 371 1446 406 de
1474 372 1644 415 mortuis,
1686 371 1769 419 quia
1796 370 1876 407 sunt
1902 371 2012 407 dediti

1256 419 1425 456 dominiis
1460 423 1494 456 δε
1533 423 1772 468 potentatibus
1809 421 2014 470 temporali-

1257 469 1341 506 bus.
1382 474 1474 508 Nam
1501 471 1644 509 Comiti
1671 472 1829 508 Guidoni
1858 470 2014 508 succeffit

1255 522 1346 556 Con
1334 534 1384 557 es
1413 522 1630 566 Fridericus‚
1671 523 1836 559 secundus
1873 523 2011 571 genitus

1256 571 1349 619 ejus,
1388 572 1443 607 vir
1479 573 1759 618 valentiffimus‚
1797 573 1858 622 qui
1900 573 2011 622 magis

1255 622 1437 666 tyrannice
1452 623 1572 657 tenuit
1593 624 1791 668 Urbinum,
1819 637 1923 672 quam
1946 624 2011 658 ali-

1256 671 1334 718 quis
1362 671 1652 719 praedecessorum
1690 675 1748 708 vel
1786 674 2013 709 successorum

1256 720 1413 757 suorum.
1471 721 1573 757 Unde
1613 721 1681 757 fuit
1731 722 1925 757 trucidatus
1971 724 2013 757 ab

1258 771 1508 807 Urbinatibus.
1549 772 1623 818 Qui
1655 771 1780 808 habuit
1807 774 1938 808 multos
1973 772 2013 808 fi-

1255 822 1344 865 lios,
1394 821 1530 858 scilicet
1570 823 1753 859 Comitem
1793 822 2014 862 Galaffium‚

1255 872 1436 908 Comitem
1485 872 1666 921 Nolphum
1685 901 1694 917 ‚
1735 875 1769 909 &
1811 875 1920 913 alios,
1970 875 2012 909 de

1255 922 1382 970 quibus
1410 937 1479 959 non
1510 924 1715 973 prosequor,
1753 938 1795 960 ne
1823 926 1965 974 elonget
1992 937 2011 959 a

1255 973 1454 1021 proposito.
1483 976 1530 1010 Et
1557 974 1647 1010 dicit
1674 976 1892 1011 Boncontes:

1304 1024 1411 1059 Perch’
1423 1025 1451 1060 io
1471 1039 1513 1060 vo
1532 1035 1582 1059 tra
1601 1025 1690 1067 coslor
1708 1039 1759 1060 eon
1787 1023 1873 1071 baffa
1888 1025 2009 1068 fronte.

1254 1075 1421 1114 Scilicet,
1448 1089 1490 1111 ex
1519 1076 1639 1111 dolore
1666 1077 1699 1111 ὃ(
1728 1075 1877 1124 pudore.
1914 1074 2010 1119 Quia

1252 1126 1369 1160 nullus
1397 1126 1442 1161 est
1465 1126 1502 1162 in
1523 1126 1658 1167 seculo,
1686 1126 1748 1175 qui
1768 1136 1868 1175 roget
1894 1127 2009 1161 Deum

1253 1189 1314 1221 pro
1341 1189 1416 1212 me.

1301 1229 1349 1261 Et
1376 1227 1404 1261 1'0
1430 1243 1450 1262 a
1476 1228 1547 1263 lui.

1251 1276 1343 1312 Heic
1369 1279 1475 1313 Poeta
1499 1278 1667 1319 ostendit,
1688 1278 1865 1326 quomodo
1889 1277 2002 1326 inqui-

1250 1326 1368 1363 siverit
1392 1342 1409 1363 a
1439 1330 1620 1365 Bonconte
1644 1330 1685 1364 de
1709 1330 1782 1377 ejus
1810 1327 2004 1377 sepulturas

1248 1391 1335 1425 quae
1363 1392 1552 1427 numquam
1580 1378 1651 1415 fuit
1675 1378 1781 1415 scita.
1808 1381 1856 1414 Et
1880 1378 1920 1414 ad
1946 1378 2004 1414 de-

1249 1428 1475 1464 clarationem
1505 1430 1606 1476 hujus
1633 1429 1781 1474 literae,
1819 1440 1906 1477 quae
1934 1441 2004 1464 non

1248 1478 1291 1512 est
1320 1478 1404 1513 bene
1428 1478 1632 1523 intelle&a‚
1653 1479 1698 1514 est
1726 1479 2005 1527 praesciendum,

1248 1528 1339 1574 quod
1368 1530 1476 1563 Anno
1514 1527 1663 1563 Domini
1693 1530 2005 1564 MCCLxxxix.

1249 1577 1445 1613 Florentini
1475 1577 1607 1614 sociato
1632 1580 1762 1615 Carolo
1787 1578 1833 1614 II.
1861 1577 1921 1626 qui
1951 1592 2005 1614 re—

1248 1628 1447 1664 vertebatur
1471 1628 1682 1676 Neapolim,
1711 1627 1855 1664 veniens
1882 1628 1923 1664 de
1952 1629 2004 1664 A·-

1247 1678 1411 1726 ragonia,
1441 1678 1498 1714 ubi
1531 1677 1642 1713 fuerat
1669 1678 1852 1726 captivus,
1884 1688 1923 1713 ut
1949 1677 2004 1712 di-

1247 1738 1342 1764 cetur
1369 1728 1479 1773 alibi,
1516 1727 1658 1764 iverunt
1687 1739 1807 1763 contra
1836 1726 2002 1763 Aretium

1247 1791 1323 1813 cum
1355 1781 1473 1822 Duce,
1501 1791 1604 1826 quem
1640 1778 1781 1815 dederat
1809 1778 1859 1814 eis
1888 1777 2001 1813 dietus

1246 1829 1416 1873 Carolus,
1442 1827 1501 1876 qui
1531 1831 1611 1864 Dux
1639 1839 1783 1864 vocatus
1811 1829 1854 1864 est
1880 1829 2003 1863 Aime-

1245 1879 1336 1915 ricus
1360 1880 1402 1915 de
1424 1880 1611 1923 Narbona,
1633 1879 1690 1914 vir
1717 1880 1841 1927 probus
1862 1876 1899 1913 ἃ
1923 1891 2003 1925 pru-

1245 1929 1327 1965 dens
1355 1929 1391 1964 in
1430 1928 1564 1975 proelio
1581 1957 1591 1973 ,
1630 1929 1821 1964 contraffiis
1849 1928 2002 1976 undique

1247 1978 1379 2015 viribus
1415 1979 1655 2028 Guelphorum
1693 1979 1733 2015 de
1771 1978 1891 2019 Senis,
1930 1980 2001 2014 Lu-

1245 2043 1303 2068 ca,
1333 2029 1502 2072 Pistorio,
1529 2029 1727 2073 Vulterris,
1754 2031 1786 2064 8<
1815 2029 1856 2064 de
1885 2030 2003 2064 Bono-

1243 2080 1325 2115 nia.
1361 2082 1409 2116 Et
1445 2079 1537 2115 inter
1573 2080 1660 2115 alios
1690 2079 1788 2115 venit
1826 2079 1861 2114 in
1900 2077 2000 2114 subfi*

1243 2130 1341 2166 dium
1358 2129 1643 2166 Florentinorum
1663 2130 1916 2179 Maghinardus
1939 2131 2000 2164 Pa—

1244 2195 1372 2230 ganus,
1399 2180 1456 2216 vir
1484 2180 1614 2230 peritus
1642 2193 1839 2224 armorum,
1850 2180 1904 2215 ·de
1931 2192 2001 2227 quo

1243 2231 1376 2268 dietum
1413 2231 1458 2268 est
1495 2233 1599 2280 paulo
1639 2232 1763 2286 supra.
1802 2233 1855 2266 Ex
1893 2231 1999 2265 altera

1244 2292 1339 2330 parte
1366 2282 1558 2332 Episcopus
1586 2284 1673 2318 Are
1670 2295 1756 2317 mus
1782 2281 1825 2317 de
1857 2278 1998 2315 Uberti-

1242 2346 1319 2377 ms,
1357 2334 1551 2369 Boncomes
1587 2333 1628 2368 de
1664 2331 1923 2371 Montefeltro,
1961 2327 1998 2364 δε

1242 2385 1371 2419 Comes
1398 2382 1518 2419 Guido
1547 2384 1746 2422 Novellus,
1783 2392 1865 2417 tunc
1895 2382 1999 2414 Pote-

1242 2433 1304 2468 stas
1337 2433 1484 2478 Aretii‚
1521 2447 1598 2470 cum
1637 2432 1793 2469 exercitu
1829 2439 1999 2465 venerunt

1242 2482 1450 2528 Bffiienam,
1487 2485 1520 2519 8:
1559 2483 1703 2518 fidentes
1731 2480 1815 2516 viris
1846 2480 1998 2514 valenti—

1245 2534 1331 2574 bus,
1359 2533 1441 2584 quia
1471 2534 1644 2569 habebant
1675 2533 1787 2568 secum
1816 2529 2001 2565 duedecim

1836 2582 1951 2615 excel<

1575 1248 1890 1255 --------
