2216 3105
449 221 532 271 647

733 213 1185 258 BENVENUTI
1231 213 1674 258 IMOLENSIS

1865 220 1947 273 648

389 286 450 315 ra.
487 274 592 309 frater
629 271 788 322 Philippi
826 273 965 314 Pulcri.
1003 283 1146 319 vocatus
1168 275 1213 326 ⁸A
1256 273 1394 321 perbia.
1430 276 1478 310 Et
1512 274 1571 311 iste
1606 275 1754 312 Carolus
1791 275 1895 311 scidit
1931 282 2008 311 eam

390 324 430 360 in
462 322 603 359 Italiam
641 337 699 371 per
735 324 956 360 Bonifacium
994 323 1054 360 sub
1084 336 1146 359 no-

391 373 488 410 mine
517 373 723 423 pacificandi
751 375 990 419 Florentiam,
1026 376 1059 410 8<
1087 388 1145 423 ge—

390 424 490 462 rendi
519 425 650 460 bellum
679 434 800 461 contra
827 425 1008 468 Siciliam,
1037 424 1142 473 ipsam

390 475 610 511 Florentiam
653 475 785 512 summe
825 476 1062 519 disturbavit,
1108 485 1145 510 ut

390 527 493 574 plene
521 525 686 575 scriptum
715 526 759 563 est
786 526 920 563 Inferni
945 529 1052 562 Cant.
1083 527 1146 560 VI.

390 576 530 612 Deinde
571 577 702 612 armata
744 577 867 625 magnii
908 578 1008 612 classe
1058 576 1145 624 apud

390 628 605 675 Neapolim,
642 639 721 662 cum
752 629 906 662 Roberto
933 626 1010 662 filio
1036 628 1147 662 Caro·-

389 678 418 713 li
458 679 502 713 11.
539 677 610 712 ivit
637 685 757 713 contra
795 677 972 712 Siciliam.
1010 676 1072 712 Sed
1111 676 1146 711 in

390 727 490 763 brevi
518 727 608 762 facta
635 726 792 762 simulata
819 728 853 762 &
881 726 1005 763 infami
1044 739 1146 775 pace,
1183 728 1209 760 B

389 776 544 814 reversus
564 777 609 812 est
629 776 666 812 in
687 777 892 817 Franciam,
921 776 1053 825 perdita
1075 790 1147 812 ma-

390 840 459 877 gna
487 836 584 876 parte
611 826 688 863 suae
715 827 849 877 gentis.
886 827 970 863 Ideo
998 828 1083 863 bene
1110 827 1146 863 in

391 879 465 927 ejus
502 877 754 927 improperium
783 877 916 915 dietum
945 877 1009 915 est:
1049 882 1147 914 Caro-

390 930 442 965 lus
468 929 558 964 venit
584 929 619 963 in
645 928 791 974 Tusciam
814 940 871 976 pro
894 940 990 977 pace,
1027 928 1073 967 &
1100 942 1148 962 re-

391 980 489 1028 h'qut't
515 979 562 1015 ibi
588 978 723 1015 bellum.
760 982 808 1015 Et
845 980 910 1015 ivit
944 980 977 1014 in
1003 980 1149 1014 Stciliam

387 1042 446 1079 pro
472 1031 571 1069 hello,
598 1028 645 1068 &⁸
664 1031 838 1077 reportavit
865 1031 937 1065 inde
961 1030 1148 1078 ignominio-

386 1082 458 1128 sam
482 1092 606 1128 pacem.
638 1080 736 1117 Dicit
762 1093 845 1130 ergo
873 1081 980 1130 Ugo:

445 1135 560 1178 Tempo
593 1144 692 1178 veggo
728 1132 757 1166 io
783 1145 843 1166 non
870 1134 963 1166 metm
987 1132 1065 1179 dopo
1090 1145 1150 1166 an-

493 1182 559 1217 choi

393 1233 476 1282 quia
504 1246 563 1283 per
592 1245 720 1269 annum
750 1232 862 1282 postea
889 1231 958 1269 fuit
985 1231 1072 1269 istud
1099 1231 1151 1268 fa-

393 1284 511 1322 cium:

443 1337 509 1370 Che
544 1346 654 1383 tragge
689 1334 742 1370 un‘
767 1335 849 1370 altro
884 1335 979 1370 Carlo
1009 1332 1082 1379 suar
1116 1334 1152 1368 di

494 1387 656 1425 Francia,

443 1440 506 1472 Per
528 1437 582 1481 far
607 1436 739 1481 conoscer
767 1436 881 1483 meglio
907 1449 922 1470 e
947 1436 980 1469 ,ςὲ
1007 1434 1032 1468 e’
1055 1434 1126 1479 [τισὶ
1142 1460 1151 1469 .

392 1487 468 1534 Qui
496 1487 592 1536 saepe
628 1500 687 1534 per
714 1486 901 1522 avaritiam
929 1484 1035 1520 nimis
1063 1484 1152 1520 deli-

390 1548 570 1586 querunt.
610 1537 717 1583 Quod
760 1535 931 1572 continuo
971 1535 1152 1574 declarat,

389 1602 495 1638 quum
525 1588 634 1623 dicit:

440 1638 538 1684 Senz'
554 1651 638 1673 arme
664 1636 697 1671 η’
713 1637 793 1682 esce,
821 1658 836 1663 -
863 1657 879 1663 —
907 1657 922 1662 -

389 1689 474 1738 quia
501 1688 560 1724 sub
599 1688 707 1723 titulo
744 1685 952 1737 pacificandi
991 1685 1106 1722 exivit
1134 1699 1179 1749 aa

390 1739 565 1776 Francia:
604 1739 638 1773 δε
666 1751 736 1772 non
766 1737 842 1773 usus
869 1737 913 1772 est
941 1736 1068 1784 apertis
1097 1735 1152 1770 vi-

389 1790 486 1827 ribus
529 1801 625 1823 more
666 1789 851 1822 Gallorum
873 1813 884 1829 ,
926 1786 980 1821 sed
1023 1785 1151 1834 perfida

393 1838 616 1889 proditione.
647 1837 748 1873 Unde
775 1837 890 1872 dicit.-

569 1909 584 1915 —
611 1903 626 1922 e
647 1889 713 1933 solo
740 1901 791 1922 con
818 1889 852 1922 la
879 1887 1006 1931 lancia,

438 1943 506 1975 Con
532 1940 565 1974 la
592 1939 667 1986 qual
689 1938 804 1985 giostrb
830 1938 939 1972 Giuda
953 1952 972 1980 ‚-

388 1993 436 2027 Et
465 1990 604 2026 videtur
629 1989 766 2037 optima
787 1988 1025 2036 comparatio.
1054 1988 1149 2034 Quia

390 2041 476 2077 ficut
503 2040 604 2085 Iudas
633 2039 788 2085 prodidit
808 2038 985 2075 Christum
1009 2052 1069 2086 pro
1091 2052 1149 2087 pe-

391 2092 517 2132 cunia,
545 2091 594 2127 ita
615 2089 674 2126 iste
694 2101 875 2138 corruptus
904 2089 1048 2138 pecunia
1071 2102 1149 2137 pro-
1173 2105 1176 2135 ι

387 2143 481 2178 didit
500 2140 722 2178 Bonifacium
736 2168 746 2186 ,
766 2139 828 2188 qui
846 2149 1032 2176 vocaverat
1047 2153 1125 2176 eum
1139 2168 1147 2176 .

388 2192 496 2230 Unde
524 2192 613 2227 dicit
630 2205 638 2227 z

440 2265 455 2270 -
483 2264 500 2270 -
525 2264 542 2269 -
569 2264 585 2269 -
612 2256 628 2276 e
654 2243 760 2289 quella
784 2251 882 2288 ponta

390 2293 496 2337 idest,
524 2292 696 2341 impingit
722 2291 823 2328 illam
850 2293 1028 2328 lanceam:

439 2345 502 2383 Si,
543 2343 588 2378 ch’
613 2358 634 2378 a
673 2343 832 2387 fiorenza
867 2342 905 2387 fa
935 2342 1078 2389 Jcoppt'ar
1115 2342 1150 2377 la

488 2398 623 2440 pancia-

391 2445 438 2480 Et
465 2443 510 2479 est
540 2443 772 2492 propriiffima
800 2441 1038 2491 comparatio,
1065 2442 1149 2490 quia

393 2507 436 2531 eo
462 2502 621 2540 tempore
649 2493 828 2529 Florentia
855 2502 928 2528 erat
953 2492 1054 2528 valde
1074 2506 1148 2528 cor-

393 2546 565 2595 pulenta,
604 2544 706 2592 plena
742 2543 902 2588 civibus,
938 2542 1061 2580 inflata
1096 2543 1182 2586 su-z·

1257 337 1314 372 per
1341 336 1523 370 ventrem,
1555 325 1607 362 ita
1634 326 1726 373 quod
1755 325 1838 361 fecit
1866 326 1946 362 inde
1974 334 2009 356 e-

1256 374 1332 410 xire
1359 375 1520 412 intestina
1556 376 1704 421 vitalia,
1742 375 1879 412 scilicet
1915 389 2013 424 prae-

1257 425 1376 472 cipuos
1419 426 1551 475 Cives;
1594 428 1635 463 de
1676 440 1824 474 quorum
1867 439 2012 462 numero

1258 473 1325 511 fuit
1351 476 1411 512 iste
1439 478 1630 524 praeclarus
1660 479 1786 513 Poeta.
1815 477 1897 512 Ideo
1927 477 2012 513 bene

1258 525 1364 562 solvit
1391 527 1451 562 fibi
1480 528 1578 564 heic.
1608 528 1709 564 Unde
1733 527 1773 564 ad
1801 540 2011 577 exaggeran-

1257 576 1338 612 dum
1367 576 1496 613 facium
1526 578 1635 613 dicit:

1308 627 1434 672 Quindi
1466 648 1482 653 —
1509 649 1524 654 -
1552 648 1567 653 —
1594 649 1610 653 -

1257 690 1299 712 ex
1329 676 1388 712 ista
1416 676 1642 724 proditione:

1308 737 1731 760 —--·mmterra---

1308 777 1541 823 Guadagnerd.
1568 795 1584 800 -
1610 797 1627 803 -
1653 797 1668 802 -
1694 797 1711 803 -

1257 828 1339 875 quia
1366 826 1387 862 fi
1418 828 1558 862 volebat
1591 826 1711 863 fallere
1748 826 1874 867 fidem,
1911 826 2013 863 debe-

1258 878 1318 913 bat
1344 890 1463 925 capere
1500 876 1561 912 fibi
1597 877 1696 913 illam
1736 876 2012 919 flQrentiffimam

1258 930 1427 972 Terram,
1465 926 1502 963 ὅ(
1539 941 1610 963 non
1646 927 1780 965 tradere
1816 929 1938 965 Cursio
1972 930 2014 964 de

1258 978 1429 1014 Donatis:

1308 1050 1324 1056 —
1350 1051 1366 1056 -
1393 1051 1409 1055 -
1434 1050 1451 1056 -
1478 1043 1529 1064 ma
1552 1039 1671 1076 peccato
1697 1029 1743 1068 ὠ
1771 1040 1868 1069 onta,

1259 1079 1342 1127 quia
1372 1082 1483 1115 Deum
1522 1079 1559 1115 ἃ
1598 1081 1729 1116 multos
1764 1080 1925 1115 homines
1959 1077 2014 1115 of-

1259 1131 1390 1166 fendit.
1419 1133 1465 1166 Et
1491 1131 1606 1166 dicit:

1352 1202 1367 1207 —
1395 1202 1411 1207 -
1433 1192 1490 1229 per
1510 1181 1546 1226 se
1572 1192 1659 1216 tanto
1682 1181 1742 1229 pit)
1764 1195 1887 1229 grave,

1260 1230 1419 1276 scilicet,
1447 1242 1648 1281 peccatum:

1310 1286 1440 1328 Quanto
1464 1284 1522 1329 piis
1548 1284 1631 1317 lieve
1662 1281 1751 1324 simil
1777 1283 1883 1317 dunno
1905 1291 2015 1317 ronta.

1260 1332 1369 1375 idest,
1397 1342 1533 1381 reputat
1562 1334 1627 1368 effe
1647 1333 1737 1374 simil
1761 1335 1892 1375 dunno,
1921 1331 2015 1366 scili-

1260 1393 1337 1428 cet,
1365 1383 1528 1429 Siciliae,
1551 1386 1612 1431 px&
1630 1385 1733 1428 lie-ve,
1760 1382 1916 1428 scilicet,
1937 1394 2014 1431 pec-

1261 1443 1397 1469 catum.

1310 1483 1350 1518 L’
1361 1484 1442 1518 altro
1468 1504 1484 1509 -
1511 1504 1527 1509 —
1553 1504 1569 1510 -
1595 1504 1612 1510 —

1261 1533 1353 1569 Heic
1385 1535 1462 1581 Ugo
1490 1533 1605 1582 tangit
1634 1533 1869 1569 temeritatem
1898 1532 1932 1568 8<
1961 1531 2016 1567 vi-

1261 1584 1399 1619 litatem
1428 1583 1570 1619 alterius
1598 1584 1719 1620 Caroli
1751 1583 1918 1631 junioris,
1954 1580 2018 1629 qui

1262 1634 1331 1669 fuit
1359 1633 1613 1682 primogenitus
1634 1634 1756 1669 Caroli
1785 1634 1811 1668 1.
1839 1633 1929 1667 unde
1953 1645 2018 1666 vo—

1262 1693 1359 1719 catur
1389 1685 1538 1719 Carolus
1576 1686 1620 1719 11.
1660 1686 1704 1718 Et
1732 1683 1774 1717 ad
1809 1681 2018 1717 declaratio-

1262 1747 1340 1768 nem
1373 1733 1494 1769 literae
1523 1732 1567 1768 est
1592 1732 1791 1771 sciendum,
1820 1731 1913 1779 quod
1935 1731 2018 1767 dum

1262 1784 1410 1819 Carolus
1438 1783 1510 1832 ipse
1546 1783 1662 1819 iviffet
1699 1783 1735 1818 in
1766 1781 2018 1821 Provinciam,

1262 1834 1302 1870 ad
1340 1834 1540 1869 armandam
1578 1834 1742 1873 classem,
1780 1846 1842 1879 pro
1877 1845 2019 1880 recupe-

1262 1884 1367 1920 randa
1407 1885 1529 1920 Sicilia
1570 1885 1720 1927 rebelli,
1764 1883 1934 1929 Rogerius
1977 1881 2018 1917 de

1235 1935 1391 1984 lLoria,
1420 1935 1640 1971 Admiralius
1669 1934 1773 1983 Regis
1804 1933 1923 1973 Petri,
1960 1945 2019 1979 pe—

1263 1985 1443 2022 ritiffimus
1471 1987 1504 2020 8<
1533 1985 1831 2021 vietoriofiffimus
1860 1985 1896 2019 in
1927 1983 2019 2018 bello

1263 2036 1408 2079 navali,
1445 2049 1525 2071 cum
1554 2049 1677 2084 magna
1707 2036 1806 2071 classe
1838 2033 1936 2070 venit
1965 2032 2019 2069 su-

1263 2100 1321 2134 per
1350 2087 1540 2134 Neapolim
1579 2086 1672 2122 intra
1709 2097 1877 2134 portum,
1914 2083 2019 2132 sagit·

1262 2136 1369 2172 tando
1409 2137 1503 2173 intra
1542 2136 1772 2177 Civitatem,
1816 2135 1853 2173 &
1895 2148 2020 2181 expro-

1264 2187 1415 2232 brando,
1444 2198 1483 2223 ut
1510 2188 1653 2223 eliceret
1681 2186 1850 2223 Carolum
1884 2185 2019 2221 Princi-

1264 2251 1341 2287 pem
1379 2239 1419 2274 ad
1458 2252 1632 2287 pugnam.
1673 2238 1887 2274 praesciebat
1923 2236 2018 2272 enim

1264 2299 1443 2337 tamquam
1472 2288 1760 2338 vigilantissimus
1794 2291 1897 2328 Dux,
1926 2284 2017 2333 quod

1266 2343 1340 2375 Rex
1377 2341 1526 2376 Carolus
1562 2353 1642 2375 cum
1680 2353 1804 2388 magna
1841 2338 1940 2375 classe
1967 2348 2018 2371 re-

1263 2391 1361 2426 diens
1388 2390 1430 2426 de
1459 2390 1648 2427 Provincia
1683 2391 1753 2439 jam
1782 2400 1855 2426 erat
1881 2391 1918 2424 in
1947 2399 2018 2421 ma-

1264 2440 1293 2476 ri
1324 2440 1468 2477 Pisano.
1504 2441 1603 2477 Sicut
1635 2454 1717 2490 ergo
1755 2442 1894 2490 petebat
1919 2439 1953 2473 &
1979 2449 2019 2471 0-

1265 2491 1406 2537 mabar,
1444 2492 1582 2540 juvenis
1618 2491 1838 2540 improvidus
1864 2491 1896 2525 δ(
1937 2486 2020 2523 cali-

1264 2542 1348 2586 dUS,
1385 2555 1464 2579 cum
1499 2543 1699 2591 proceribus
1724 2544 1759 2577 δι
1786 2540 1884 2577 omni
1918 2535 2018 2594 'mili-

1897 2600 1968 2628 ria,
