<?xml version="1.0" encoding="UTF-8"?>
<!DOCTYPE html PUBLIC "-//W3C//DTD XHTML 1.0 Transitional//EN"
    "http://www.w3.org/TR/xhtml1/DTD/xhtml1-transitional.dtd">
<html xmlns="http://www.w3.org/1999/xhtml" xml:lang="en" lang="en">
 <head>
  <title>
</title>
<meta http-equiv="Content-Type" content="text/html;charset=utf-8" />
  <meta name='ocr-system' content='tesseract 3.04.00' />
  <meta name='ocr-capabilities' content='ocr_page ocr_carea ocr_par ocr_line ocrx_word'/>
</head>
<body>
  <div class='ocr_page' id='page_1' title='image "antiquitatesital03mura_0222.png"; bbox 0 0 2216 3105; ppageno 0'>
   <div class='ocr_carea' id='block_1_1' title="bbox 412 186 1926 244">
    <p class='ocr_par' dir='ltr' id='par_1_1' title="bbox 412 186 1926 244">
     <span class='ocr_line' id='line_1_1' title="bbox 412 186 1926 244; baseline 0.001 -13"><span class='ocrx_word' id='word_1_1' title='bbox 412 204 496 243; x_wconf 80' lang='lat'>419</span> <span class='ocrx_word' id='word_1_2' title='bbox 722 187 1162 231; x_wconf 76' lang='lat' dir='ltr'><em>BENVENUTI</em></span> <span class='ocrx_word' id='word_1_3' title='bbox 1200 186 1608 231; x_wconf 76' lang='lat' dir='ltr'><em>JMOLENSJS</em></span> <span class='ocrx_word' id='word_1_4' title='bbox 1841 205 1926 244; x_wconf 87' lang='lat'>420</span> 
     </span>
    </p>
   </div>
   <div class='ocr_carea' id='block_1_2' title="bbox 354 245 1983 294">
    <p class='ocr_par' dir='ltr' id='par_1_2' title="bbox 354 245 1983 294">
     <span class='ocr_line' id='line_1_2' title="bbox 354 245 1983 294; baseline 0.002 -13"><span class='ocrx_word' id='word_1_5' title='bbox 354 246 446 282; x_wconf 85' lang='lat' dir='ltr'>Heic</span> <span class='ocrx_word' id='word_1_6' title='bbox 474 246 593 283; x_wconf 86' lang='lat' dir='ltr'>Guido</span> <span class='ocrx_word' id='word_1_7' title='bbox 629 246 760 284; x_wconf 86' lang='lat' dir='ltr'>Comes</span> <span class='ocrx_word' id='word_1_8' title='bbox 797 247 838 283; x_wconf 88' lang='lat' dir='ltr'>de</span> <span class='ocrx_word' id='word_1_9' title='bbox 878 245 1113 283; x_wconf 83' lang='lat' dir='ltr'>Montefeltro</span> <span class='ocrx_word' id='word_1_10' title='bbox 1154 250 1187 284; x_wconf 89' lang='lat' dir='ltr'>A</span> <span class='ocrx_word' id='word_1_11' title='bbox 1227 247 1360 283; x_wconf 81' lang='lat' dir='ltr'>multo.</span> <span class='ocrx_word' id='word_1_12' title='bbox 1390 249 1482 283; x_wconf 91' lang='lat' dir='ltr'>Nam</span> <span class='ocrx_word' id='word_1_13' title='bbox 1511 261 1529 283; x_wconf 88' lang='lat' dir='ltr'>a</span> <span class='ocrx_word' id='word_1_14' title='bbox 1557 247 1680 285; x_wconf 83' lang='lat' dir='ltr'>multis</span> <span class='ocrx_word' id='word_1_15' title='bbox 1721 255 1880 284; x_wconf 85' lang='lat' dir='ltr'>notatum</span> <span class='ocrx_word' id='word_1_16' title='bbox 1909 249 1983 294; x_wconf 86' lang='lat' dir='ltr'>est,</span> 
     </span>
    </p>
   </div>
   <div class='ocr_carea' id='block_1_3' title="bbox 346 296 1981 1519">
    <p class='ocr_par' dir='ltr' id='par_1_3' title="bbox 346 296 1981 1519">
     <span class='ocr_line' id='line_1_3' title="bbox 353 296 1981 347; baseline 0.001 -15"><span class='ocrx_word' id='word_1_17' title='bbox 353 296 448 333; x_wconf 87' lang='lat' dir='ltr'>suam</span> <span class='ocrx_word' id='word_1_18' title='bbox 479 298 688 345; x_wconf 80' lang='lat' dir='ltr'>petitionem</span> <span class='ocrx_word' id='word_1_19' title='bbox 718 308 876 347; x_wconf 76' lang='lat' dir='ltr'>patenter</span> <span class='ocrx_word' id='word_1_20' title='bbox 905 299 1112 347; x_wconf 86' lang='lat' dir='ltr'>exponendo</span> <span class='ocrx_word' id='word_1_21' title='bbox 1226 297 1318 344; x_wconf 87' lang='lat' dir='ltr'>quod</span> <span class='ocrx_word' id='word_1_22' title='bbox 1355 297 1414 333; x_wconf 85' lang='lat' dir='ltr'>iste</span> <span class='ocrx_word' id='word_1_23' title='bbox 1454 300 1583 334; x_wconf 86' lang='lat' dir='ltr'>Comes</span> <span class='ocrx_word' id='word_1_24' title='bbox 1620 298 1730 334; x_wconf 59' lang='lat' dir='ltr'>fabius</span> <span class='ocrx_word' id='word_1_25' title='bbox 1768 299 1981 347; x_wconf 84' lang='lat' dir='ltr'>Capitaneus</span> 
     </span>
     <span class='ocr_line' id='line_1_4' title="bbox 352 347 1980 393; baseline 0.001 -10"><span class='ocrx_word' id='word_1_26' title='bbox 352 347 394 384; x_wconf 88' lang='lat' dir='ltr'>de</span> <span class='ocrx_word' id='word_1_27' title='bbox 420 348 506 385; x_wconf 90' lang='lat' dir='ltr'>statu</span> <span class='ocrx_word' id='word_1_28' title='bbox 534 350 789 385; x_wconf 88' lang='lat' dir='ltr'>Romandiolae</span> <span class='ocrx_word' id='word_1_29' title='bbox 813 349 922 385; x_wconf 89' lang='lat' dir='ltr'>dicit:</span> <span class='ocrx_word' id='word_1_30' title='bbox 1226 347 1309 383; x_wconf 86' lang='lat' dir='ltr'>belli</span> <span class='ocrx_word' id='word_1_31' title='bbox 1350 348 1387 384; x_wconf 89' lang='lat' dir='ltr'>in</span> <span class='ocrx_word' id='word_1_32' title='bbox 1428 350 1688 393; x_wconf 82' lang='lat' dir='ltr'>Romandiola,</span> <span class='ocrx_word' id='word_1_33' title='bbox 1730 349 1826 385; x_wconf 86' lang='lat' dir='ltr'>dedit</span> <span class='ocrx_word' id='word_1_34' title='bbox 1862 350 1980 385; x_wconf 83' lang='lat' dir='ltr'>decem</span> 
     </span>
     <span class='ocr_line' id='line_1_5' title="bbox 402 399 1980 448; baseline 0 -14"><span class='ocrx_word' id='word_1_35' title='bbox 402 399 549 444; x_wconf 80' lang='lat' dir='ltr'>Dimmi,</span> <span class='ocrx_word' id='word_1_36' title='bbox 579 400 615 445; x_wconf 86' lang='lat' dir='ltr'>se</span> <span class='ocrx_word' id='word_1_37' title='bbox 650 401 864 448; x_wconf 75' lang='lat' dir='ltr'>Romagnuoli</span> <span class='ocrx_word' id='word_1_38' title='bbox 898 401 961 435; x_wconf 72' lang='lat' dir='ltr'>han</span> <span class='ocrx_word' id='word_1_39' title='bbox 994 411 1068 448; x_wconf 81' lang='lat' dir='ltr'>pace</span> <span class='ocrx_word' id='word_1_40' title='bbox 1095 413 1111 433; x_wconf 83' lang='grc' dir='ltr'><strong><em>ο</em></strong></span> <span class='ocrx_word' id='word_1_41' title='bbox 1224 399 1257 432; x_wconf 90' lang='lat'>&amp;</span> <span class='ocrx_word' id='word_1_42' title='bbox 1287 399 1415 447; x_wconf 83' lang='lat' dir='ltr'>septem</span> <span class='ocrx_word' id='word_1_43' title='bbox 1444 399 1629 436; x_wconf 64' lang='lat' dir='ltr'>conflifflus</span> <span class='ocrx_word' id='word_1_44' title='bbox 1658 400 1861 436; x_wconf 80' lang='lat' dir='ltr'>adversariis</span> <span class='ocrx_word' id='word_1_45' title='bbox 1890 400 1980 443; x_wconf 85' lang='lat' dir='ltr'>suis,</span> 
     </span>
     <span class='ocr_line' id='line_1_6' title="bbox 448 449 1980 499; baseline 0.001 -15"><span class='ocrx_word' id='word_1_46' title='bbox 448 464 587 497; x_wconf 80' lang='lat' dir='ltr'>guerra.</span> <span class='ocrx_word' id='word_1_47' title='bbox 1224 449 1256 484; x_wconf 78' lang='grc'>8(</span> <span class='ocrx_word' id='word_1_48' title='bbox 1286 450 1467 499; x_wconf 83' lang='lat' dir='ltr'>praecipue</span> <span class='ocrx_word' id='word_1_49' title='bbox 1495 451 1789 490; x_wconf 76' lang='lat' dir='ltr'>Bononienfibus,</span> <span class='ocrx_word' id='word_1_50' title='bbox 1817 451 1878 499; x_wconf 84' lang='lat' dir='ltr'>qui</span> <span class='ocrx_word' id='word_1_51' title='bbox 1901 463 1980 486; x_wconf 84' lang='lat' dir='ltr'>cum</span> 
     </span>
     <span class='ocr_line' id='line_1_7' title="bbox 350 499 1980 549; baseline -0.001 -12"><span class='ocrx_word' id='word_1_52' title='bbox 350 501 536 545; x_wconf 87' lang='lat' dir='ltr'>Adverte‚</span> <span class='ocrx_word' id='word_1_53' title='bbox 563 501 656 549; x_wconf 89' lang='lat' dir='ltr'>quod</span> <span class='ocrx_word' id='word_1_54' title='bbox 684 501 797 536; x_wconf 86' lang='lat' dir='ltr'>statim</span> <span class='ocrx_word' id='word_1_55' title='bbox 826 501 940 537; x_wconf 82' lang='lat' dir='ltr'>oritur</span> <span class='ocrx_word' id='word_1_56' title='bbox 963 501 1108 537; x_wconf 86' lang='lat' dir='ltr'>dubium</span> <span class='ocrx_word' id='word_1_57' title='bbox 1225 499 1406 535; x_wconf 87' lang='lat' dir='ltr'>numeroso</span> <span class='ocrx_word' id='word_1_58' title='bbox 1444 501 1600 537; x_wconf 75' lang='lat' dir='ltr'>exercitu</span> <span class='ocrx_word' id='word_1_59' title='bbox 1638 510 1804 537; x_wconf 80' lang='lat' dir='ltr'>venerant</span> <span class='ocrx_word' id='word_1_60' title='bbox 1841 501 1882 536; x_wconf 84' lang='lat' dir='ltr'>ad</span> <span class='ocrx_word' id='word_1_61' title='bbox 1921 514 1980 536; x_wconf 77' lang='lat' dir='ltr'>va-</span> 
     </span>
     <span class='ocr_line' id='line_1_8' title="bbox 352 549 1979 599; baseline 0 -12"><span class='ocrx_word' id='word_1_62' title='bbox 352 552 442 588; x_wconf 89' lang='lat' dir='ltr'>circa</span> <span class='ocrx_word' id='word_1_63' title='bbox 480 552 575 588; x_wconf 83' lang='lat' dir='ltr'>istam</span> <span class='ocrx_word' id='word_1_64' title='bbox 620 552 854 599; x_wconf 85' lang='lat' dir='ltr'>petitionem,</span> <span class='ocrx_word' id='word_1_65' title='bbox 895 565 1002 598; x_wconf 88' lang='lat' dir='ltr'>quum</span> <span class='ocrx_word' id='word_1_66' title='bbox 1050 552 1109 587; x_wconf 83' lang='lat' dir='ltr'>iste</span> <span class='ocrx_word' id='word_1_67' title='bbox 1224 549 1375 586; x_wconf 69' lang='lat' dir='ltr'>stan-dum</span> <span class='ocrx_word' id='word_1_68' title='bbox 1417 564 1516 599; x_wconf 81' lang='lat' dir='ltr'>agros</span> <span class='ocrx_word' id='word_1_69' title='bbox 1560 553 1834 587; x_wconf 77' lang='lat' dir='ltr'>Faventinorum</span> <span class='ocrx_word' id='word_1_70' title='bbox 1865 580 1875 594; x_wconf 83' lang='lat'>,</span> <span class='ocrx_word' id='word_1_71' title='bbox 1919 551 1979 586; x_wconf 79' lang='lat' dir='ltr'>ubi</span> 
     </span>
     <span class='ocr_line' id='line_1_9' title="bbox 351 601 1980 649; baseline -0.001 -11"><span class='ocrx_word' id='word_1_72' title='bbox 351 605 480 639; x_wconf 86' lang='lat' dir='ltr'>Comes</span> <span class='ocrx_word' id='word_1_73' title='bbox 522 602 627 638; x_wconf 84' lang='lat' dir='ltr'>fuerit</span> <span class='ocrx_word' id='word_1_74' title='bbox 669 602 844 637; x_wconf 83' lang='lat' dir='ltr'>Dominus</span> <span class='ocrx_word' id='word_1_75' title='bbox 872 601 1034 641; x_wconf 77' lang='lat' dir='ltr'>Urbini,</span> <span class='ocrx_word' id='word_1_76' title='bbox 1075 604 1108 636; x_wconf 78' lang='grc' dir='ltr'>δ(</span> <span class='ocrx_word' id='word_1_77' title='bbox 1224 601 1458 635; x_wconf 77' lang='lat' dir='ltr'>Bononienses</span> <span class='ocrx_word' id='word_1_78' title='bbox 1498 604 1643 645; x_wconf 80' lang='lat' dir='ltr'>exules,</span> <span class='ocrx_word' id='word_1_79' title='bbox 1686 602 1747 649; x_wconf 84' lang='lat' dir='ltr'>qui</span> <span class='ocrx_word' id='word_1_80' title='bbox 1776 603 1980 638; x_wconf 73' lang='lat' dir='ltr'>dicebantur</span> 
     </span>
     <span class='ocr_line' id='line_1_10' title="bbox 351 650 1979 702; baseline -0.001 -14"><span class='ocrx_word' id='word_1_81' title='bbox 351 653 617 702; x_wconf 71' lang='lat' dir='ltr'>praedecessores</span> <span class='ocrx_word' id='word_1_82' title='bbox 644 653 677 688; x_wconf 78' lang='grc'>8(</span> <span class='ocrx_word' id='word_1_83' title='bbox 706 652 906 687; x_wconf 70' lang='lat' dir='ltr'>successores</span> <span class='ocrx_word' id='word_1_84' title='bbox 932 651 983 687; x_wconf 89' lang='lat' dir='ltr'>sui</span> <span class='ocrx_word' id='word_1_85' title='bbox 1004 651 1109 699; x_wconf 83' lang='lat' dir='ltr'>usque</span> <span class='ocrx_word' id='word_1_86' title='bbox 1223 650 1484 692; x_wconf 84' lang='lat' dir='ltr'>Lambertacii‚</span> <span class='ocrx_word' id='word_1_87' title='bbox 1526 662 1623 686; x_wconf 77' lang='lat' dir='ltr'>erant</span> <span class='ocrx_word' id='word_1_88' title='bbox 1651 652 1838 698; x_wconf 88' lang='lat' dir='ltr'>receptati.</span> <span class='ocrx_word' id='word_1_89' title='bbox 1876 652 1979 687; x_wconf 75' lang='lat' dir='ltr'>Scili-</span> 
     </span>
     <span class='ocr_line' id='line_1_11' title="bbox 351 701 1980 750; baseline -0.001 -12"><span class='ocrx_word' id='word_1_90' title='bbox 351 704 392 738; x_wconf 89' lang='lat' dir='ltr'>ad</span> <span class='ocrx_word' id='word_1_91' title='bbox 430 713 586 750; x_wconf 83' lang='lat' dir='ltr'>tempora</span> <span class='ocrx_word' id='word_1_92' title='bbox 624 702 809 746; x_wconf 85' lang='lat' dir='ltr'>moderna,</span> <span class='ocrx_word' id='word_1_93' title='bbox 859 703 894 736; x_wconf 76' lang='lat'>8&lt;</span> <span class='ocrx_word' id='word_1_94' title='bbox 937 701 1027 750; x_wconf 88' lang='lat' dir='ltr'>petit</span> <span class='ocrx_word' id='word_1_95' title='bbox 1067 702 1109 736; x_wconf 91' lang='lat' dir='ltr'>de</span> <span class='ocrx_word' id='word_1_96' title='bbox 1153 707 1178 740; x_wconf 75' lang='lat' dir='ltr'>B</span> <span class='ocrx_word' id='word_1_97' title='bbox 1223 709 1277 735; x_wconf 86' lang='lat' dir='ltr'>cet</span> <span class='ocrx_word' id='word_1_98' title='bbox 1305 702 1412 735; x_wconf 85' lang='lat' dir='ltr'>Anno</span> <span class='ocrx_word' id='word_1_99' title='bbox 1442 701 1590 736; x_wconf 86' lang='lat' dir='ltr'>Domini</span> <span class='ocrx_word' id='word_1_100' title='bbox 1617 703 1878 737; x_wconf 74' lang='lat' dir='ltr'><strong>MCCLXXV.</strong></span> <span class='ocrx_word' id='word_1_101' title='bbox 1904 701 1980 737; x_wconf 82' lang='lat' dir='ltr'>Co-</span> 
     </span>
     <span class='ocr_line' id='line_1_12' title="bbox 350 750 1979 800; baseline -0.002 -11"><span class='ocrx_word' id='word_1_102' title='bbox 350 755 435 790; x_wconf 85' lang='lat' dir='ltr'>statu</span> <span class='ocrx_word' id='word_1_103' title='bbox 474 752 727 789; x_wconf 81' lang='lat' dir='ltr'>Romandiolae</span> <span class='ocrx_word' id='word_1_104' title='bbox 749 779 759 793; x_wconf 82' lang='grc'>,</span> <span class='ocrx_word' id='word_1_105' title='bbox 808 765 916 800; x_wconf 87' lang='lat' dir='ltr'>quum</span> <span class='ocrx_word' id='word_1_106' title='bbox 967 751 1110 787; x_wconf 79' lang='lat' dir='ltr'>haberet</span> <span class='ocrx_word' id='word_1_107' title='bbox 1223 763 1294 785; x_wconf 84' lang='lat' dir='ltr'>mes</span> <span class='ocrx_word' id='word_1_108' title='bbox 1321 750 1440 786; x_wconf 86' lang='lat' dir='ltr'>Guido</span> <span class='ocrx_word' id='word_1_109' title='bbox 1468 764 1546 786; x_wconf 84' lang='lat' dir='ltr'>cum</span> <span class='ocrx_word' id='word_1_110' title='bbox 1587 752 1749 787; x_wconf 78' lang='lat' dir='ltr'>exulibus</span> <span class='ocrx_word' id='word_1_111' title='bbox 1778 751 1979 787; x_wconf 86' lang='lat' dir='ltr'>Bononien-</span> 
     </span>
     <span class='ocr_line' id='line_1_13' title="bbox 350 800 1978 840; baseline -0.001 0"><span class='ocrx_word' id='word_1_112' title='bbox 350 803 548 840; x_wconf 89' lang='lat' dir='ltr'>dominium</span> <span class='ocrx_word' id='word_1_113' title='bbox 586 804 623 839; x_wconf 86' lang='lat' dir='ltr'>in</span> <span class='ocrx_word' id='word_1_114' title='bbox 661 802 823 839; x_wconf 75' lang='lat' dir='ltr'>Marchia</span> <span class='ocrx_word' id='word_1_115' title='bbox 859 802 1106 838; x_wconf 87' lang='lat' dir='ltr'>Anconitana.</span> <span class='ocrx_word' id='word_1_116' title='bbox 1223 800 1309 836; x_wconf 82' lang='lat' dir='ltr'>fibus</span> <span class='ocrx_word' id='word_1_117' title='bbox 1336 802 1370 836; x_wconf 84' lang='lat'>&amp;</span> <span class='ocrx_word' id='word_1_118' title='bbox 1407 801 1486 837; x_wconf 87' lang='lat' dir='ltr'>aliis</span> <span class='ocrx_word' id='word_1_119' title='bbox 1522 800 1590 837; x_wconf 86' lang='lat' dir='ltr'>suis</span> <span class='ocrx_word' id='word_1_120' title='bbox 1618 802 1744 837; x_wconf 80' lang='lat' dir='ltr'>invasit</span> <span class='ocrx_word' id='word_1_121' title='bbox 1780 803 1978 838; x_wconf 76' lang='lat' dir='ltr'>Bononiam</span> 
     </span>
     <span class='ocr_line' id='line_1_14' title="bbox 351 852 1978 901; baseline -0.001 -10"><span class='ocrx_word' id='word_1_122' title='bbox 351 856 477 892; x_wconf 88' lang='lat' dir='ltr'>Dicam</span> <span class='ocrx_word' id='word_1_123' title='bbox 500 855 677 897; x_wconf 79' lang='lat' dir='ltr'>breviter,</span> <span class='ocrx_word' id='word_1_124' title='bbox 705 853 797 901; x_wconf 89' lang='lat' dir='ltr'>quod</span> <span class='ocrx_word' id='word_1_125' title='bbox 820 853 933 889; x_wconf 56' lang='lat' dir='ltr'>dietus</span> <span class='ocrx_word' id='word_1_126' title='bbox 954 855 1106 897; x_wconf 86' lang='lat' dir='ltr'>Comes,</span> <span class='ocrx_word' id='word_1_127' title='bbox 1222 853 1310 899; x_wconf 81' lang='lat' dir='ltr'>apud</span> <span class='ocrx_word' id='word_1_128' title='bbox 1340 854 1486 887; x_wconf 79' lang='lat' dir='ltr'>Pontem</span> <span class='ocrx_word' id='word_1_129' title='bbox 1511 852 1629 887; x_wconf 59' lang='lat' dir='ltr'>Sancti</span> <span class='ocrx_word' id='word_1_130' title='bbox 1652 853 1814 896; x_wconf 79' lang='lat' dir='ltr'>Proculi,</span> <span class='ocrx_word' id='word_1_131' title='bbox 1842 855 1903 901; x_wconf 87' lang='lat' dir='ltr'>qui</span> <span class='ocrx_word' id='word_1_132' title='bbox 1924 853 1978 889; x_wconf 83' lang='lat' dir='ltr'>di-</span> 
     </span>
     <span class='ocr_line' id='line_1_15' title="bbox 350 901 1978 955; baseline -0.002 -13"><span class='ocrx_word' id='word_1_133' title='bbox 350 909 383 943; x_wconf 84' lang='lat'>&amp;</span> <span class='ocrx_word' id='word_1_134' title='bbox 420 915 536 942; x_wconf 86' lang='lat' dir='ltr'>totum</span> <span class='ocrx_word' id='word_1_135' title='bbox 574 919 679 955; x_wconf 83' lang='lat' dir='ltr'>genus</span> <span class='ocrx_word' id='word_1_136' title='bbox 722 904 819 941; x_wconf 90' lang='lat' dir='ltr'>suum</span> <span class='ocrx_word' id='word_1_137' title='bbox 860 903 929 939; x_wconf 78' lang='lat' dir='ltr'>fuit</span> <span class='ocrx_word' id='word_1_138' title='bbox 965 903 1006 938; x_wconf 88' lang='lat' dir='ltr'>de</span> <span class='ocrx_word' id='word_1_139' title='bbox 1036 906 1107 938; x_wconf 90' lang='lat' dir='ltr'>Ro-</span> <span class='ocrx_word' id='word_1_140' title='bbox 1221 901 1283 937; x_wconf 87' lang='lat' dir='ltr'>stat</span> <span class='ocrx_word' id='word_1_141' title='bbox 1319 916 1337 936; x_wconf 92' lang='lat' dir='ltr'>a</span> <span class='ocrx_word' id='word_1_142' title='bbox 1374 903 1544 938; x_wconf 69' lang='lat' dir='ltr'>Faventia</span> <span class='ocrx_word' id='word_1_143' title='bbox 1582 916 1640 951; x_wconf 86' lang='lat' dir='ltr'>per</span> <span class='ocrx_word' id='word_1_144' title='bbox 1681 904 1749 939; x_wconf 84' lang='lat' dir='ltr'>tria</span> <span class='ocrx_word' id='word_1_145' title='bbox 1790 903 1978 939; x_wconf 83' lang='lat' dir='ltr'>milliaria.</span> 
     </span>
     <span class='ocr_line' id='line_1_16' title="bbox 351 954 1980 1000; baseline -0.002 -7"><span class='ocrx_word' id='word_1_146' title='bbox 351 957 551 1000; x_wconf 70' lang='lat' dir='ltr'>mandiola,</span> <span class='ocrx_word' id='word_1_147' title='bbox 589 956 724 992; x_wconf 82' lang='lat' dir='ltr'>scilicet</span> <span class='ocrx_word' id='word_1_148' title='bbox 769 955 809 991; x_wconf 90' lang='lat' dir='ltr'>de</span> <span class='ocrx_word' id='word_1_149' title='bbox 850 954 1105 998; x_wconf 81' lang='lat' dir='ltr'>Montefeltro,</span> <span class='ocrx_word' id='word_1_150' title='bbox 1221 954 1381 998; x_wconf 78' lang='lat' dir='ltr'>Quorum</span> <span class='ocrx_word' id='word_1_151' title='bbox 1431 955 1511 988; x_wconf 81' lang='lat' dir='ltr'>Dux</span> <span class='ocrx_word' id='word_1_152' title='bbox 1562 963 1634 989; x_wconf 81' lang='lat' dir='ltr'>erat</span> <span class='ocrx_word' id='word_1_153' title='bbox 1674 954 1855 989; x_wconf 75' lang='lat' dir='ltr'>Malatesta</span> <span class='ocrx_word' id='word_1_154' title='bbox 1903 955 1980 990; x_wconf 86' lang='lat' dir='ltr'>Pri-</span> 
     </span>
     <span class='ocr_line' id='line_1_17' title="bbox 346 1003 1979 1056; baseline -0.003 -12"><span class='ocrx_word' id='word_1_155' title='bbox 346 1018 389 1045; x_wconf 85' lang='lat' dir='ltr'>ut</span> <span class='ocrx_word' id='word_1_156' title='bbox 417 1008 488 1056; x_wconf 80' lang='lat' dir='ltr'>ipse</span> <span class='ocrx_word' id='word_1_157' title='bbox 516 1008 628 1044; x_wconf 90' lang='lat' dir='ltr'>statim</span> <span class='ocrx_word' id='word_1_158' title='bbox 659 1007 771 1042; x_wconf 90' lang='lat' dir='ltr'>dicet.</span> <span class='ocrx_word' id='word_1_159' title='bbox 815 1007 994 1041; x_wconf 84' lang='lat' dir='ltr'>Praeterea</span> <span class='ocrx_word' id='word_1_160' title='bbox 1036 1005 1107 1052; x_wconf 82' lang='lat' dir='ltr'>ipse</span> <span class='ocrx_word' id='word_1_161' title='bbox 1222 1016 1297 1037; x_wconf 86' lang='lat' dir='ltr'>mus</span> <span class='ocrx_word' id='word_1_162' title='bbox 1325 1004 1365 1037; x_wconf 84' lang='lat' dir='ltr'>de</span> <span class='ocrx_word' id='word_1_163' title='bbox 1393 1003 1580 1039; x_wconf 84' lang='lat' dir='ltr'>Arimino.</span> <span class='ocrx_word' id='word_1_164' title='bbox 1609 1004 1754 1051; x_wconf 81' lang='lat' dir='ltr'>Equites</span> <span class='ocrx_word' id='word_1_165' title='bbox 1777 1005 1979 1040; x_wconf 82' lang='lat' dir='ltr'>Bononien-</span> 
     </span>
     <span class='ocr_line' id='line_1_18' title="bbox 350 1053 1977 1116; baseline -0.004 -20"><span class='ocrx_word' id='word_1_166' title='bbox 350 1060 435 1096; x_wconf 83' lang='lat' dir='ltr'>fecit</span> <span class='ocrx_word' id='word_1_167' title='bbox 472 1059 646 1108; x_wconf 74' lang='lat' dir='ltr'>magnalia</span> <span class='ocrx_word' id='word_1_168' title='bbox 683 1057 740 1093; x_wconf 89' lang='lat' dir='ltr'>sua</span> <span class='ocrx_word' id='word_1_169' title='bbox 779 1057 817 1093; x_wconf 90' lang='lat' dir='ltr'>in</span> <span class='ocrx_word' id='word_1_170' title='bbox 846 1055 1107 1098; x_wconf 82' lang='lat' dir='ltr'>Rornandiola,</span> <span class='ocrx_word' id='word_1_171' title='bbox 1189 1053 1304 1116; x_wconf 47' lang='lat' dir='ltr'>{sium</span> <span class='ocrx_word' id='word_1_172' title='bbox 1343 1053 1382 1088; x_wconf 84' lang='lat' dir='ltr'>ad</span> <span class='ocrx_word' id='word_1_173' title='bbox 1425 1054 1576 1102; x_wconf 86' lang='lat' dir='ltr'>primum</span> <span class='ocrx_word' id='word_1_174' title='bbox 1613 1054 1786 1101; x_wconf 68' lang='lat' dir='ltr'>aspeftum</span> <span class='ocrx_word' id='word_1_175' title='bbox 1828 1055 1977 1090; x_wconf 86' lang='lat' dir='ltr'>hostium</span> 
     </span>
     <span class='ocr_line' id='line_1_19' title="bbox 350 1104 1978 1158; baseline -0.004 -12"><span class='ocrx_word' id='word_1_176' title='bbox 350 1111 392 1146; x_wconf 93' lang='lat' dir='ltr'>de</span> <span class='ocrx_word' id='word_1_177' title='bbox 418 1111 544 1158; x_wconf 77' lang='lat' dir='ltr'>quibus</span> <span class='ocrx_word' id='word_1_178' title='bbox 573 1109 754 1158; x_wconf 83' lang='lat' dir='ltr'>praecipue</span> <span class='ocrx_word' id='word_1_179' title='bbox 781 1107 916 1143; x_wconf 88' lang='lat' dir='ltr'>dicetur</span> <span class='ocrx_word' id='word_1_180' title='bbox 943 1106 1041 1142; x_wconf 88' lang='lat' dir='ltr'>heic.</span> <span class='ocrx_word' id='word_1_181' title='bbox 1062 1108 1109 1141; x_wconf 86' lang='lat' dir='ltr'>Et</span> <span class='ocrx_word' id='word_1_182' title='bbox 1190 1117 1193 1135; x_wconf 69' lang='grc' dir='ltr'>τ</span> <span class='ocrx_word' id='word_1_183' title='bbox 1222 1104 1434 1152; x_wconf 76' lang='lat' dir='ltr'>trepidantes</span> <span class='ocrx_word' id='word_1_184' title='bbox 1452 1132 1461 1148; x_wconf 95' lang='lat'>,</span> <span class='ocrx_word' id='word_1_185' title='bbox 1489 1104 1606 1153; x_wconf 77' lang='lat' dir='ltr'>fugam</span> <span class='ocrx_word' id='word_1_186' title='bbox 1634 1114 1841 1154; x_wconf 83' lang='lat' dir='ltr'>rapuerunt.</span> <span class='ocrx_word' id='word_1_187' title='bbox 1869 1105 1978 1141; x_wconf 84' lang='lat' dir='ltr'>Acies</span> 
     </span>
     <span class='ocr_line' id='line_1_20' title="bbox 349 1154 1978 1204; baseline -0.004 -7"><span class='ocrx_word' id='word_1_188' title='bbox 349 1161 439 1199; x_wconf 86' lang='lat' dir='ltr'>dicit</span> <span class='ocrx_word' id='word_1_189' title='bbox 467 1161 530 1196; x_wconf 87' lang='lat' dir='ltr'>s1c:</span> <span class='ocrx_word' id='word_1_190' title='bbox 1135 1154 1181 1191; x_wconf 79' lang='lat' dir='ltr'>&#39;C</span> <span class='ocrx_word' id='word_1_191' title='bbox 1223 1168 1305 1190; x_wconf 89' lang='lat' dir='ltr'>vero</span> <span class='ocrx_word' id='word_1_192' title='bbox 1334 1155 1490 1203; x_wconf 88' lang='lat' dir='ltr'>peditum</span> <span class='ocrx_word' id='word_1_193' title='bbox 1519 1155 1678 1191; x_wconf 83' lang='lat' dir='ltr'>videntes</span> <span class='ocrx_word' id='word_1_194' title='bbox 1706 1155 1782 1191; x_wconf 91' lang='lat' dir='ltr'>suos</span> <span class='ocrx_word' id='word_1_195' title='bbox 1808 1156 1978 1204; x_wconf 85' lang='lat' dir='ltr'>praecipi-</span> 
     </span>
     <span class='ocr_line' id='line_1_21' title="bbox 400 1205 1976 1258; baseline -0.003 -11"><span class='ocrx_word' id='word_1_196' title='bbox 400 1211 450 1247; x_wconf 73' lang='lat' dir='ltr'>Se’</span> <span class='ocrx_word' id='word_1_197' title='bbox 478 1222 513 1246; x_wconf 85' lang='lat' dir='ltr'>tu</span> <span class='ocrx_word' id='word_1_198' title='bbox 537 1222 599 1258; x_wconf 80' lang='lat' dir='ltr'>pur</span> <span class='ocrx_word' id='word_1_199' title='bbox 625 1214 671 1244; x_wconf 64' lang='lat' dir='ltr'>mh</span> <span class='ocrx_word' id='word_1_200' title='bbox 698 1210 731 1244; x_wconf 83' lang='lat' dir='ltr'>in</span> <span class='ocrx_word' id='word_1_201' title='bbox 758 1209 856 1256; x_wconf 78' lang='lat' dir='ltr'>questo</span> <span class='ocrx_word' id='word_1_202' title='bbox 884 1208 956 1247; x_wconf 70' lang='lat' dir='ltr'>&amp;²c.</span> <span class='ocrx_word' id='word_1_203' title='bbox 1190 1214 1193 1257; x_wconf 63' lang='grc' dir='ltr'><strong>ᾗ</strong></span> <span class='ocrx_word' id='word_1_204' title='bbox 1221 1215 1272 1241; x_wconf 85' lang='lat' dir='ltr'>tes</span> <span class='ocrx_word' id='word_1_205' title='bbox 1300 1205 1462 1254; x_wconf 84' lang='lat' dir='ltr'>fugerunt</span> <span class='ocrx_word' id='word_1_206' title='bbox 1479 1230 1489 1244; x_wconf 92' lang='lat'>,</span> <span class='ocrx_word' id='word_1_207' title='bbox 1517 1205 1554 1241; x_wconf 65' lang='grc' dir='ltr'>ἃ</span> <span class='ocrx_word' id='word_1_208' title='bbox 1583 1205 1812 1242; x_wconf 81' lang='lat' dir='ltr'>firmaverunt</span> <span class='ocrx_word' id='word_1_209' title='bbox 1840 1206 1976 1255; x_wconf 77' lang='lat' dir='ltr'>fugam.</span> 
     </span>
     <span class='ocr_line' id='line_1_22' title="bbox 349 1256 1975 1307; baseline -0.004 -8"><span class='ocrx_word' id='word_1_210' title='bbox 349 1263 452 1307; x_wconf 85' lang='lat' dir='ltr'>idest,</span> <span class='ocrx_word' id='word_1_211' title='bbox 481 1262 518 1298; x_wconf 90' lang='lat' dir='ltr'>in</span> <span class='ocrx_word' id='word_1_212' title='bbox 546 1262 645 1297; x_wconf 86' lang='lat' dir='ltr'>istum</span> <span class='ocrx_word' id='word_1_213' title='bbox 675 1260 880 1301; x_wconf 82' lang='lat' dir='ltr'>Infernum‚</span> <span class='ocrx_word' id='word_1_214' title='bbox 916 1261 951 1295; x_wconf 74' lang='grc' dir='ltr'>ὃ(</span> <span class='ocrx_word' id='word_1_215' title='bbox 979 1258 1108 1307; x_wconf 87' lang='lat' dir='ltr'>specia-</span> <span class='ocrx_word' id='word_1_216' title='bbox 1219 1259 1348 1292; x_wconf 87' lang='lat' dir='ltr'>Comes</span> <span class='ocrx_word' id='word_1_217' title='bbox 1385 1256 1628 1304; x_wconf 87' lang='lat' dir='ltr'>superveniens</span> <span class='ocrx_word' id='word_1_218' title='bbox 1664 1256 1750 1293; x_wconf 87' lang='lat' dir='ltr'>fecit</span> <span class='ocrx_word' id='word_1_219' title='bbox 1776 1257 1975 1293; x_wconf 87' lang='lat' dir='ltr'>denuntiari</span> 
     </span>
     <span class='ocr_line' id='line_1_23' title="bbox 349 1307 1974 1359; baseline -0.005 -9"><span class='ocrx_word' id='word_1_220' title='bbox 349 1315 431 1350; x_wconf 90' lang='lat' dir='ltr'>liter</span> <span class='ocrx_word' id='word_1_221' title='bbox 466 1314 504 1349; x_wconf 89' lang='lat' dir='ltr'>in</span> <span class='ocrx_word' id='word_1_222' title='bbox 540 1312 601 1348; x_wconf 86' lang='lat' dir='ltr'>ista</span> <span class='ocrx_word' id='word_1_223' title='bbox 641 1311 760 1359; x_wconf 82' lang='lat' dir='ltr'>bolgia</span> <span class='ocrx_word' id='word_1_224' title='bbox 801 1312 903 1345; x_wconf 78' lang='lat' dir='ltr'>vm.</span> <span class='ocrx_word' id='word_1_225' title='bbox 939 1323 1026 1358; x_wconf 87' lang='lat' dir='ltr'>quae</span> <span class='ocrx_word' id='word_1_226' title='bbox 1062 1309 1106 1344; x_wconf 88' lang='lat' dir='ltr'>est</span> <span class='ocrx_word' id='word_1_227' title='bbox 1190 1307 1289 1346; x_wconf 80' lang='lat' dir='ltr'>1eis,</span> <span class='ocrx_word' id='word_1_228' title='bbox 1327 1316 1366 1343; x_wconf 88' lang='lat' dir='ltr'>ut</span> <span class='ocrx_word' id='word_1_229' title='bbox 1402 1307 1553 1342; x_wconf 84' lang='lat' dir='ltr'>facerent</span> <span class='ocrx_word' id='word_1_230' title='bbox 1589 1307 1828 1346; x_wconf 85' lang='lat' dir='ltr'>deditionem,</span> <span class='ocrx_word' id='word_1_231' title='bbox 1878 1315 1974 1342; x_wconf 88' lang='lat' dir='ltr'>ante·</span> 
     </span>
     <span class='ocr_line' id='line_1_24' title="bbox 350 1340 1975 1406; baseline -0.005 -6"><span class='ocrx_word' id='word_1_232' title='bbox 350 1364 504 1400; x_wconf 87' lang='lat' dir='ltr'>maxime</span> <span class='ocrx_word' id='word_1_233' title='bbox 532 1376 653 1399; x_wconf 85' lang='lat' dir='ltr'>coeca.</span> <span class='ocrx_word' id='word_1_234' title='bbox 697 1360 792 1406; x_wconf 83' lang='lat' dir='ltr'>Quia</span> <span class='ocrx_word' id='word_1_235' title='bbox 827 1360 882 1396; x_wconf 88' lang='lat' dir='ltr'>isti</span> <span class='ocrx_word' id='word_1_236' title='bbox 918 1361 1005 1395; x_wconf 70' lang='lat' dir='ltr'>licet</span> <span class='ocrx_word' id='word_1_237' title='bbox 1041 1359 1106 1394; x_wconf 87' lang='lat' dir='ltr'>fint</span> <span class='ocrx_word' id='word_1_238' title='bbox 1189 1340 1323 1404; x_wconf 75' lang='lat' dir='ltr'>lquam</span> <span class='ocrx_word' id='word_1_239' title='bbox 1352 1358 1540 1393; x_wconf 80' lang='lat' dir='ltr'>crudeliter</span> <span class='ocrx_word' id='word_1_240' title='bbox 1579 1358 1825 1405; x_wconf 82' lang='lat' dir='ltr'>perderentur.</span> <span class='ocrx_word' id='word_1_241' title='bbox 1868 1356 1975 1403; x_wconf 82' lang='lat' dir='ltr'>Quod</span> 
     </span>
     <span class='ocr_line' id='line_1_25' title="bbox 349 1396 1975 1456; baseline -0.006 -5"><span class='ocrx_word' id='word_1_242' title='bbox 349 1416 386 1451; x_wconf 93' lang='lat' dir='ltr'>in</span> <span class='ocrx_word' id='word_1_243' title='bbox 415 1414 565 1450; x_wconf 87' lang='lat' dir='ltr'>flammis</span> <span class='ocrx_word' id='word_1_244' title='bbox 601 1413 821 1455; x_wconf 87' lang='lat' dir='ltr'>lucentibus,</span> <span class='ocrx_word' id='word_1_245' title='bbox 858 1420 976 1446; x_wconf 88' lang='lat' dir='ltr'>tamen</span> <span class='ocrx_word' id='word_1_246' title='bbox 1012 1410 1104 1445; x_wconf 81' lang='lat' dir='ltr'>nihil</span> <span class='ocrx_word' id='word_1_247' title='bbox 1189 1396 1275 1451; x_wconf 73' lang='lat' dir='ltr'>lini</span> <span class='ocrx_word' id='word_1_248' title='bbox 1318 1418 1503 1456; x_wconf 69' lang='lat' dir='ltr'>negantes,</span> <span class='ocrx_word' id='word_1_249' title='bbox 1541 1407 1741 1444; x_wconf 85' lang='lat' dir='ltr'>condensati</span> <span class='ocrx_word' id='word_1_250' title='bbox 1777 1407 1861 1443; x_wconf 77' lang='lat' dir='ltr'>sunt·</span> <span class='ocrx_word' id='word_1_251' title='bbox 1882 1408 1975 1443; x_wconf 84' lang='lat' dir='ltr'>inter</span> 
     </span>
     <span class='ocr_line' id='line_1_26' title="bbox 350 1457 1975 1519; baseline -0.005 -19"><span class='ocrx_word' id='word_1_252' title='bbox 350 1466 491 1502; x_wconf 82' lang='lat' dir='ltr'>vident.</span> <span class='ocrx_word' id='word_1_253' title='bbox 529 1467 575 1500; x_wconf 88' lang='lat' dir='ltr'>Et</span> <span class='ocrx_word' id='word_1_254' title='bbox 602 1464 652 1499; x_wconf 87' lang='lat' dir='ltr'>ita</span> <span class='ocrx_word' id='word_1_255' title='bbox 681 1462 717 1498; x_wconf 90' lang='lat' dir='ltr'>in</span> <span class='ocrx_word' id='word_1_256' title='bbox 745 1461 796 1498; x_wconf 89' lang='lat' dir='ltr'>rei</span> <span class='ocrx_word' id='word_1_257' title='bbox 823 1460 999 1503; x_wconf 81' lang='lat' dir='ltr'>veritate,</span> <span class='ocrx_word' id='word_1_258' title='bbox 1028 1473 1104 1495; x_wconf 84' lang='lat' dir='ltr'>mo-</span> <span class='ocrx_word' id='word_1_259' title='bbox 1189 1474 1192 1519; x_wconf 68' lang='grc' dir='ltr'><strong>Ῑ</strong></span> <span class='ocrx_word' id='word_1_260' title='bbox 1219 1457 1251 1493; x_wconf 83' lang='lat' dir='ltr'>se</span> <span class='ocrx_word' id='word_1_261' title='bbox 1292 1458 1432 1497; x_wconf 80' lang='lat' dir='ltr'>taliter,</span> <span class='ocrx_word' id='word_1_262' title='bbox 1474 1458 1567 1505; x_wconf 90' lang='lat' dir='ltr'>quod</span> <span class='ocrx_word' id='word_1_263' title='bbox 1604 1458 1735 1493; x_wconf 77' lang='lat' dir='ltr'>stabant</span> <span class='ocrx_word' id='word_1_264' title='bbox 1776 1457 1840 1493; x_wconf 87' lang='lat' dir='ltr'>fixi</span> <span class='ocrx_word' id='word_1_265' title='bbox 1881 1457 1975 1505; x_wconf 76' lang='lat' dir='ltr'>quasi</span> 
     </span>
    </p>
   </div>
   <div class='ocr_carea' id='block_1_4' title="bbox 346 1546 1976 1707">
    <p class='ocr_par' dir='ltr' id='par_1_4' title="bbox 346 1546 1976 1707">
     <span class='ocr_line' id='line_1_27' title="bbox 346 1546 1976 1614; baseline -0.006 -11"><span class='ocrx_word' id='word_1_266' title='bbox 346 1567 422 1607; x_wconf 88' lang='lat' dir='ltr'>isti,</span> <span class='ocrx_word' id='word_1_267' title='bbox 459 1566 520 1614; x_wconf 87' lang='lat' dir='ltr'>qui</span> <span class='ocrx_word' id='word_1_268' title='bbox 556 1572 761 1612; x_wconf 83' lang='lat' dir='ltr'>reputantur·</span> <span class='ocrx_word' id='word_1_269' title='bbox 797 1561 847 1597; x_wconf 88' lang='lat' dir='ltr'>ita</span> <span class='ocrx_word' id='word_1_270' title='bbox 888 1561 1031 1596; x_wconf 86' lang='lat' dir='ltr'>subtiles</span> <span class='ocrx_word' id='word_1_271' title='bbox 1070 1562 1101 1595; x_wconf 64' lang='grc' dir='ltr'>ὃς</span> <span class='ocrx_word' id='word_1_272' title='bbox 1189 1546 1192 1581; x_wconf 59' lang='lat' dir='ltr'>l</span> <span class='ocrx_word' id='word_1_273' title='bbox 1218 1569 1295 1594; x_wconf 86' lang='lat' dir='ltr'>rent</span> <span class='ocrx_word' id='word_1_274' title='bbox 1323 1558 1363 1594; x_wconf 85' lang='lat' dir='ltr'>ad</span> <span class='ocrx_word' id='word_1_275' title='bbox 1392 1572 1486 1594; x_wconf 83' lang='lat' dir='ltr'>arma</span> <span class='ocrx_word' id='word_1_276' title='bbox 1514 1558 1704 1594; x_wconf 75' lang='lat' dir='ltr'>movenda.</span> <span class='ocrx_word' id='word_1_277' title='bbox 1748 1562 1800 1594; x_wconf 82' lang='lat' dir='ltr'>Ex</span> <span class='ocrx_word' id='word_1_278' title='bbox 1830 1572 1900 1606; x_wconf 88' lang='lat' dir='ltr'>quo</span> <span class='ocrx_word' id='word_1_279' title='bbox 1926 1559 1976 1595; x_wconf 81' lang='lat' dir='ltr'>ir·-</span> 
     </span>
     <span class='ocr_line' id='line_1_28' title="bbox 347 1609 1975 1661; baseline -0.005 -8"><span class='ocrx_word' id='word_1_280' title='bbox 347 1617 502 1660; x_wconf 84' lang='lat' dir='ltr'>oculati‚</span> <span class='ocrx_word' id='word_1_281' title='bbox 543 1616 581 1651; x_wconf 92' lang='lat' dir='ltr'>in</span> <span class='ocrx_word' id='word_1_282' title='bbox 618 1614 687 1650; x_wconf 86' lang='lat' dir='ltr'>fine</span> <span class='ocrx_word' id='word_1_283' title='bbox 725 1612 944 1661; x_wconf 87' lang='lat' dir='ltr'>reperiuntur</span> <span class='ocrx_word' id='word_1_284' title='bbox 971 1611 1100 1647; x_wconf 70' lang='lat' dir='ltr'>aridio·</span> <span class='ocrx_word' id='word_1_285' title='bbox 1147 1610 1178 1642; x_wconf 90' lang='lat' dir='ltr'>D</span> <span class='ocrx_word' id='word_1_286' title='bbox 1218 1609 1398 1645; x_wconf 85' lang='lat' dir='ltr'>ruentibus</span> <span class='ocrx_word' id='word_1_287' title='bbox 1436 1609 1586 1644; x_wconf 88' lang='lat' dir='ltr'>hostibus</span> <span class='ocrx_word' id='word_1_288' title='bbox 1628 1609 1718 1643; x_wconf 59' lang='lat' dir='ltr'>fasta</span> <span class='ocrx_word' id='word_1_289' title='bbox 1763 1609 1807 1644; x_wconf 85' lang='lat' dir='ltr'>est</span> <span class='ocrx_word' id='word_1_290' title='bbox 1850 1622 1975 1657; x_wconf 86' lang='lat' dir='ltr'>magna</span> 
     </span>
     <span class='ocr_line' id='line_1_29' title="bbox 347 1656 1974 1707; baseline -0.005 -4"><span class='ocrx_word' id='word_1_291' title='bbox 347 1681 399 1703; x_wconf 81' lang='lat' dir='ltr'>res</span> <span class='ocrx_word' id='word_1_292' title='bbox 426 1669 458 1702; x_wconf 77' lang='grc' dir='ltr'>ὃ(</span> <span class='ocrx_word' id='word_1_293' title='bbox 488 1665 662 1702; x_wconf 74' lang='lat' dir='ltr'>cocciores</span> <span class='ocrx_word' id='word_1_294' title='bbox 690 1663 789 1698; x_wconf 74' lang='lat' dir='ltr'>aliis.</span> <span class='ocrx_word' id='word_1_295' title='bbox 1128 1663 1131 1689; x_wconf 80' lang='lat'>2</span> <span class='ocrx_word' id='word_1_296' title='bbox 1189 1656 1192 1677; x_wconf 63' lang='lat'>⁹</span> <span class='ocrx_word' id='word_1_297' title='bbox 1217 1661 1360 1699; x_wconf 87' lang='lat' dir='ltr'>caedes,</span> <span class='ocrx_word' id='word_1_298' title='bbox 1389 1659 1570 1707; x_wconf 81' lang='lat' dir='ltr'>praecipue</span> <span class='ocrx_word' id='word_1_299' title='bbox 1599 1660 1640 1693; x_wconf 86' lang='lat' dir='ltr'>ab</span> <span class='ocrx_word' id='word_1_300' title='bbox 1668 1660 1829 1695; x_wconf 79' lang='lat' dir='ltr'>exulibus</span> <span class='ocrx_word' id='word_1_301' title='bbox 1857 1661 1974 1695; x_wconf 83' lang='lat' dir='ltr'>Bono-</span> 
     </span>
    </p>
   </div>
   <div class='ocr_carea' id='block_1_5' title="bbox 349 1508 1975 1648">
    <p class='ocr_par' dir='ltr' id='par_1_5' title="bbox 349 1508 1975 1648">
     <span class='ocr_line' id='line_1_30' title="bbox 349 1508 1975 1648; baseline -0.006 -95"><span class='ocrx_word' id='word_1_302' title='bbox 349 1516 469 1552; x_wconf 86' lang='lat' dir='ltr'>raliter</span> <span class='ocrx_word' id='word_1_303' title='bbox 509 1513 707 1562; x_wconf 78' lang='lat' dir='ltr'>loquendo,</span> <span class='ocrx_word' id='word_1_304' title='bbox 749 1512 785 1547; x_wconf 89' lang='lat' dir='ltr'>in</span> <span class='ocrx_word' id='word_1_305' title='bbox 824 1510 954 1546; x_wconf 88' lang='lat' dir='ltr'>mundo</span> <span class='ocrx_word' id='word_1_306' title='bbox 991 1511 1137 1648; x_wconf 62' lang='lat' dir='ltr'>nostro!</span> <span class='ocrx_word' id='word_1_307' title='bbox 1189 1509 1445 1547; x_wconf 71' lang='lat' dir='ltr'>aimmobiles‚</span> <span class='ocrx_word' id='word_1_308' title='bbox 1483 1509 1534 1543; x_wconf 89' lang='lat' dir='ltr'>ita</span> <span class='ocrx_word' id='word_1_309' title='bbox 1570 1517 1608 1543; x_wconf 91' lang='lat' dir='ltr'>ut</span> <span class='ocrx_word' id='word_1_310' title='bbox 1646 1508 1736 1544; x_wconf 91' lang='lat' dir='ltr'>vires</span> <span class='ocrx_word' id='word_1_311' title='bbox 1773 1522 1842 1544; x_wconf 91' lang='lat' dir='ltr'>non</span> <span class='ocrx_word' id='word_1_312' title='bbox 1870 1508 1975 1544; x_wconf 81' lang='lat' dir='ltr'>habe-</span> 
     </span>
    </p>
   </div>
   <div class='ocr_carea' id='block_1_6' title="bbox 1127 1691 1132 1834">
    <p class='ocr_par' dir='ltr' id='par_1_6' title="bbox 1127 1691 1132 1834">
     <span class='ocr_line' id='line_1_31' title="bbox 1127 1691 1132 1834; baseline 0 1271"><span class='ocrx_word' id='word_1_313' title='bbox 1127 1691 1132 1834; x_wconf 95' lang='lat' dir='ltr'> </span> 
     </span>
    </p>
   </div>
   <div class='ocr_carea' id='block_1_7' title="bbox 345 1709 1974 2007">
    <p class='ocr_par' dir='ltr' id='par_1_7' title="bbox 345 1709 1974 2007">
     <span class='ocr_line' id='line_1_32' title="bbox 396 1709 1974 1762; baseline -0.004 -10"><span class='ocrx_word' id='word_1_314' title='bbox 396 1719 520 1753; x_wconf 73' lang='lat' dir='ltr'>Caduto</span> <span class='ocrx_word' id='word_1_315' title='bbox 542 1715 637 1761; x_wconf 80' lang='lat' dir='ltr'>Je’di</span> <span class='ocrx_word' id='word_1_316' title='bbox 663 1715 768 1762; x_wconf 62' lang='lat' dir='ltr'>ffftclla</span> <span class='ocrx_word' id='word_1_317' title='bbox 793 1714 877 1748; x_wconf 64' lang='lat' dir='ltr'>dds-2</span> <span class='ocrx_word' id='word_1_318' title='bbox 904 1716 1002 1747; x_wconf 78' lang='lat' dir='ltr'>Terra</span> <span class='ocrx_word' id='word_1_319' title='bbox 1216 1710 1388 1745; x_wconf 79' lang='lat' dir='ltr'>nienfibus</span> <span class='ocrx_word' id='word_1_320' title='bbox 1425 1711 1536 1758; x_wconf 77' lang='lat' dir='ltr'>magis</span> <span class='ocrx_word' id='word_1_321' title='bbox 1573 1709 1640 1744; x_wconf 85' lang='lat' dir='ltr'>astu</span> <span class='ocrx_word' id='word_1_322' title='bbox 1682 1719 1826 1752; x_wconf 86' lang='lat' dir='ltr'>contra,</span> <span class='ocrx_word' id='word_1_323' title='bbox 1868 1722 1974 1757; x_wconf 85' lang='lat' dir='ltr'>quarn</span> 
     </span>
     <span class='ocr_line' id='line_1_33' title="bbox 396 1747 1974 1817; baseline -0.004 -15"><span class='ocrx_word' id='word_1_324' title='bbox 396 1769 540 1810; x_wconf 56' lang='lat' dir='ltr'>Latina,</span> <span class='ocrx_word' id='word_1_325' title='bbox 538 1781 799 1797; x_wconf 85' lang='lat'><strong>-------</strong></span> <span class='ocrx_word' id='word_1_326' title='bbox 1187 1747 1191 1817; x_wconf 56' lang='lat' dir='ltr'>l</span> <span class='ocrx_word' id='word_1_327' title='bbox 1215 1761 1327 1803; x_wconf 77' lang='lat' dir='ltr'>ferro,</span> <span class='ocrx_word' id='word_1_328' title='bbox 1357 1760 1387 1795; x_wconf 86' lang='lat' dir='ltr'>se</span> <span class='ocrx_word' id='word_1_329' title='bbox 1416 1759 1447 1795; x_wconf 92' lang='lat' dir='ltr'>se</span> <span class='ocrx_word' id='word_1_330' title='bbox 1474 1760 1718 1806; x_wconf 79' lang='lat' dir='ltr'>opponebant,</span> <span class='ocrx_word' id='word_1_331' title='bbox 1747 1758 1784 1796; x_wconf 67' lang='grc' dir='ltr'>ὃ(</span> <span class='ocrx_word' id='word_1_332' title='bbox 1813 1759 1888 1804; x_wconf 81' lang='lat' dir='ltr'>firi,</span> <span class='ocrx_word' id='word_1_333' title='bbox 1917 1774 1974 1796; x_wconf 88' lang='lat' dir='ltr'>ca—</span> 
     </span>
     <span class='ocr_line' id='line_1_34' title="bbox 345 1809 1973 1861; baseline -0.006 -7"><span class='ocrx_word' id='word_1_334' title='bbox 345 1818 448 1858; x_wconf 82' lang='lat' dir='ltr'>idest,</span> <span class='ocrx_word' id='word_1_335' title='bbox 489 1818 530 1853; x_wconf 88' lang='lat' dir='ltr'>de</span> <span class='ocrx_word' id='word_1_336' title='bbox 572 1815 807 1852; x_wconf 77' lang='lat' dir='ltr'>Romandiola</span> <span class='ocrx_word' id='word_1_337' title='bbox 828 1841 838 1858; x_wconf 93' lang='lat'>‚</span> <span class='ocrx_word' id='word_1_338' title='bbox 884 1827 970 1861; x_wconf 87' lang='lat' dir='ltr'>quae</span> <span class='ocrx_word' id='word_1_339' title='bbox 1011 1812 1104 1848; x_wconf 79' lang='lat' dir='ltr'>inter</span> <span class='ocrx_word' id='word_1_340' title='bbox 1127 1838 1130 1851; x_wconf 73' lang='grc'>,</span> <span class='ocrx_word' id='word_1_341' title='bbox 1186 1820 1190 1845; x_wconf 75' lang='grc' dir='ltr'><strong><em>ἕ</em></strong></span> <span class='ocrx_word' id='word_1_342' title='bbox 1215 1813 1310 1851; x_wconf 84' lang='lat' dir='ltr'>lore,</span> <span class='ocrx_word' id='word_1_343' title='bbox 1347 1809 1384 1846; x_wconf 64' lang='grc' dir='ltr'>ἅ</span> <span class='ocrx_word' id='word_1_344' title='bbox 1413 1810 1564 1859; x_wconf 72' lang='lat' dir='ltr'>angustia</span> <span class='ocrx_word' id='word_1_345' title='bbox 1592 1811 1849 1846; x_wconf 77' lang='lat' dir='ltr'>moriebantur.</span> <span class='ocrx_word' id='word_1_346' title='bbox 1895 1813 1973 1846; x_wconf 90' lang='lat' dir='ltr'>Ho-</span> 
     </span>
     <span class='ocr_line' id='line_1_35' title="bbox 346 1860 1971 1916; baseline -0.006 -12"><span class='ocrx_word' id='word_1_347' title='bbox 346 1869 430 1905; x_wconf 83' lang='lat' dir='ltr'>alias</span> <span class='ocrx_word' id='word_1_348' title='bbox 470 1867 669 1916; x_wconf 75' lang='lat' dir='ltr'>provincias</span> <span class='ocrx_word' id='word_1_349' title='bbox 705 1866 830 1902; x_wconf 71' lang='lat' dir='ltr'>Italiae</span> <span class='ocrx_word' id='word_1_350' title='bbox 867 1865 911 1900; x_wconf 86' lang='lat' dir='ltr'>est</span> <span class='ocrx_word' id='word_1_351' title='bbox 950 1860 1129 1905; x_wconf 56' lang='lat' dir='ltr'>maxime}</span> <span class='ocrx_word' id='word_1_352' title='bbox 1186 1861 1274 1897; x_wconf 62' lang='lat' dir='ltr'>ssststs</span> <span class='ocrx_word' id='word_1_353' title='bbox 1316 1861 1466 1896; x_wconf 66' lang='lat' dir='ltr'>viOtores</span> <span class='ocrx_word' id='word_1_354' title='bbox 1502 1861 1608 1896; x_wconf 87' lang='lat' dir='ltr'>ditati</span> <span class='ocrx_word' id='word_1_355' title='bbox 1645 1860 1765 1909; x_wconf 82' lang='lat' dir='ltr'>spoliis</span> <span class='ocrx_word' id='word_1_356' title='bbox 1795 1861 1872 1896; x_wconf 86' lang='lat' dir='ltr'>sunt</span> <span class='ocrx_word' id='word_1_357' title='bbox 1908 1862 1971 1896; x_wconf 84' lang='lat' dir='ltr'>ho—</span> 
     </span>
     <span class='ocr_line' id='line_1_36' title="bbox 346 1909 1970 1964; baseline -0.005 -9"><span class='ocrx_word' id='word_1_358' title='bbox 346 1933 512 1964; x_wconf 84' lang='lat' dir='ltr'>amoena,</span> <span class='ocrx_word' id='word_1_359' title='bbox 553 1920 587 1953; x_wconf 69' lang='grc' dir='ltr'>ἃ</span> <span class='ocrx_word' id='word_1_360' title='bbox 624 1918 784 1954; x_wconf 85' lang='lat' dir='ltr'>omnium</span> <span class='ocrx_word' id='word_1_361' title='bbox 828 1916 998 1951; x_wconf 83' lang='lat' dir='ltr'>bonorum</span> <span class='ocrx_word' id='word_1_362' title='bbox 1035 1914 1102 1950; x_wconf 76' lang='lat' dir='ltr'>fcr-</span> <span class='ocrx_word' id='word_1_363' title='bbox 1127 1909 1129 1959; x_wconf 62' lang='grc' dir='ltr'>ξ</span> <span class='ocrx_word' id='word_1_364' title='bbox 1184 1930 1188 1964; x_wconf 57' lang='lat'>5</span> <span class='ocrx_word' id='word_1_365' title='bbox 1214 1913 1339 1948; x_wconf 74' lang='lat' dir='ltr'>stium.</span> <span class='ocrx_word' id='word_1_366' title='bbox 1370 1911 1499 1959; x_wconf 84' lang='lat' dir='ltr'>Aliqui</span> <span class='ocrx_word' id='word_1_367' title='bbox 1526 1921 1643 1946; x_wconf 82' lang='lat' dir='ltr'>tamen</span> <span class='ocrx_word' id='word_1_368' title='bbox 1672 1911 1840 1951; x_wconf 88' lang='lat' dir='ltr'>credunt,</span> <span class='ocrx_word' id='word_1_369' title='bbox 1877 1911 1970 1959; x_wconf 88' lang='lat' dir='ltr'>quod</span> 
     </span>
     <span class='ocr_line' id='line_1_37' title="bbox 345 1961 1969 2007; baseline -0.006 -1"><span class='ocrx_word' id='word_1_370' title='bbox 345 1970 444 2007; x_wconf 89' lang='lat' dir='ltr'>tilis.</span> <span class='ocrx_word' id='word_1_371' title='bbox 1184 1968 1187 1985; x_wconf 75' lang='lat'>¹</span> <span class='ocrx_word' id='word_1_372' title='bbox 1214 1963 1273 1998; x_wconf 80' lang='lat' dir='ltr'>iste</span> <span class='ocrx_word' id='word_1_373' title='bbox 1301 1961 1509 1997; x_wconf 79' lang='lat' dir='ltr'>miserabilis</span> <span class='ocrx_word' id='word_1_374' title='bbox 1537 1961 1722 1997; x_wconf 62' lang='lat' dir='ltr'>confiiffius</span> <span class='ocrx_word' id='word_1_375' title='bbox 1758 1975 1828 1996; x_wconf 89' lang='lat' dir='ltr'>non</span> <span class='ocrx_word' id='word_1_376' title='bbox 1858 1962 1969 1998; x_wconf 75' lang='lat' dir='ltr'>solum</span> 
     </span>
    </p>
   </div>
   <div class='ocr_carea' id='block_1_8' title="bbox 1125 1960 1130 2085">
    <p class='ocr_par' dir='ltr' id='par_1_8' title="bbox 1125 1960 1130 2085">
     <span class='ocr_line' id='line_1_38' title="bbox 1125 1960 1130 2085; baseline 0 1020"><span class='ocrx_word' id='word_1_377' title='bbox 1125 1960 1130 2085; x_wconf 95' lang='lat' dir='ltr'> </span> 
     </span>
    </p>
   </div>
   <div class='ocr_carea' id='block_1_9' title="bbox 345 1988 1968 2115">
    <p class='ocr_par' dir='ltr' id='par_1_9' title="bbox 345 1988 1968 2115">
     <span class='ocr_line' id='line_1_39' title="bbox 394 1988 1968 2064; baseline -0.005 -9"><span class='ocrx_word' id='word_1_378' title='bbox 394 2042 411 2048; x_wconf 82' lang='lat'><em>—</em></span> <span class='ocrx_word' id='word_1_379' title='bbox 437 2042 453 2047; x_wconf 93' lang='lat'><em>—</em></span> <span class='ocrx_word' id='word_1_380' title='bbox 479 2041 496 2048; x_wconf 89' lang='lat'>-</span> <span class='ocrx_word' id='word_1_381' title='bbox 522 2041 539 2046; x_wconf 92' lang='lat'>—</span> <span class='ocrx_word' id='word_1_382' title='bbox 565 2019 637 2054; x_wconf 84' lang='lat' dir='ltr'>ond’</span> <span class='ocrx_word' id='word_1_383' title='bbox 652 2018 680 2052; x_wconf 76' lang='lat'>1⁸0</span> <span class='ocrx_word' id='word_1_384' title='bbox 706 2018 771 2052; x_wconf 78' lang='lat' dir='ltr'>mia</span> <span class='ocrx_word' id='word_1_385' title='bbox 797 2017 884 2064; x_wconf 78' lang='lat' dir='ltr'>calpa</span> <span class='ocrx_word' id='word_1_386' title='bbox 910 2027 996 2051; x_wconf 75' lang='lat' dir='ltr'>tutta</span> <span class='ocrx_word' id='word_1_387' title='bbox 1022 2029 1102 2051; x_wconf 70' lang='lat' dir='ltr'>reso.</span> <span class='ocrx_word' id='word_1_388' title='bbox 1184 1988 1188 2037; x_wconf 69' lang='lat' dir='ltr'>l</span> <span class='ocrx_word' id='word_1_389' title='bbox 1213 2014 1316 2062; x_wconf 69' lang='lat' dir='ltr'>operti</span> <span class='ocrx_word' id='word_1_390' title='bbox 1351 2012 1508 2049; x_wconf 85' lang='lat' dir='ltr'>Comitis</span> <span class='ocrx_word' id='word_1_391' title='bbox 1536 2011 1731 2052; x_wconf 87' lang='lat' dir='ltr'>Guidonis,</span> <span class='ocrx_word' id='word_1_392' title='bbox 1768 2011 1822 2048; x_wconf 87' lang='lat' dir='ltr'>sed</span> <span class='ocrx_word' id='word_1_393' title='bbox 1860 2013 1968 2048; x_wconf 83' lang='lat' dir='ltr'>etiam</span> 
     </span>
     <span class='ocr_line' id='line_1_40' title="bbox 345 2044 1968 2115; baseline -0.004 -9"><span class='ocrx_word' id='word_1_394' title='bbox 345 2072 448 2115; x_wconf 82' lang='lat' dir='ltr'>idest,</span> <span class='ocrx_word' id='word_1_395' title='bbox 487 2072 524 2107; x_wconf 89' lang='lat' dir='ltr'>in</span> <span class='ocrx_word' id='word_1_396' title='bbox 561 2083 600 2106; x_wconf 86' lang='lat' dir='ltr'>ea</span> <span class='ocrx_word' id='word_1_397' title='bbox 641 2071 751 2105; x_wconf 79' lang='lat' dir='ltr'>Terra</span> <span class='ocrx_word' id='word_1_398' title='bbox 793 2067 933 2103; x_wconf 82' lang='lat' dir='ltr'>exercui</span> <span class='ocrx_word' id='word_1_399' title='bbox 961 2079 1103 2115; x_wconf 79' lang='lat' dir='ltr'>magnas</span> <span class='ocrx_word' id='word_1_400' title='bbox 1146 2044 1188 2094; x_wconf 71' lang='lat' dir='ltr'>El</span> <span class='ocrx_word' id='word_1_401' title='bbox 1211 2065 1314 2112; x_wconf 68' lang='lat' dir='ltr'>opera</span> <span class='ocrx_word' id='word_1_402' title='bbox 1342 2062 1484 2099; x_wconf 87' lang='lat' dir='ltr'>alterius</span> <span class='ocrx_word' id='word_1_403' title='bbox 1511 2063 1695 2107; x_wconf 86' lang='lat' dir='ltr'>Comitis,</span> <span class='ocrx_word' id='word_1_404' title='bbox 1737 2062 1798 2111; x_wconf 87' lang='lat' dir='ltr'>qui</span> <span class='ocrx_word' id='word_1_405' title='bbox 1826 2072 1900 2099; x_wconf 89' lang='lat' dir='ltr'>erat</span> <span class='ocrx_word' id='word_1_406' title='bbox 1926 2077 1968 2099; x_wconf 81' lang='lat' dir='ltr'>ex</span> 
     </span>
    </p>
   </div>
   <div class='ocr_carea' id='block_1_10' title="bbox 342 2113 1969 2570">
    <p class='ocr_par' dir='ltr' id='par_1_10' title="bbox 342 2113 1969 2519">
     <span class='ocr_line' id='line_1_41' title="bbox 346 2113 1969 2168; baseline -0.006 -10"><span class='ocrx_word' id='word_1_407' title='bbox 346 2122 583 2164; x_wconf 72' lang='lat' dir='ltr'>calliditates,</span> <span class='ocrx_word' id='word_1_408' title='bbox 620 2119 749 2168; x_wconf 89' lang='lat' dir='ltr'>quibus</span> <span class='ocrx_word' id='word_1_409' title='bbox 784 2118 925 2153; x_wconf 79' lang='lat' dir='ltr'>obtinui</span> <span class='ocrx_word' id='word_1_410' title='bbox 962 2130 1103 2165; x_wconf 79' lang='lat' dir='ltr'>magnas</span> <span class='ocrx_word' id='word_1_411' title='bbox 1213 2124 1309 2163; x_wconf 87' lang='lat' dir='ltr'>parte</span> <span class='ocrx_word' id='word_1_412' title='bbox 1336 2113 1633 2158; x_wconf 80' lang='lat' dir='ltr'>Bononienfium‚</span> <span class='ocrx_word' id='word_1_413' title='bbox 1660 2113 1837 2149; x_wconf 84' lang='lat' dir='ltr'>evenerit.</span> <span class='ocrx_word' id='word_1_414' title='bbox 1876 2116 1969 2150; x_wconf 89' lang='lat' dir='ltr'>Nam</span> 
     </span>
     <span class='ocr_line' id='line_1_42' title="bbox 345 2162 1969 2218; baseline -0.005 -11"><span class='ocrx_word' id='word_1_415' title='bbox 345 2173 534 2209; x_wconf 68' lang='grc' dir='ltr'>νίἃοῑίεε.</span> <span class='ocrx_word' id='word_1_416' title='bbox 561 2174 608 2207; x_wconf 86' lang='lat' dir='ltr'>Et</span> <span class='ocrx_word' id='word_1_417' title='bbox 628 2171 694 2206; x_wconf 82' lang='lat' dir='ltr'>hoc</span> <span class='ocrx_word' id='word_1_418' title='bbox 715 2183 778 2218; x_wconf 81' lang='lat' dir='ltr'>pro</span> <span class='ocrx_word' id='word_1_419' title='bbox 801 2178 899 2205; x_wconf 85' lang='lat' dir='ltr'>tanto</span> <span class='ocrx_word' id='word_1_420' title='bbox 923 2167 1011 2203; x_wconf 89' lang='lat' dir='ltr'>dicit</span> <span class='ocrx_word' id='word_1_421' title='bbox 1031 2170 1103 2203; x_wconf 89' lang='lat' dir='ltr'>Co—</span> <span class='ocrx_word' id='word_1_422' title='bbox 1212 2162 1356 2214; x_wconf 88' lang='lat' dir='ltr'>quidam</span> <span class='ocrx_word' id='word_1_423' title='bbox 1406 2166 1536 2200; x_wconf 84' lang='lat' dir='ltr'>Comes</span> <span class='ocrx_word' id='word_1_424' title='bbox 1586 2164 1627 2199; x_wconf 91' lang='lat' dir='ltr'>de</span> <span class='ocrx_word' id='word_1_425' title='bbox 1667 2164 1798 2200; x_wconf 89' lang='lat' dir='ltr'>Panico</span> <span class='ocrx_word' id='word_1_426' title='bbox 1838 2163 1969 2200; x_wconf 85' lang='lat' dir='ltr'>dicitur</span> 
     </span>
     <span class='ocr_line' id='line_1_43' title="bbox 343 2214 1968 2269; baseline -0.007 -10"><span class='ocrx_word' id='word_1_427' title='bbox 343 2237 441 2267; x_wconf 89' lang='lat' dir='ltr'>mes,</span> <span class='ocrx_word' id='word_1_428' title='bbox 469 2223 551 2269; x_wconf 87' lang='lat' dir='ltr'>quia</span> <span class='ocrx_word' id='word_1_429' title='bbox 579 2221 859 2269; x_wconf 79' lang='lat' dir='ltr'>imaginabatur,</span> <span class='ocrx_word' id='word_1_430' title='bbox 896 2218 989 2265; x_wconf 90' lang='lat' dir='ltr'>quod</span> <span class='ocrx_word' id='word_1_431' title='bbox 1027 2220 1104 2254; x_wconf 91' lang='lat' dir='ltr'>Au-</span> <span class='ocrx_word' id='word_1_432' title='bbox 1214 2215 1436 2263; x_wconf 72' lang='lat' dir='ltr'>proclamasse</span> <span class='ocrx_word' id='word_1_433' title='bbox 1464 2215 1501 2250; x_wconf 92' lang='lat' dir='ltr'>in</span> <span class='ocrx_word' id='word_1_434' title='bbox 1529 2214 1630 2264; x_wconf 81' lang='lat' dir='ltr'>fuga:</span> <span class='ocrx_word' id='word_1_435' title='bbox 1669 2216 1787 2262; x_wconf 85' lang='lat' dir='ltr'>Popule</span> <span class='ocrx_word' id='word_1_436' title='bbox 1813 2216 1968 2254; x_wconf 82' lang='lat' dir='ltr'>marcide,</span> 
     </span>
     <span class='ocr_line' id='line_1_44' title="bbox 343 2264 1968 2319; baseline -0.006 -10"><span class='ocrx_word' id='word_1_437' title='bbox 343 2273 421 2309; x_wconf 64' lang='lat' dir='ltr'>&amp;or</span> <span class='ocrx_word' id='word_1_438' title='bbox 447 2274 528 2308; x_wconf 82' lang='lat' dir='ltr'>effet</span> <span class='ocrx_word' id='word_1_439' title='bbox 556 2272 685 2319; x_wconf 77' lang='lat' dir='ltr'>aliquis</span> <span class='ocrx_word' id='word_1_440' title='bbox 713 2270 838 2305; x_wconf 86' lang='lat' dir='ltr'>astutus</span> <span class='ocrx_word' id='word_1_441' title='bbox 857 2296 866 2311; x_wconf 91' lang='lat'>‚</span> <span class='ocrx_word' id='word_1_442' title='bbox 893 2269 1101 2312; x_wconf 87' lang='lat' dir='ltr'>damnatus,</span> <span class='ocrx_word' id='word_1_443' title='bbox 1213 2267 1279 2314; x_wconf 80' lang='lat' dir='ltr'>lege</span> <span class='ocrx_word' id='word_1_444' title='bbox 1305 2270 1456 2301; x_wconf 65' lang='lat' dir='ltr'>statuta.</span> <span class='ocrx_word' id='word_1_445' title='bbox 1492 2268 1538 2301; x_wconf 88' lang='lat' dir='ltr'>Et</span> <span class='ocrx_word' id='word_1_446' title='bbox 1574 2265 1691 2302; x_wconf 86' lang='lat' dir='ltr'>subdit</span> <span class='ocrx_word' id='word_1_447' title='bbox 1726 2264 1968 2302; x_wconf 80' lang='lat' dir='ltr'>confirmatio-</span> 
     </span>
     <span class='ocr_line' id='line_1_45' title="bbox 342 2315 1966 2372; baseline -0.006 -13"><span class='ocrx_word' id='word_1_448' title='bbox 342 2324 403 2372; x_wconf 89' lang='lat' dir='ltr'>qui</span> <span class='ocrx_word' id='word_1_449' title='bbox 432 2337 540 2370; x_wconf 82' lang='lat' dir='ltr'>nuper</span> <span class='ocrx_word' id='word_1_450' title='bbox 565 2321 712 2357; x_wconf 70' lang='lat' dir='ltr'>venisset</span> <span class='ocrx_word' id='word_1_451' title='bbox 732 2320 772 2355; x_wconf 92' lang='lat' dir='ltr'>ad</span> <span class='ocrx_word' id='word_1_452' title='bbox 801 2332 967 2367; x_wconf 90' lang='lat' dir='ltr'>poenam.</span> <span class='ocrx_word' id='word_1_453' title='bbox 997 2319 1098 2354; x_wconf 86' lang='lat' dir='ltr'>Unde</span> <span class='ocrx_word' id='word_1_454' title='bbox 1213 2330 1292 2353; x_wconf 85' lang='lat' dir='ltr'>nem</span> <span class='ocrx_word' id='word_1_455' title='bbox 1330 2316 1407 2353; x_wconf 89' lang='lat' dir='ltr'>suae</span> <span class='ocrx_word' id='word_1_456' title='bbox 1443 2315 1651 2366; x_wconf 85' lang='lat' dir='ltr'>petitionis,</span> <span class='ocrx_word' id='word_1_457' title='bbox 1692 2315 1830 2352; x_wconf 88' lang='lat' dir='ltr'>dicens.</span> <span class='ocrx_word' id='word_1_458' title='bbox 1882 2315 1966 2351; x_wconf 86' lang='lat' dir='ltr'>Ideo</span> 
     </span>
     <span class='ocr_line' id='line_1_46' title="bbox 342 2365 1966 2421; baseline -0.006 -12"><span class='ocrx_word' id='word_1_459' title='bbox 342 2375 383 2410; x_wconf 81' lang='lat' dir='ltr'>ad</span> <span class='ocrx_word' id='word_1_460' title='bbox 420 2372 688 2421; x_wconf 80' lang='lat' dir='ltr'>intelligendam</span> <span class='ocrx_word' id='word_1_461' title='bbox 725 2370 822 2406; x_wconf 87' lang='lat' dir='ltr'>istam</span> <span class='ocrx_word' id='word_1_462' title='bbox 868 2369 1006 2404; x_wconf 84' lang='lat' dir='ltr'>literam</span> <span class='ocrx_word' id='word_1_463' title='bbox 1054 2368 1100 2404; x_wconf 86' lang='lat' dir='ltr'>est</span> <span class='ocrx_word' id='word_1_464' title='bbox 1214 2367 1423 2416; x_wconf 86' lang='lat' dir='ltr'>petitionem</span> <span class='ocrx_word' id='word_1_465' title='bbox 1480 2377 1561 2416; x_wconf 93' lang='lat' dir='ltr'>peto</span> <span class='ocrx_word' id='word_1_466' title='bbox 1614 2367 1657 2402; x_wconf 89' lang='lat' dir='ltr'>de</span> <span class='ocrx_word' id='word_1_467' title='bbox 1707 2365 1938 2402; x_wconf 85' lang='lat' dir='ltr'>Romandiola</span> <span class='ocrx_word' id='word_1_468' title='bbox 1956 2391 1966 2406; x_wconf 91' lang='lat'>,</span> 
     </span>
     <span class='ocr_line' id='line_1_47' title="bbox 343 2414 1963 2468; baseline -0.007 -7"><span class='ocrx_word' id='word_1_469' title='bbox 343 2426 497 2462; x_wconf 87' lang='lat' dir='ltr'>breviter</span> <span class='ocrx_word' id='word_1_470' title='bbox 524 2422 721 2460; x_wconf 87' lang='lat' dir='ltr'>sciendum,</span> <span class='ocrx_word' id='word_1_471' title='bbox 759 2419 851 2468; x_wconf 84' lang='lat' dir='ltr'>quod</span> <span class='ocrx_word' id='word_1_472' title='bbox 882 2419 942 2455; x_wconf 86' lang='lat' dir='ltr'>iste</span> <span class='ocrx_word' id='word_1_473' title='bbox 969 2422 1097 2456; x_wconf 86' lang='lat' dir='ltr'>Comes</span> <span class='ocrx_word' id='word_1_474' title='bbox 1212 2418 1295 2466; x_wconf 85' lang='lat' dir='ltr'>quia</span> <span class='ocrx_word' id='word_1_475' title='bbox 1315 2417 1366 2454; x_wconf 88' lang='lat' dir='ltr'>fui</span> <span class='ocrx_word' id='word_1_476' title='bbox 1382 2418 1423 2455; x_wconf 87' lang='lat' dir='ltr'>de</span> <span class='ocrx_word' id='word_1_477' title='bbox 1439 2418 1594 2466; x_wconf 82' lang='lat' dir='ltr'>partibus</span> <span class='ocrx_word' id='word_1_478' title='bbox 1614 2418 1708 2454; x_wconf 87' lang='lat' dir='ltr'>illis.</span> <span class='ocrx_word' id='word_1_479' title='bbox 1736 2416 1837 2452; x_wconf 91' lang='lat' dir='ltr'>Unde</span> <span class='ocrx_word' id='word_1_480' title='bbox 1853 2414 1963 2450; x_wconf 88' lang='lat' dir='ltr'>dicit:</span> 
     </span>
     <span class='ocr_line' id='line_1_48' title="bbox 342 2468 1622 2519; baseline -0.009 -5"><span class='ocrx_word' id='word_1_481' title='bbox 342 2476 492 2514; x_wconf 80' lang='lat' dir='ltr'>famosus</span> <span class='ocrx_word' id='word_1_482' title='bbox 508 2474 644 2511; x_wconf 81' lang='lat' dir='ltr'>&amp;felix</span> <span class='ocrx_word' id='word_1_483' title='bbox 665 2473 702 2508; x_wconf 91' lang='lat' dir='ltr'>in</span> <span class='ocrx_word' id='word_1_484' title='bbox 725 2471 882 2518; x_wconf 80' lang='lat' dir='ltr'>proelio,</span> <span class='ocrx_word' id='word_1_485' title='bbox 910 2471 1006 2519; x_wconf 74' lang='lat' dir='ltr'>saepe</span> <span class='ocrx_word' id='word_1_486' title='bbox 1027 2480 1096 2505; x_wconf 84' lang='lat' dir='ltr'>ter·</span> <span class='ocrx_word' id='word_1_487' title='bbox 1262 2469 1320 2504; x_wconf 82' lang='lat' dir='ltr'>Ch’</span> <span class='ocrx_word' id='word_1_488' title='bbox 1335 2469 1416 2513; x_wconf 79' lang='lat' dir='ltr'>i&#39;fui</span> <span class='ocrx_word' id='word_1_489' title='bbox 1441 2468 1490 2504; x_wconf 86' lang='lat' dir='ltr'>de’</span> <span class='ocrx_word' id='word_1_490' title='bbox 1501 2469 1622 2514; x_wconf 82' lang='lat' dir='ltr'>monti,</span> 
     </span>
    </p>

    <p class='ocr_par' dir='ltr' id='par_1_11' title="bbox 342 2515 1965 2570">
     <span class='ocr_line' id='line_1_49' title="bbox 342 2515 1965 2570; baseline -0.009 -4"><span class='ocrx_word' id='word_1_491' title='bbox 342 2543 414 2566; x_wconf 87' lang='lat' dir='ltr'>ram</span> <span class='ocrx_word' id='word_1_492' title='bbox 445 2524 699 2564; x_wconf 88' lang='lat' dir='ltr'>Romandiolae</span> <span class='ocrx_word' id='word_1_493' title='bbox 726 2521 911 2558; x_wconf 77' lang='lat' dir='ltr'>madefecit</span> <span class='ocrx_word' id='word_1_494' title='bbox 933 2520 1097 2570; x_wconf 80' lang='lat' dir='ltr'>sanguine</span> <span class='ocrx_word' id='word_1_495' title='bbox 1185 2520 1304 2568; x_wconf 67' lang='lat' dir='ltr'>{quasi</span> <span class='ocrx_word' id='word_1_496' title='bbox 1345 2520 1466 2557; x_wconf 85' lang='lat' dir='ltr'>dicat:</span> <span class='ocrx_word' id='word_1_497' title='bbox 1514 2519 1582 2554; x_wconf 80' lang='lat' dir='ltr'>Fui</span> <span class='ocrx_word' id='word_1_498' title='bbox 1619 2518 1656 2553; x_wconf 77' lang='lat' dir='ltr'>di</span> <span class='ocrx_word' id='word_1_499' title='bbox 1681 2520 1794 2552; x_wconf 77' lang='lat' dir='ltr'>Monte</span> <span class='ocrx_word' id='word_1_500' title='bbox 1834 2515 1965 2551; x_wconf 76' lang='lat' dir='ltr'>Feltro.</span> 
     </span>
    </p>
   </div>
   <div class='ocr_carea' id='block_1_11' title="bbox 1823 2568 1916 2602">
    <p class='ocr_par' dir='ltr' id='par_1_12' title="bbox 1823 2568 1916 2602">
     <span class='ocr_line' id='line_1_50' title="bbox 1823 2568 1916 2602; baseline -0.022 0"><span class='ocrx_word' id='word_1_501' title='bbox 1823 2568 1916 2602; x_wconf 91' lang='lat' dir='ltr'>Nam</span> 
     </span>
    </p>
   </div>
  </div>
 </body>
</html>
