2216 3105
269 257 353 298 753
543 238 845 283 COMMENT.
885 240 950 282 m
985 235 1212 282 DANTJS
1249 234 1491 277 COMOED.
1700 247 1786 288 754

216 300 355 336 decimo
385 297 439 334 vel
467 296 758 346 quintodecimo.

217 364 233 385 e
259 352 294 386 la
318 352 388 385 dote
414 362 473 383 non
499 348 612 395 suggia
637 353 672 382 la
695 349 811 389 misma
837 351 970 396 quincii,

219 400 304 437 idest
331 414 371 436 ex
400 400 469 436 alia
507 409 628 447 parte,
665 398 750 434 sicut
778 413 886 436 nunc.
925 403 972 435 Et

220 451 299 487 heic
326 460 435 489 nota,
472 450 564 496 quod
593 449 765 495 Licurgus
793 450 876 486 fecit
905 453 974 486 Le-

220 514 320 549 gem.
349 510 387 536 ut
414 499 564 535 feminae
591 500 760 535 nuberent
787 499 854 535 fine
873 501 975 537 dote.

220 554 394 587 Attamen
431 550 616 586 secundum
661 551 732 594 iura
769 550 906 586 Civilia
941 552 974 586 &

223 601 404 638 canonica
434 601 558 636 melius
594 600 663 641 est,
701 600 793 648 quod
831 600 892 637 dos
919 601 977 636 de-

222 662 298 688 tur.
327 652 422 698 Quia
451 651 582 687 solebat
602 665 689 687 unus
717 651 895 699 praedives
914 652 978 688 Ci-

222 703 277 738 vis
314 703 393 737 dare
431 701 524 737 filiae
560 701 637 738 suae
675 702 712 736 in
740 702 858 738 dotem
896 701 977 739 CC.

223 754 280 787 vel
308 751 427 788 CCC.
458 755 614 787 Aureos.
643 755 747 788 Nunc
775 763 892 788 autem
919 753 979 787 dat

223 801 324 838 MM.
361 804 403 847 &y
431 804 521 837 MD.
549 804 595 837 Et
631 801 709 837 heic
745 813 848 842 nota,
885 803 978 850 quod

223 853 310 888 licet
345 852 406 888 dos
443 851 542 888 detur
578 852 728 888 feminae
765 862 904 901 propter
939 867 978 888 o-

223 916 305 938 nera
339 902 559 938 matrimonii
591 902 829 943 sustentanda,
860 913 975 938 tamen

225 952 393 1001 superflua
415 953 476 987 dos
501 966 570 987 non
597 954 756 989 laudatur
772 981 781 998 ‚
808 967 895 1002 quae
919 953 978 989 de-

225 1012 391 1052 pauperat
419 1003 582 1039 domum.

277 1057 349 1088 Non
377 1068 457 1088 uvea
484 1075 713 1082 ------

228 1105 320 1140 Heic
367 1103 601 1152 Caeciaguida
643 1104 808 1140 describit
854 1108 977 1141 luxum

228 1155 512 1190 Florentinorum
550 1155 586 1189 in
624 1155 856 1203 amplitudine
892 1156 979 1191 stan-

226 1204 383 1249 tiarum,
420 1203 458 1239 &
497 1205 650 1241 mollitie
687 1205 980 1254 supellecsslium,

227 1255 365 1290 dicens:
396 1257 442 1290 Et
470 1255 648 1291 Florentia
676 1265 832 1302 tempore
860 1269 938 1292 meo

279 1308 351 1340 Non
378 1319 460 1340 avea
485 1306 549 1350 case
575 1307 611 1340 di
632 1306 785 1352 famiglia
809 1318 905 1346 vote,

227 1357 421 1404 Exponunt
448 1355 580 1403 aliqui,
608 1356 688 1403 quia
719 1357 872 1392 nondum
897 1367 980 1393 tunc

227 1417 324 1442 erant
341 1406 450 1441 faciae
466 1406 680 1453 expulsiones
699 1407 854 1442 Partium
868 1435 878 1450 ‚
894 1420 981 1455 quae

226 1457 339 1504 postea
375 1456 485 1492 fafflae
513 1456 590 1492 sunt
627 1456 746 1503 saepe.
782 1460 828 1492 Et
864 1470 981 1492 recen-

225 1514 279 1540 ter
314 1515 411 1540 erant
448 1506 557 1539 fafflae
593 1515 750 1552 tempore
786 1507 852 1541 illo
873 1534 881 1541 .
919 1506 981 1542 Sed

224 1554 286 1591 ista
314 1553 510 1601 expolitio,
548 1553 634 1590 licet
662 1555 823 1590 videatur
859 1556 981 1591 conso-

227 1619 292 1644 na,
320 1618 389 1640 non
418 1604 462 1640 est
489 1613 606 1639 tamen
635 1618 734 1640 vera.
772 1606 866 1652 Quia
895 1606 981 1642 licet

226 1655 337 1690 {astae
358 1654 462 1689 effent
489 1654 570 1689 istae
597 1655 835 1701 expulsiones,
864 1666 980 1692 tamen

226 1704 277 1740 ita
313 1703 569 1752 germinaverat
605 1705 804 1741 Florentiae
841 1706 981 1750 semen,

227 1755 320 1803 quod
349 1753 528 1789 1³·101entia
556 1763 628 1788 erat
652 1753 799 1799 decuplo
826 1757 902 1803 plus
930 1771 983 1792 re-

229 1807 370 1854 plera„
350 1804 510 1839 uentibus
540 1803 601 1838 isto
629 1813 812 1851 tempore,
848 1805 886 1840 in
914 1819 983 1853 quo

229 1855 411 1904 loquitur,
448 1867 551 1901 quam
580 1865 737 1902 ternpore
764 1854 866 1901 ipsius
893 1858 983 1892 Cac-

230 1905 431 1954 ciaguidae,
463 1904 547 1940 sicut
575 1904 720 1952 ipsemet
747 1905 840 1942 dicet
868 1907 905 1941 in
934 1906 984 1941 se-

227 1957 352 2004 quenti
380 1933 569 2003 Cxipitulo.
597 1955 681 1990 Ideo
708 1966 924 2004 exponatur,
950 1958 982 1991 &

228 2007 370 2046 verius,
408 2005 500 2053 quod
537 2005 602 2041 hoc
639 2006 749 2044 dicit,
786 2006 867 2054 quia
896 2016 985 2042 tem-

230 2071 312 2104 pore
345 2057 405 2092 suo
441 2056 572 2091 stabant
599 2055 684 2092 duae
711 2055 749 2092 &
777 2066 846 2093 tres
882 2056 985 2093 fami—

231 2109 300 2143 liae
327 2107 363 2142 in
392 2119 458 2142 una
486 2105 622 2153 angusta
646 2107 772 2142 domo.
802 2110 905 2142 Nunc
925 2121 985 2143 au-

230 2168 302 2194 tem
331 2171 349 2192 e
378 2166 499 2192 contra
531 2169 616 2191 unus
653 2156 878 2192 Florentinus
906 2171 983 2193 cum

230 2221 338 2245 uxore
358 2208 390 2242 S<
412 2207 545 2242 duobus
574 2205 658 2241 filiis
686 2216 781 2242 tenet
811 2207 984 2243 Palatium

231 2259 385 2306 amplum
412 2282 422 2296 ‚
463 2257 500 2292 in
537 2271 607 2305 quo
644 2257 826 2293 commode
861 2258 985 2294 starent

230 2310 349 2345 decem
378 2307 554 2343 familiae.
582 2310 629 2343 Et
657 2307 771 2343 subdit
792 2308 982 2344 mollitiem

231 2372 442 2395 camerarum
470 2357 673 2404 superfluam
703 2371 761 2404 per
785 2360 984 2404 exemplum

229 2408 479 2455 Sardanapali.
509 2409 566 2443 Ad
594 2408 731 2444 literam
760 2422 842 2453 ergo
869 2409 983 2444 dicit:

281 2463 353 2494 Non
373 2458 407 2493 v’
419 2472 471 2493 era
494 2459 608 2504 giunta
633 2472 722 2493 amor
744 2460 985 2505 Sardanapalo,

231 2510 337 2552 idest,
366 2509 520 2545 nondum
546 2519 749 2554 pervenerat
769 2508 986 2545 Florentiam

231 2560 405 2598 mollities
432 2559 653 2609 Sardanapali
668 2572 682 2608 3

797 298 970 335 Similiter
1012 300 1042 334 A

1136 300 1179 332 A
1196 295 1323 337 mostrar
1341 297 1384 328 cib
1396 322 1406 337 ,
1425 292 1518 328 che’n
1538 305 1657 328 camera
1675 291 1708 333 fi
1733 298 1841 334 puote.

1090 348 1181 383 Nam
1211 345 1457 391 Sardanapalus
1487 343 1555 379 fuit
1585 340 1840 378 studiofiffimus

1089 398 1179 432 circa
1221 395 1407 431 muliebres
1445 393 1615 428 mollities
1656 391 1842 428 invenien-

1089 448 1166 483 das.
1198 446 1280 482 Fuit
1307 445 1400 481 enim
1431 444 1583 491 primus,
1614 443 1675 490 qui
1703 441 1842 477 invenit

1090 497 1185 533 usum
1215 497 1381 532 culcitrae
1409 495 1442 530 8<
1472 495 1692 540 plumarum.
1729 491 1842 526 Modo

1091 548 1130 583 ad
1174 545 1385 595 propositum
1423 546 1502 580 vult
1541 544 1654 580 dicere
1694 540 1843 577 Caccia—

1091 597 1217 646 guida‚
1246 597 1339 644 quod
1368 606 1523 643 tempore
1560 593 1620 630 suo
1646 606 1716 629 non
1745 599 1844 627 erant

1092 648 1291 684 Florentiae
1322 647 1381 682 illa
1412 655 1615 681 ornamenta
1641 645 1675 679 &
1705 655 1845 691 praepa—

1092 708 1247 734 ramenta
1274 700 1520 736 camerarum,
1548 709 1635 744 quae
1663 694 1741 730 sunt
1768 705 1845 728 mo—

1092 749 1160 784 do.
1199 752 1290 784 Nam
1329 761 1398 782 non
1426 747 1549 790 credo,
1587 744 1678 791 quod
1715 744 1780 779 sint
1807 743 1845 777 in

1095 799 1226 835 mundo
1272 811 1426 834 camerae
1472 806 1542 832 tam
1587 794 1772 831 deliciosae
1811 794 1846 828 &

1094 849 1341 898 superfluitatis
1379 849 1525 896 plenae,
1561 859 1663 894 quam
1702 846 1847 880 Floren-

1093 901 1185 936 tiae.
1223 903 1460 947 Unaquaeque
1495 897 1590 933 enim
1627 896 1765 931 videtur
1792 908 1848 930 ca·

1094 965 1186 986 mera
1215 951 1388 999 Reginae.
1418 951 1464 984 Et
1490 947 1611 984 omnia
1637 946 1697 982 ista
1725 945 1849 981 instru-

1094 1013 1210 1036 menta
1231 1001 1308 1036 sunt
1329 1000 1369 1034 ad
1390 998 1576 1035 libidinem
1597 997 1847 1033 incitamenta

1143 1055 1215 1086 Non
1243 1065 1294 1086 era
1320 1050 1411 1084 vinto
1437 1069 1623 1076 -----

1094 1102 1186 1137 Heic
1214 1101 1448 1149 Cacciaguida
1484 1098 1648 1135 describit
1676 1097 1848 1133 ambitum

1095 1152 1294 1188 Florentiae
1331 1151 1368 1186 in
1396 1149 1633 1186 sumtuofitate
1664 1148 1848 1184 altissimo-

1095 1216 1171 1238 rum
1200 1201 1460 1238 aedificiorum.
1498 1203 1544 1235 Et
1571 1200 1612 1235 ad
1643 1199 1849 1247 intelligen-

1097 1254 1183 1288 tiam
1212 1253 1314 1301 hujus
1341 1252 1463 1288 literae
1490 1251 1535 1286 est
1571 1250 1725 1286 breviter
1753 1262 1849 1298 prae—

1097 1304 1314 1343 notandum,
1351 1302 1443 1350 quod
1480 1300 1735 1337 sententialiter
1771 1300 1849 1334 vult

1096 1354 1230 1394 dicere,
1266 1354 1359 1410 quod
1387 1363 1543 1401 tempore
1571 1351 1630 1387 suo
1658 1352 1728 1386 alta
1755 1351 1850 1398 pala—

1097 1406 1145 1440 tia
1166 1406 1197 1439 8<
1221 1404 1359 1440 moenia
1388 1402 1672 1438 Florentinorum
1695 1401 1850 1436 nondum

1096 1455 1299 1503 superabant
1324 1454 1482 1497 aedificia
1507 1456 1658 1488 Romae.
1686 1454 1766 1487 Hoc
1792 1464 1851 1486 au-

1097 1516 1166 1540 tem
1196 1505 1329 1540 indicat
1366 1518 1423 1551 per
1451 1505 1535 1539 duos
1564 1512 1727 1541 montes,
1764 1515 1853 1550 quo-

1096 1569 1171 1591 rum
1201 1568 1287 1590 unus
1315 1554 1461 1589 ostendit
1490 1555 1620 1589 Urbem
1657 1556 1804 1589 Romam
1835 1565 1853 1588 a

1097 1607 1227 1654 longe,
1264 1606 1353 1640 alter
1388 1604 1585 1640 Civitatem
1624 1604 1852 1646 Florentiae,

1097 1656 1240 1691 dicens·
1280 1658 1392 1689 Monte
1419 1655 1535 1689 Malo.
1572 1653 1644 1689 Hic
1672 1653 1716 1689 est
1743 1653 1851 1688 Mons

1098 1716 1195 1742 extra
1225 1706 1359 1741 Urbem
1390 1705 1427 1741 in
1455 1704 1546 1748 Via,
1575 1718 1633 1752 per
1660 1717 1762 1752 quam
1792 1703 1854 1739 du—

1100 1757 1266 1791 cebantur
1311 1756 1398 1790 olim
1445 1755 1615 1801 triumphi
1644 1781 1654 1797 ‚
1700 1767 1742 1789 ex
1783 1767 1854 1800 quo

1101 1815 1220 1840 monte
1252 1806 1344 1851 prius
1372 1805 1512 1840 videtur
1539 1807 1650 1839 Roma
1679 1813 1781 1838 tota:

1151 1858 1223 1888 Non
1251 1868 1302 1889 era
1328 1855 1419 1888 vinto
1445 1868 1554 1889 ancora
1581 1857 1693 1888 Monte
1720 1854 1814 1888 Malo

1155 1905 1220 1939 Dal
1247 1905 1343 1946 nostro
1372 1905 1555 1948 Urcellarojo
1581 1925 1597 1930 -
1625 1925 1639 1930 —
1667 1925 1683 1929 —
1710 1925 1726 1929 —

1100 1954 1156 1989 Est
1193 1963 1307 1989 autem
1338 1953 1594 1990 Uccellatorius
1631 1967 1730 1989 mons
1758 1963 1855 1990 extra

1102 2005 1315 2042 Florentiam
1346 2005 1469 2039 distans
1508 2018 1565 2039 ner
1593 2007 1636 2039 V.
1665 2005 1856 2048 milliaria,

1102 2055 1138 2090 in
1165 2054 1244 2095 via,
1271 2068 1357 2102 quae
1382 2055 1478 2090 ducit
1504 2054 1698 2090 Bononiam
1725 2056 1757 2090 8<
1784 2058 1857 2090 Ro-

1104 2105 1337 2140 mandiolam.
1372 2107 1424 2141 De
1451 2118 1521 2153 quo
1548 2115 1668 2141 monte
1695 2105 1858 2141 euntibus

1104 2156 1319 2191 Florentiam
1350 2156 1464 2202 primo
1491 2165 1631 2203 apparet
1658 2155 1728 2204 ipsa
1754 2156 1859 2191 Civi-

1104 2217 1175 2242 tas.
1214 2207 1303 2241 Vult
1339 2220 1420 2255 ergo
1456 2206 1590 2246 dicere,
1628 2206 1719 2253 quod
1750 2208 1858 2242 Mons

1105 2256 1328 2292 Florentinus
1353 2270 1444 2292 nunc
1466 2257 1579 2292 vincit
1600 2257 1764 2292 Montem
1788 2260 1859 2292 Ro-

1105 2320 1268 2351 manum,
1305 2307 1387 2353 quia
1422 2307 1557 2343 scilicet
1592 2309 1699 2343 Mons
1727 2307 1859 2343 Uecel*

1104 2357 1251 2393 latorius
1278 2357 1426 2393 ostendit
1460 2357 1519 2393 sub
1546 2357 1578 2393 se
1607 2358 1736 2406 majora
1764 2371 1859 2393 moe—

1104 2406 1162 2443 nia
1200 2408 1420 2448 Florentiae,
1457 2421 1559 2454 quam
1599 2410 1705 2443 Mons
1740 2410 1859 2443 Malus

1105 2458 1242 2493 moenia
1269 2460 1419 2493 Romae.
1444 2458 1500 2493 Est
1522 2468 1638 2493 tamen
1658 2460 1766 2493 Mons
1788 2461 1858 2493 Uc—

1103 2508 1303 2543 cellatorius
1338 2508 1482 2549 sterilis,
1514 2508 1654 2547 aridus,
1690 2509 1723 2543 &
1752 2508 1854 2543 filve—

1103 2557 1200 2607 strisg
1238 2558 1293 2593 sed
1329 2560 1436 2593 Mons
1473 2559 1591 2593 Malus
1628 2558 1672 2593 est
1709 2558 1860 2594 fertilis,

1723 2620 1811 2643 Vir}-
