2216 3105
301 205 381 244 309
585 185 888 227 COMMENT.
919 185 984 227 IN
1012 181 1238 227 DANTIS
1266 180 1507 222 COMOFD.
1718 198 1798 223 ⁷20

1721 218 1737 235 ,1

240 244 539 286 communicatus,
561 245 593 278 δέ
617 254 655 279 ut
675 243 786 290 aliqui
807 243 995 286 dixerunt,
1028 245 1073 278 Av
1097 241 1137 276 de
1165 239 1351 275 Cardinali
1379 239 1579 274 Offivizmo
1605 239 1646 273 de
1669 238 1855 274 Ubaldinis

239 297 422 332 suffocatus
450 307 468 329 a
495 293 572 329 filio
601 293 660 329 suo
700 293 913 329 Manfredo.
950 296 995 329 Et

239 346 283 381 fic
309 346 399 380 male
426 343 548 380 finivit
575 357 654 379 cum
683 353 758 379 tota
786 343 887 391 stirpe
914 342 994 387 sua,

239 405 278 431 ut
306 393 439 441 patebit
466 394 503 430 in
531 393 638 430 Cant.
674 396 737 429 111.
769 394 966 442 Purgatorii
985 422 995 438 ‚

236 448 272 482 &
300 445 336 480 in
366 447 429 480 111.
459 444 626 480 Paradifi.
669 444 753 480 Fuit
789 454 905 480 tamen
935 458 995 479 va-

237 494 446 532 lentiffimus
473 495 510 530 in
539 494 695 538 mundo,
733 508 771 530 ac
800 494 995 542 potentiffi-

237 559 337 585 mus,
375 555 413 581 ut
453 545 570 593 saepe,
610 547 644 581 &
686 545 869 594 praecipue
905 544 995 580 infra

239 595 346 632 Cant.
373 598 469 631 XIV.
508 596 662 631 dicetur.
704 598 807 632 Nunc
844 596 885 631 ad
912 596 996 631 lite-

238 659 312 682 ram
339 646 429 681 dicit
456 646 518 681 ille
546 646 729 682 Farinata:

290 699 367 743 Qud
394 707 479 731 entro
505 698 521 730 ὲ
547 700 577 730 lo
597 697 725 741 secondo
752 696 898 732 federico
912 711 932 738 ;

239 747 367 783 Dictus
401 747 446 782 est
472 747 645 782 Secundus
693 747 732 782 ad
761 745 993 783 differentiam

238 798 315 834 Avi
331 796 382 832 sui
399 797 568 832 Friderici
590 797 808 833 Barbaruffae
822 825 830 841 ,
855 797 916 844 qui
934 810 996 832 vo-

239 857 336 884 catus
363 847 408 882 est
436 847 631 883 Fridericus
661 847 819 889 Primus,
858 848 899 882 de
927 861 996 895 quo

239 898 347 933 etiam
376 897 462 933 alibi
500 897 595 946 saepe
632 898 767 933 dicetur
803 900 837 933 δ(
865 897 997 946 praeci-

240 962 306 998 pue
333 947 441 984 Cant.
469 950 564 984 XIX.
594 948 794 997 Purgatorii
812 974 820 983 .

291 1000 367 1044 Qud
393 1009 478 1032 entro
504 999 519 1031 ex
546 1019 858 1026 --------

242 1047 329 1083 Idest
349 1048 440 1083 intra
460 1050 591 1083 Arcam
611 1049 732 1090 istam,
756 1048 794 1084 in
815 1061 882 1095 qua
902 1047 996 1085 sum:

242 1100 290 1133 Et
317 1098 373 1133 cui
402 1111 472 1133 non
500 1098 718 1134 sufficiebant
745 1107 800 1134 tot
823 1102 941 1146 Regna
963 1099 998 1135 in

242 1148 397 1192 mundo,
436 1161 528 1183 nunc
566 1149 655 1196 jacet
692 1148 844 1184 inclusus
872 1150 908 1184 in
937 1149 1000 1186 isto

243 1211 378 1233 carcere
398 1211 520 1234 caeco.
550 1199 664 1234 Postea
685 1199 847 1234 nominat
867 1199 974 1235 aliurn
990 1227 999 1240 ‚

242 1247 380 1283 scilicet
415 1247 642 1284 Cardinalem
680 1249 918 1284 offlavianum
960 1252 1001 1286 de

243 1297 437 1332 Ubaldinis
454 1324 462 1332 .
504 1297 568 1332 Iste
596 1298 722 1333 claruit
751 1299 821 1346 post
848 1300 1001 1337 Frideri-

243 1359 322 1382 cum
352 1348 397 1381 ΙΙ.
425 1346 568 1382 Scilicet
604 1357 761 1396 tempore
797 1349 1001 1392 Manstedi,

243 1398 277 1432 8<
306 1395 431 1432 Caroli
459 1398 486 1432 Ι.
513 1398 672 1433 Veteris.
701 1398 764 1433 Sed
792 1399 870 1434 heic
896 1402 1000 1437 multi

243 1447 429 1490 dubitant,
457 1446 495 1482 ὃ(
513 1447 657 1492 dicunt,
679 1461 783 1495 quare
802 1449 910 1485 debeo
926 1452 1002 1498 plus

242 1496 443 1545 intelligere
483 1498 525 1533 de
565 1498 786 1542 octaviano,
828 1513 932 1547 quam
960 1501 1002 1537 de

242 1546 337 1590 alio,
374 1560 416 1582 ex
445 1560 515 1593 quo
542 1548 680 1584 Auctor
716 1549 806 1585 dicit
833 1550 999 1599 simplici-

242 1605 296 1632 ter
331 1597 408 1631 E’l
443 1599 638 1640 Cardinale,
666 1599 843 1636 neminem
885 1602 1001 1637 nomi-

243 1647 377 1682 nando.
415 1648 508 1683 Dico
537 1649 709 1686 breviter:
739 1651 822 1698 quia
849 1651 918 1687 fuit
945 1653 1002 1688 vir

243 1696 499 1733 valentiffimus
524 1708 680 1746 tempore
705 1700 787 1745 suo,
814 1701 939 1751 sagax,
966 1705 999 1738 8<

244 1746 378 1791 audax,
419 1747 481 1794 qui
517 1747 664 1784 Curiam
704 1753 898 1787 Romanam
939 1767 1000 1789 ve-

242 1796 349 1832 xabat
385 1811 447 1845 pro
484 1800 576 1834 velle
616 1800 703 1843 suo,
744 1800 782 1848 ὅ(
810 1803 999 1850 aliquando

242 1847 358 1882 tenuit
394 1861 468 1883 earn
506 1849 543 1884 in
579 1851 759 1887 montibus
800 1854 999 1890 Florentiae

242 1897 280 1932 in
309 1898 430 1934 Terris
466 1898 602 1935 suorum
642 1915 701 1949 per
737 1902 874 1950 aliquot
901 1918 997 1940 men-

242 1946 311 1983 ses.
338 1950 384 1983 Et
406 1948 501 1997 saepe
521 1950 724 1987 defendebat
745 1955 858 2001 palam
887 1956 997 1990 rebel-

243 1998 291 2032 les
320 1999 488 2035 Ecclefiae
515 2011 636 2037 contra
674 2004 801 2051 Papam
844 2003 881 2040 &
909 2005 998 2041 Car-

243 2047 400 2085 dinales.
438 2050 521 2086 Fuit
556 2052 663 2087 etiam
701 2067 845 2102 magnus
882 2066 998 2104 prote-

243 2097 320 2132 δῖοι·
340 2097 376 2133 ὃ(
396 2098 511 2135 fautor
530 2103 790 2139 Gibellinorum
804 2133 812 2141 .
840 2108 887 2141 Et
907 2106 997 2154 quafi

243 2148 426 2184 obtinebat
453 2151 624 2198 quidquid
655 2155 817 2192 volebat.
846 2156 921 2204 Ipse
950 2156 999 2192 fe-

244 2198 295 2233 cit
332 2199 644 2250 Archiepiscopum
681 2204 907 2250 Mediolani,
937 2208 997 2254 qui

243 2250 416 2284 exaltavit
445 2250 580 2299 stirpem
608 2252 703 2289 suam
731 2256 772 2290 ad
800 2256 997 2293 dominium

244 2299 342 2334 illius
381 2299 583 2345 Civitatis,
625 2302 663 2339 &
704 2307 848 2342 alteram
877 2317 999 2354 poten-

242 2349 331 2384 tiam
368 2351 404 2385 in
442 2353 685 2390 Lombardia.
727 2357 811 2392 Erat
848 2359 996 2393 multum

244 2399 433 2436 honoratus
454 2402 491 2438 &
513 2403 740 2442 formidatus.
766 2407 868 2449 Ideo,
889 2422 998 2456 quan-

244 2449 289 2484 do
329 2451 509 2489 dicebatur
550 2466 654 2500 tunc,
704 2459 888 2492 cardinalis
914 2460 998 2493 dixit

238 2500 307 2542 sic.-
334 2504 518 2540 cardinalis
538 2507 617 2551 fecit
637 2507 711 2552 fic;
734 2507 998 2559 intelligebatur

1032 1139 1076 1184 O

1099 304 1158 339 per
1184 289 1452 325 excellentiam.
1492 288 1574 323 Fuit
1612 297 1727 323 tamen
1769 289 1854 335 Epi-

1099 354 1219 376 cureus
1247 353 1288 375 ex
1318 339 1415 387 gestis
1443 339 1476 373 &
1507 336 1620 373 verbis
1641 338 1732 385 ejus.
1762 340 1855 374 Nam

1098 404 1205 439 quum
1233 390 1337 425 semel
1361 389 1510 436 petiiss‘et
1530 402 1548 423 a
1568 388 1760 423 Gibellinis
1780 391 1856 424 Tu-

1097 442 1186 477 sciae
1227 450 1355 476 certam
1413 439 1578 488 pecuniae
1620 438 1856 486 quantitatem

1098 505 1159 540 pro
1187 505 1256 526 uno
1286 490 1404 529 fafi‘m,
1440 491 1475 525 &
1513 502 1583 525 non
1625 488 1856 527 obtinuisset,

1098 541 1257 590 prorupit
1285 541 1510 589 indignanter
1536 541 1569 575 &
1598 540 1685 576 irate
1706 538 1742 574 in
1769 539 1857 573 hanc

1097 605 1245 628 vocem:
1285 592 1323 626 Si
1362 592 1489 627 Anima
1528 592 1588 633 est,
1639 603 1692 637 ego
1731 589 1858 636 perdt'di

1096 643 1211 677 millies
1244 653 1297 688 pro
1324 642 1498 676 szellinis
1534 641 1653 688 ipsam.
1691 643 1736 676 Et
1773 653 1856 675 con-

1097 693 1209 729 cludit
1237 693 1422 728 Farinata:

1148 764 1334 770 -----
1362 741 1408 781 &⁴
1434 742 1521 790 degli
1546 743 1626 778 altri
1651 742 1695 776 mi
1718 741 1831 777 ΐαεεῐσ.

1098 793 1193 839 Quia
1238 793 1345 828 nimis
1391 795 1535 842 longum
1583 793 1664 828 effet
1701 805 1857 828 enarrare

1073 861 1075 868 ν
1099 847 1204 879 Viros
1234 843 1438 892 magnificos
1466 845 1506 878 de
1535 843 1632 879 Seff’ca
1667 843 1858 902 Epicureo—

1098 908 1195 930 rum.
1225 897 1270 929 Et
1298 895 1405 930 etiam
1434 894 1515 929 effet
1542 894 1782 932 inhonestum,
1819 892 1856 927 ὁὶ

1099 946 1230 980 malum
1260 946 1460 992 exemplum
1489 944 1738 982 audientibus,
1767 943 1858 978 infa—

1101 1009 1193 1031 mare
1230 995 1390 1030 homines
1426 995 1467 1030 de
1504 995 1568 1030 tali
1607 993 1753 1033 haeresi,
1796 992 1857 1028 nifi

1100 1045 1139 1080 fit
1167 1045 1314 1081 omnino
1344 1044 1540 1081 manifesta.
1578 1044 1638 1080 Ah
1666 1054 1752 1092 quot
1781 1043 1859 1079 sunt

1100 1096 1308 1135 Haeretici,
1352 1095 1413 1143 qui
1453 1095 1654 1130 fimulanter
1695 1094 1859 1130 videntur

1099 1145 1284 1182 Catholici
1329 1146 1458 1181 timore
1499 1159 1630 1194 poenae
1669 1146 1725 1181 vel
1768 1144 1860 1181 infa-

1074 1228 1075 1231 ,
1101 1196 1190 1232 miae
1204 1199 1211 1231 l

1250 1248 1311 1282 Ad
1330 1250 1426 1282 Cant.
1446 1249 1521 1281 XII.
1543 1247 1625 1291 Vers.
1645 1259 1705 1293 74.

1150 1298 1212 1332 Del
1225 1297 1345 1343 sangue
1361 1298 1440 1343 pit),
1468 1298 1521 1331 che
1539 1297 1598 1341 sua
1619 1302 1704 1343 colpa
1718 1296 1859 1341 fhrtt'lle.

1100 1346 1193 1382 Proh
1220 1347 1344 1382 dolor!
1374 1346 1415 1382 In
1444 1346 1526 1382 haec
1554 1357 1711 1395 tempora
1739 1345 1858 1382 infeli-

1100 1397 1187 1432 citas
1216 1409 1292 1432 mea
1330 1410 1384 1432 me
1420 1397 1589 1436 deduxit,
1628 1407 1665 1433 ut
1702 1396 1857 1432 viderem

1100 1446 1204 1482 hodie
1232 1446 1391 1481 miseram
1422 1447 1561 1482 Italiam
1601 1449 1737 1495 plenam
1776 1449 1857 1482 Bar-

1101 1496 1190 1531 baris
1227 1495 1265 1532 &
1303 1497 1498 1532 socialibus
1538 1498 1698 1533 omnium
1742 1498 1857 1532 natio—

1101 1560 1206 1582 num.
1234 1547 1327 1582 Heic
1355 1547 1449 1582 enim
1471 1547 1549 1582 sunt
1575 1548 1745 1596 Anglici,
1771 1549 1857 1583 Ale—

1100 1597 1221 1633 manni
1249 1597 1388 1636 furiofi,
1431 1598 1593 1633 Britones
1632 1598 1745 1635 bruti,
1789 1601 1859 1633 Va-

1101 1647 1217 1683 scones
1255 1662 1414 1696 rapaces,
1453 1648 1615 1697 Hungari
1658 1649 1857 1684 immundi.

1101 1698 1175 1744 Qui
1203 1712 1323 1734 omnes
1352 1708 1494 1734 currunt
1531 1699 1567 1734 in
1597 1699 1786 1747 perniciem
1824 1699 1859 1734 I-

1101 1749 1228 1788 taliae‚
1256 1763 1326 1784 non
1354 1759 1426 1784 tam
1455 1749 1609 1789 viribus,
1638 1763 1741 1796 quam
1769 1749 1860 1785 frau-

1101 1799 1201 1835 dibus
1247 1798 1285 1835 &
1337 1799 1596 1845 proditionibus
1653 1799 1859 1835 Provincias

1102 1849 1283 1889 vastando,
1320 1848 1357 1885 ἃ
1388 1850 1498 1885 Urbes
1525 1849 1756 1886 nobiliflimas
1784 1849 1860 1898 spo-

1102 1900 1244 1939 nando,

1355 1951 1418 1986 ,Αἰ
1445 1951 1526 1995 Verſs
1552 1951 1612 1998 76.

1154 2022 1382 2028 ——————
1413 2003 1455 2035 θ’
1481 2014 1533 2034 con
1561 2004 1594 2037 la
1620 2015 1701 2036 coeca

1155 2055 1231 2086 Fece
1257 2052 1290 2086 la
1316 2053 1413 2086 barba
1441 2051 1574 2086 indietro
1614 2053 1677 2087 alle
1703 2051 1859 2092 nutscelle.

1105 2102 1190 2137 Idest
1217 2115 1295 2137 cum
1324 2100 1454 2141 fistiva,
1483 2115 1561 2137 cum
1590 2102 1710 2137 tacha.
1737 2100 1860 2136 Cocha

1105 2153 1199 2188 enim
1236 2154 1430 2201 appellatur
1466 2151 1666 2188 Florentiae
1703 2151 1783 2187 finis
1812 2152 1861 2187 sa-

1105 2204 1240 2252 gittae.
1283 2205 1328 2238 Et
1368 2203 1434 2238 hoc
1473 2203 1576 2248 fingit
1617 2202 1781 2245 Auffior‚
1825 2210 1862 2237 ut

1104 2253 1278 2292 ostendat,
1315 2253 1467 2301 qualiter
1511 2253 1571 2289 iste
1613 2253 1761 2289 habebat
1790 2266 1861 2287 ma-

1105 2318 1208 2353 gnam
1237 2304 1357 2340 silvam
1388 2305 1540 2345 pilorum
1568 2303 1659 2339 circa
1686 2317 1746 2342 os,
1774 2317 1861 2351 quae

1104 2355 1317 2404 dependebat
1345 2354 1404 2391 fibi
1434 2355 1539 2403 usque
1566 2354 1606 2389 ad
1636 2354 1777 2402 peStus.
1807 2353 1862 2388 Sic

1105 2415 1246 2454 portant
1274 2406 1509 2441 communiter
1545 2405 1598 2440 isti
1641 2405 1860 2439 militantes.

1105 2457 1186 2492 Ideo
1216 2466 1253 2492 ut
1281 2456 1388 2505 poffet
1416 2455 1612 2503 expeditius
1639 2454 1761 2502 loqui,
1801 2454 1858 2489 de-

1105 2507 1196 2544 texit
1223 2506 1286 2542 fibi
1312 2520 1350 2542 os
1377 2520 1396 2542 a
1425 2507 1527 2543 barba
1554 2504 1675 2541 densa.
1749 2554 1811 2589 Ad
