<?xml version="1.0" encoding="UTF-8"?>
<!DOCTYPE html PUBLIC "-//W3C//DTD XHTML 1.0 Transitional//EN"
    "http://www.w3.org/TR/xhtml1/DTD/xhtml1-transitional.dtd">
<html xmlns="http://www.w3.org/1999/xhtml" xml:lang="en" lang="en">
 <head>
  <title>
</title>
<meta http-equiv="Content-Type" content="text/html;charset=utf-8" />
  <meta name='ocr-system' content='tesseract 3.04.00' />
  <meta name='ocr-capabilities' content='ocr_page ocr_carea ocr_par ocr_line ocrx_word'/>
</head>
<body>
  <div class='ocr_page' id='page_1' title='image "antiquitatesital03mura_0278.png"; bbox 0 0 2216 3105; ppageno 0'>
   <div class='ocr_carea' id='block_1_1' title="bbox 405 207 485 248">
    <p class='ocr_par' dir='ltr' id='par_1_1' title="bbox 405 207 485 248">
     <span class='ocr_line' id='line_1_1' title="bbox 405 207 485 248; baseline 0 0"><span class='ocrx_word' id='word_1_1' title='bbox 405 207 485 248; x_wconf 79' lang='lat'>531</span> 
     </span>
    </p>
   </div>
   <div class='ocr_carea' id='block_1_2' title="bbox 340 300 1115 2576">
    <p class='ocr_par' dir='ltr' id='par_1_2' title="bbox 340 300 1111 1763">
     <span class='ocr_line' id='line_1_2' title="bbox 344 300 1099 349; baseline -0.003 -13"><span class='ocrx_word' id='word_1_2' title='bbox 344 301 395 336; x_wconf 74' lang='lat' dir='ltr'>ses</span> <span class='ocrx_word' id='word_1_3' title='bbox 437 301 616 349; x_wconf 83' lang='lat' dir='ltr'>elegerunt</span> <span class='ocrx_word' id='word_1_4' title='bbox 658 300 695 336; x_wconf 89' lang='lat' dir='ltr'>in</span> <span class='ocrx_word' id='word_1_5' title='bbox 739 301 943 336; x_wconf 79' lang='lat' dir='ltr'>Potestatem</span> <span class='ocrx_word' id='word_1_6' title='bbox 979 313 1099 336; x_wconf 87' lang='lat' dir='ltr'>eorum</span> 
     </span>
     <span class='ocr_line' id='line_1_3' title="bbox 344 351 1100 399; baseline -0.001 -13"><span class='ocrx_word' id='word_1_7' title='bbox 344 351 387 387; x_wconf 77' lang='lat' dir='ltr'>ad</span> <span class='ocrx_word' id='word_1_8' title='bbox 427 352 499 399; x_wconf 81' lang='lat' dir='ltr'>jura</span> <span class='ocrx_word' id='word_1_9' title='bbox 535 351 705 387; x_wconf 82' lang='lat' dir='ltr'>reddenda</span> <span class='ocrx_word' id='word_1_10' title='bbox 741 352 896 387; x_wconf 89' lang='lat' dir='ltr'>nobilem</span> <span class='ocrx_word' id='word_1_11' title='bbox 940 351 1100 387; x_wconf 80' lang='lat' dir='ltr'>Militem</span> 
     </span>
     <span class='ocr_line' id='line_1_4' title="bbox 346 401 1103 446; baseline -0.001 -9"><span class='ocrx_word' id='word_1_12' title='bbox 346 403 543 438; x_wconf 90' lang='lat' dir='ltr'>Dominum</span> <span class='ocrx_word' id='word_1_13' title='bbox 581 404 749 446; x_wconf 67' lang='lat' dir='ltr'>Iacobum</span> <span class='ocrx_word' id='word_1_14' title='bbox 790 403 845 438; x_wconf 90' lang='lat' dir='ltr'>del</span> <span class='ocrx_word' id='word_1_15' title='bbox 882 403 1022 438; x_wconf 81' lang='lat' dir='ltr'>Caffero</span> <span class='ocrx_word' id='word_1_16' title='bbox 1061 401 1103 436; x_wconf 91' lang='lat' dir='ltr'>de</span> 
     </span>
     <span class='ocr_line' id='line_1_5' title="bbox 345 453 1102 500; baseline -0.001 -12"><span class='ocrx_word' id='word_1_17' title='bbox 345 453 509 489; x_wconf 86' lang='lat' dir='ltr'>Civitate</span> <span class='ocrx_word' id='word_1_18' title='bbox 538 453 645 489; x_wconf 79' lang='lat' dir='ltr'>Fani.</span> <span class='ocrx_word' id='word_1_19' title='bbox 685 453 760 500; x_wconf 85' lang='lat' dir='ltr'>Qui</span> <span class='ocrx_word' id='word_1_20' title='bbox 788 453 845 489; x_wconf 88' lang='lat' dir='ltr'>vir</span> <span class='ocrx_word' id='word_1_21' title='bbox 871 453 1074 489; x_wconf 87' lang='lat' dir='ltr'>temerarius</span> <span class='ocrx_word' id='word_1_22' title='bbox 1092 479 1102 493; x_wconf 88' lang='lat'>,</span> 
     </span>
     <span class='ocr_line' id='line_1_6' title="bbox 345 502 1101 551; baseline -0.003 -12"><span class='ocrx_word' id='word_1_23' title='bbox 345 502 386 540; x_wconf 88' lang='lat'>&amp;</span> <span class='ocrx_word' id='word_1_24' title='bbox 423 503 485 551; x_wconf 90' lang='lat' dir='ltr'>qui</span> <span class='ocrx_word' id='word_1_25' title='bbox 522 517 592 539; x_wconf 88' lang='lat' dir='ltr'>non</span> <span class='ocrx_word' id='word_1_26' title='bbox 620 504 705 539; x_wconf 85' lang='lat' dir='ltr'>bene</span> <span class='ocrx_word' id='word_1_27' title='bbox 741 503 912 540; x_wconf 78' lang='lat' dir='ltr'>didicerat</span> <span class='ocrx_word' id='word_1_28' title='bbox 946 504 1101 551; x_wconf 81' lang='lat' dir='ltr'>regulam</span> 
     </span>
     <span class='ocr_line' id='line_1_7' title="bbox 346 552 1104 601; baseline -0.004 -11"><span class='ocrx_word' id='word_1_29' title='bbox 346 555 458 600; x_wconf 83' lang='lat' dir='ltr'>Juris:</span> <span class='ocrx_word' id='word_1_30' title='bbox 498 555 728 589; x_wconf 80' lang='lat' dir='ltr'>Potentioribus</span> <span class='ocrx_word' id='word_1_31' title='bbox 751 565 842 601; x_wconf 87' lang='lat' dir='ltr'>pares</span> <span class='ocrx_word' id='word_1_32' title='bbox 865 553 923 600; x_wconf 78' lang='lat' dir='ltr'>effe</span> <span class='ocrx_word' id='word_1_33' title='bbox 949 568 1009 588; x_wconf 79' lang='lat' dir='ltr'>non</span> <span class='ocrx_word' id='word_1_34' title='bbox 1034 552 1104 599; x_wconf 81' lang='lat' dir='ltr'>pos-</span> 
     </span>
     <span class='ocr_line' id='line_1_8' title="bbox 340 605 1103 652; baseline -0.001 -14"><span class='ocrx_word' id='word_1_35' title='bbox 340 606 480 651; x_wconf 80' lang='lat' dir='ltr'>sumus;</span> <span class='ocrx_word' id='word_1_36' title='bbox 515 605 647 649; x_wconf 83' lang='lat' dir='ltr'>semper</span> <span class='ocrx_word' id='word_1_37' title='bbox 679 605 939 652; x_wconf 81' lang='lat' dir='ltr'>obloquebatur</span> <span class='ocrx_word' id='word_1_38' title='bbox 974 613 1103 639; x_wconf 90' lang='lat' dir='ltr'>temere</span> 
     </span>
     <span class='ocr_line' id='line_1_9' title="bbox 345 654 1104 704; baseline -0.003 -14"><span class='ocrx_word' id='word_1_39' title='bbox 345 663 388 691; x_wconf 81' lang='lat' dir='ltr'>de</span> <span class='ocrx_word' id='word_1_40' title='bbox 428 655 525 690; x_wconf 58' lang='lat' dir='ltr'>dieto</span> <span class='ocrx_word' id='word_1_41' title='bbox 569 654 727 690; x_wconf 88' lang='lat' dir='ltr'>Domino</span> <span class='ocrx_word' id='word_1_42' title='bbox 750 678 761 693; x_wconf 93' lang='lat'>‚</span> <span class='ocrx_word' id='word_1_43' title='bbox 802 654 935 704; x_wconf 85' lang='lat' dir='ltr'>semper</span> <span class='ocrx_word' id='word_1_44' title='bbox 976 666 1104 689; x_wconf 83' lang='lat' dir='ltr'>vocans</span> 
     </span>
     <span class='ocr_line' id='line_1_10' title="bbox 347 704 1104 753; baseline -0.003 -12"><span class='ocrx_word' id='word_1_45' title='bbox 347 718 426 742; x_wconf 87' lang='lat' dir='ltr'>eum</span> <span class='ocrx_word' id='word_1_46' title='bbox 455 705 670 753; x_wconf 83' lang='lat' dir='ltr'>proditorem</span> <span class='ocrx_word' id='word_1_47' title='bbox 699 704 893 748; x_wconf 82' lang='lat' dir='ltr'>Esten&#39;sem,</span> <span class='ocrx_word' id='word_1_48' title='bbox 931 704 1013 752; x_wconf 88' lang='lat' dir='ltr'>quia</span> <span class='ocrx_word' id='word_1_49' title='bbox 1050 717 1104 739; x_wconf 82' lang='lat' dir='ltr'>re-</span> 
     </span>
     <span class='ocr_line' id='line_1_11' title="bbox 347 755 1104 803; baseline -0.003 -12"><span class='ocrx_word' id='word_1_50' title='bbox 347 756 501 803; x_wconf 83' lang='lat' dir='ltr'>liquerat</span> <span class='ocrx_word' id='word_1_51' title='bbox 552 755 755 790; x_wconf 84' lang='lat' dir='ltr'>Gibellinos</span> <span class='ocrx_word' id='word_1_52' title='bbox 809 755 1064 790; x_wconf 84' lang='lat' dir='ltr'>Romandiolae</span> <span class='ocrx_word' id='word_1_53' title='bbox 1095 780 1104 789; x_wconf 86' lang='lat'><strong>.</strong></span> 
     </span>
     <span class='ocr_line' id='line_1_12' title="bbox 348 804 1106 855; baseline -0.004 -13"><span class='ocrx_word' id='word_1_54' title='bbox 348 805 515 842; x_wconf 76' lang='lat' dir='ltr'>Max-chio</span> <span class='ocrx_word' id='word_1_55' title='bbox 541 805 639 855; x_wconf 87' lang='lat' dir='ltr'>saepe</span> <span class='ocrx_word' id='word_1_56' title='bbox 666 805 808 842; x_wconf 88' lang='lat' dir='ltr'>audiens</span> <span class='ocrx_word' id='word_1_57' title='bbox 834 805 918 841; x_wconf 77' lang='lat' dir='ltr'>haec</span> <span class='ocrx_word' id='word_1_58' title='bbox 946 804 984 841; x_wconf 90' lang='lat'>&amp;</span> <span class='ocrx_word' id='word_1_59' title='bbox 1013 804 1106 840; x_wconf 89' lang='lat' dir='ltr'>indi-</span> 
     </span>
     <span class='ocr_line' id='line_1_13' title="bbox 348 855 1106 906; baseline -0.005 -13"><span class='ocrx_word' id='word_1_60' title='bbox 348 870 456 906; x_wconf 84' lang='lat' dir='ltr'>gnans</span> <span class='ocrx_word' id='word_1_61' title='bbox 483 857 599 893; x_wconf 84' lang='lat' dir='ltr'>dixit:</span> <span class='ocrx_word' id='word_1_62' title='bbox 628 861 719 892; x_wconf 82' lang='lat' dir='ltr'>Certe</span> <span class='ocrx_word' id='word_1_63' title='bbox 746 857 800 899; x_wconf 74' lang='lat' dir='ltr'>ifle</span> <span class='ocrx_word' id='word_1_64' title='bbox 823 857 919 904; x_wconf 78' lang='lat' dir='ltr'>agaso</span> <span class='ocrx_word' id='word_1_65' title='bbox 939 855 1106 890; x_wconf 77' lang='lat' dir='ltr'>Marcbia-</span> 
     </span>
     <span class='ocr_line' id='line_1_14' title="bbox 349 906 1107 956; baseline -0.003 -14"><span class='ocrx_word' id='word_1_66' title='bbox 349 921 408 942; x_wconf 85' lang='lat' dir='ltr'>nus</span> <span class='ocrx_word' id='word_1_67' title='bbox 429 922 487 942; x_wconf 84' lang='lat' dir='ltr'>non</span> <span class='ocrx_word' id='word_1_68' title='bbox 509 909 633 956; x_wconf 81' lang='lat' dir='ltr'>impune</span> <span class='ocrx_word' id='word_1_69' title='bbox 653 908 734 952; x_wconf 75' lang='lat' dir='ltr'>feret</span> <span class='ocrx_word' id='word_1_70' title='bbox 754 907 996 955; x_wconf 69' lang='lat' dir='ltr'>imprudentiam</span> <span class='ocrx_word' id='word_1_71' title='bbox 1016 906 1107 951; x_wconf 77' lang='lat' dir='ltr'>suam</span> 
     </span>
     <span class='ocr_line' id='line_1_15' title="bbox 348 957 1105 1006; baseline -0.005 -12"><span class='ocrx_word' id='word_1_72' title='bbox 348 959 525 1000; x_wconf 79' lang='lat' dir='ltr'>afininarn,</span> <span class='ocrx_word' id='word_1_73' title='bbox 560 959 617 1003; x_wconf 85' lang='lat' dir='ltr'>sed</span> <span class='ocrx_word' id='word_1_74' title='bbox 641 957 848 1006; x_wconf 80' lang='lat' dir='ltr'>castigabitur</span> <span class='ocrx_word' id='word_1_75' title='bbox 881 958 963 1003; x_wconf 81' lang='lat' dir='ltr'>fuste</span> <span class='ocrx_word' id='word_1_76' title='bbox 983 958 1105 1001; x_wconf 76' lang='lat' dir='ltr'>ferreo.</span> 
     </span>
     <span class='ocr_line' id='line_1_16' title="bbox 349 1007 1107 1059; baseline -0.005 -13"><span class='ocrx_word' id='word_1_77' title='bbox 349 1009 460 1046; x_wconf 86' lang='lat' dir='ltr'>Dedit</span> <span class='ocrx_word' id='word_1_78' title='bbox 495 1023 577 1059; x_wconf 85' lang='lat' dir='ltr'>ergo</span> <span class='ocrx_word' id='word_1_79' title='bbox 604 1023 770 1059; x_wconf 90' lang='lat' dir='ltr'>operam,</span> <span class='ocrx_word' id='word_1_80' title='bbox 812 1009 906 1057; x_wconf 88' lang='lat' dir='ltr'>quod</span> <span class='ocrx_word' id='word_1_81' title='bbox 943 1007 1029 1043; x_wconf 89' lang='lat' dir='ltr'>certi</span> <span class='ocrx_word' id='word_1_82' title='bbox 1057 1007 1107 1042; x_wconf 86' lang='lat' dir='ltr'>fa-</span> 
     </span>
     <span class='ocr_line' id='line_1_17' title="bbox 349 1059 1109 1108; baseline -0.005 -12"><span class='ocrx_word' id='word_1_83' title='bbox 349 1062 440 1096; x_wconf 81' lang='lat' dir='ltr'>muli</span> <span class='ocrx_word' id='word_1_84' title='bbox 476 1060 596 1097; x_wconf 88' lang='lat' dir='ltr'>idonei</span> <span class='ocrx_word' id='word_1_85' title='bbox 637 1059 679 1096; x_wconf 89' lang='lat' dir='ltr'>ad</span> <span class='ocrx_word' id='word_1_86' title='bbox 720 1060 787 1095; x_wconf 86' lang='lat' dir='ltr'>hoc</span> <span class='ocrx_word' id='word_1_87' title='bbox 825 1059 1109 1108; x_wconf 82' lang='lat' dir='ltr'>persequerentur</span> 
     </span>
     <span class='ocr_line' id='line_1_18' title="bbox 350 1108 1108 1159; baseline -0.005 -12"><span class='ocrx_word' id='word_1_88' title='bbox 350 1111 476 1150; x_wconf 84' lang='lat' dir='ltr'>illum,</span> <span class='ocrx_word' id='word_1_89' title='bbox 513 1124 736 1159; x_wconf 89' lang='lat' dir='ltr'>quocumque</span> <span class='ocrx_word' id='word_1_90' title='bbox 780 1120 963 1159; x_wconf 83' lang='lat' dir='ltr'>pergeret,</span> <span class='ocrx_word' id='word_1_91' title='bbox 1003 1108 1108 1144; x_wconf 87' lang='lat' dir='ltr'>finito</span> 
     </span>
     <span class='ocr_line' id='line_1_19' title="bbox 351 1159 1109 1207; baseline -0.005 -9"><span class='ocrx_word' id='word_1_92' title='bbox 351 1162 472 1198; x_wconf 85' lang='lat' dir='ltr'>officio</span> <span class='ocrx_word' id='word_1_93' title='bbox 500 1162 700 1198; x_wconf 83' lang='lat' dir='ltr'>Bononiae.</span> <span class='ocrx_word' id='word_1_94' title='bbox 743 1163 864 1207; x_wconf 85' lang='lat' dir='ltr'>Quum</span> <span class='ocrx_word' id='word_1_95' title='bbox 903 1169 1019 1196; x_wconf 89' lang='lat' dir='ltr'>autem</span> <span class='ocrx_word' id='word_1_96' title='bbox 1045 1159 1109 1194; x_wconf 88' lang='lat' dir='ltr'>ille</span> 
     </span>
     <span class='ocr_line' id='line_1_20' title="bbox 349 1209 1110 1256; baseline -0.007 -7"><span class='ocrx_word' id='word_1_97' title='bbox 349 1214 418 1249; x_wconf 83' lang='lat' dir='ltr'>iret</span> <span class='ocrx_word' id='word_1_98' title='bbox 443 1213 486 1249; x_wconf 87' lang='lat' dir='ltr'>de</span> <span class='ocrx_word' id='word_1_99' title='bbox 514 1212 676 1248; x_wconf 89' lang='lat' dir='ltr'>Venetiis</span> <span class='ocrx_word' id='word_1_100' title='bbox 704 1213 855 1247; x_wconf 86' lang='lat' dir='ltr'>Paduam</span> <span class='ocrx_word' id='word_1_101' title='bbox 874 1239 884 1256; x_wconf 88' lang='lat'>,</span> <span class='ocrx_word' id='word_1_102' title='bbox 924 1211 962 1246; x_wconf 89' lang='lat' dir='ltr'>in</span> <span class='ocrx_word' id='word_1_103' title='bbox 999 1209 1110 1245; x_wconf 80' lang='lat' dir='ltr'>confi-</span> 
     </span>
     <span class='ocr_line' id='line_1_21' title="bbox 351 1260 1109 1302; baseline -0.007 -2"><span class='ocrx_word' id='word_1_104' title='bbox 351 1264 412 1300; x_wconf 87' lang='lat' dir='ltr'>nio</span> <span class='ocrx_word' id='word_1_105' title='bbox 456 1262 630 1300; x_wconf 81' lang='lat' dir='ltr'>territorii</span> <span class='ocrx_word' id='word_1_106' title='bbox 672 1263 802 1298; x_wconf 86' lang='lat' dir='ltr'>Veneti</span> <span class='ocrx_word' id='word_1_107' title='bbox 840 1264 876 1298; x_wconf 68' lang='grc' dir='ltr'>ὃς</span> <span class='ocrx_word' id='word_1_108' title='bbox 928 1260 1082 1297; x_wconf 81' lang='lat' dir='ltr'>Paduani</span> <span class='ocrx_word' id='word_1_109' title='bbox 1100 1287 1109 1302; x_wconf 78' lang='lat'>,</span> 
     </span>
     <span class='ocr_line' id='line_1_22' title="bbox 350 1310 1109 1360; baseline -0.007 -10"><span class='ocrx_word' id='word_1_110' title='bbox 350 1314 490 1351; x_wconf 82' lang='lat' dir='ltr'>invasus</span> <span class='ocrx_word' id='word_1_111' title='bbox 525 1328 546 1350; x_wconf 87' lang='lat' dir='ltr'>a</span> <span class='ocrx_word' id='word_1_112' title='bbox 580 1313 745 1358; x_wconf 83' lang='lat' dir='ltr'>famulis,</span> <span class='ocrx_word' id='word_1_113' title='bbox 790 1313 851 1360; x_wconf 90' lang='lat' dir='ltr'>qui</span> <span class='ocrx_word' id='word_1_114' title='bbox 888 1313 1047 1349; x_wconf 86' lang='lat' dir='ltr'>latebant</span> <span class='ocrx_word' id='word_1_115' title='bbox 1071 1310 1109 1346; x_wconf 86' lang='lat' dir='ltr'>in</span> 
     </span>
     <span class='ocr_line' id='line_1_23' title="bbox 350 1362 1110 1413; baseline -0.008 -11"><span class='ocrx_word' id='word_1_116' title='bbox 350 1364 506 1405; x_wconf 70' lang='lat' dir='ltr'>insidiis,</span> <span class='ocrx_word' id='word_1_117' title='bbox 534 1364 710 1404; x_wconf 83' lang='lat' dir='ltr'>nesciens,</span> <span class='ocrx_word' id='word_1_118' title='bbox 737 1377 808 1412; x_wconf 91' lang='lat' dir='ltr'>quo</span> <span class='ocrx_word' id='word_1_119' title='bbox 827 1363 984 1413; x_wconf 85' lang='lat' dir='ltr'>fugeret,</span> <span class='ocrx_word' id='word_1_120' title='bbox 1010 1362 1110 1411; x_wconf 80' lang='lat' dir='ltr'>igna-</span> 
     </span>
     <span class='ocr_line' id='line_1_24' title="bbox 351 1413 1110 1453; baseline -0.008 -1"><span class='ocrx_word' id='word_1_121' title='bbox 351 1430 408 1452; x_wconf 83' lang='lat' dir='ltr'>rus</span> <span class='ocrx_word' id='word_1_122' title='bbox 443 1417 581 1452; x_wconf 83' lang='lat' dir='ltr'>viarum</span> <span class='ocrx_word' id='word_1_123' title='bbox 619 1414 657 1451; x_wconf 87' lang='lat'>&amp;</span> <span class='ocrx_word' id='word_1_124' title='bbox 694 1417 875 1453; x_wconf 86' lang='lat' dir='ltr'>locorum,</span> <span class='ocrx_word' id='word_1_125' title='bbox 917 1413 1110 1449; x_wconf 85' lang='lat' dir='ltr'>trucidatus</span> 
     </span>
     <span class='ocr_line' id='line_1_25' title="bbox 352 1462 1110 1514; baseline -0.009 -11"><span class='ocrx_word' id='word_1_126' title='bbox 352 1468 418 1508; x_wconf 84' lang='lat' dir='ltr'>est,</span> <span class='ocrx_word' id='word_1_127' title='bbox 446 1477 487 1503; x_wconf 88' lang='lat' dir='ltr'>ut</span> <span class='ocrx_word' id='word_1_128' title='bbox 512 1476 630 1514; x_wconf 88' lang='lat' dir='ltr'>aperte</span> <span class='ocrx_word' id='word_1_129' title='bbox 656 1465 816 1514; x_wconf 83' lang='lat' dir='ltr'>tangitur</span> <span class='ocrx_word' id='word_1_130' title='bbox 841 1464 879 1500; x_wconf 88' lang='lat' dir='ltr'>in</span> <span class='ocrx_word' id='word_1_131' title='bbox 907 1464 1010 1499; x_wconf 88' lang='lat' dir='ltr'>litera</span> <span class='ocrx_word' id='word_1_132' title='bbox 1031 1462 1110 1497; x_wconf 86' lang='lat' dir='ltr'>ista.</span> 
     </span>
     <span class='ocr_line' id='line_1_26' title="bbox 352 1514 1111 1555; baseline -0.012 0"><span class='ocrx_word' id='word_1_133' title='bbox 352 1521 458 1555; x_wconf 86' lang='lat' dir='ltr'>Nunc</span> <span class='ocrx_word' id='word_1_134' title='bbox 486 1517 529 1553; x_wconf 81' lang='lat' dir='ltr'>ad</span> <span class='ocrx_word' id='word_1_135' title='bbox 554 1517 716 1552; x_wconf 84' lang='lat' dir='ltr'>literam.</span> <span class='ocrx_word' id='word_1_136' title='bbox 757 1514 858 1550; x_wconf 68' lang='lat' dir='ltr'>Dicit</span> <span class='ocrx_word' id='word_1_137' title='bbox 893 1516 1024 1549; x_wconf 65' lang='lat' dir='ltr'>Poeta:</span> <span class='ocrx_word' id='word_1_138' title='bbox 1065 1515 1111 1546; x_wconf 73' lang='lat' dir='ltr'>Et</span> 
     </span>
     <span class='ocr_line' id='line_1_27' title="bbox 350 1564 1110 1615; baseline -0.008 -11"><span class='ocrx_word' id='word_1_139' title='bbox 350 1583 431 1609; x_wconf 84' lang='lat' dir='ltr'>uno,</span> <span class='ocrx_word' id='word_1_140' title='bbox 453 1568 608 1606; x_wconf 86' lang='lat' dir='ltr'>scilicet,</span> <span class='ocrx_word' id='word_1_141' title='bbox 630 1565 884 1615; x_wconf 68' lang='lat' dir='ltr'>praedi&amp;orum</span> <span class='ocrx_word' id='word_1_142' title='bbox 903 1564 1110 1612; x_wconf 84' lang='lat' dir='ltr'>spirituum,</span> 
     </span>
     <span class='ocr_line' id='line_1_28' title="bbox 351 1614 1111 1666; baseline -0.011 -12"><span class='ocrx_word' id='word_1_143' title='bbox 351 1620 414 1666; x_wconf 89' lang='lat' dir='ltr'>qui</span> <span class='ocrx_word' id='word_1_144' title='bbox 441 1628 515 1654; x_wconf 88' lang='lat' dir='ltr'>erat</span> <span class='ocrx_word' id='word_1_145' title='bbox 548 1617 696 1661; x_wconf 71' lang='lat' dir='ltr'>jacobus</span> <span class='ocrx_word' id='word_1_146' title='bbox 723 1616 779 1651; x_wconf 88' lang='lat' dir='ltr'>del</span> <span class='ocrx_word' id='word_1_147' title='bbox 820 1615 980 1652; x_wconf 72' lang='lat' dir='ltr'>Cass&#39;ero:</span> <span class='ocrx_word' id='word_1_148' title='bbox 1029 1614 1111 1647; x_wconf 78' lang='lat' dir='ltr'>inco-</span> 
     </span>
     <span class='ocr_line' id='line_1_29' title="bbox 352 1664 1110 1716; baseline -0.008 -12"><span class='ocrx_word' id='word_1_149' title='bbox 352 1670 484 1708; x_wconf 64' lang='lat' dir='ltr'>mincia,</span> <span class='ocrx_word' id='word_1_150' title='bbox 511 1667 652 1716; x_wconf 82' lang='lat' dir='ltr'>supple,</span> <span class='ocrx_word' id='word_1_151' title='bbox 678 1666 815 1709; x_wconf 83' lang='lat' dir='ltr'>dicere,</span> <span class='ocrx_word' id='word_1_152' title='bbox 843 1676 984 1714; x_wconf 85' lang='lat' dir='ltr'>captans</span> <span class='ocrx_word' id='word_1_153' title='bbox 1012 1664 1110 1699; x_wconf 84' lang='lat' dir='ltr'>beni-</span> 
     </span>
     <span class='ocr_line' id='line_1_30' title="bbox 351 1716 878 1763; baseline -0.011 -7"><span class='ocrx_word' id='word_1_154' title='bbox 351 1719 568 1756; x_wconf 76' lang='lat' dir='ltr'>volentiam:</span> <span class='ocrx_word' id='word_1_155' title='bbox 598 1718 732 1763; x_wconf 77' lang='lat' dir='ltr'>Ciascun</span> <span class='ocrx_word' id='word_1_156' title='bbox 753 1717 785 1759; x_wconf 82' lang='lat' dir='ltr'><strong><em>fi</em></strong></span> <span class='ocrx_word' id='word_1_157' title='bbox 803 1716 878 1761; x_wconf 83' lang='lat' dir='ltr'>fida</span> 
     </span>
    </p>

    <p class='ocr_par' dir='ltr' id='par_1_3' title="bbox 352 1768 995 1869">
     <span class='ocr_line' id='line_1_31' title="bbox 402 1768 995 1813; baseline -0.01 -7"><span class='ocrx_word' id='word_1_158' title='bbox 402 1771 468 1806; x_wconf 81' lang='lat' dir='ltr'>Del</span> <span class='ocrx_word' id='word_1_159' title='bbox 494 1768 640 1813; x_wconf 82' lang='lat' dir='ltr'>beneficio</span> <span class='ocrx_word' id='word_1_160' title='bbox 664 1779 737 1807; x_wconf 76' lang='lat' dir='ltr'>tuo,</span> <span class='ocrx_word' id='word_1_161' title='bbox 765 1786 995 1794; x_wconf 82' lang='lat'>------</span> 
     </span>
     <span class='ocr_line' id='line_1_32' title="bbox 352 1819 667 1869; baseline -0.013 -12"><span class='ocrx_word' id='word_1_162' title='bbox 352 1821 447 1869; x_wconf 77' lang='lat' dir='ltr'>quod</span> <span class='ocrx_word' id='word_1_163' title='bbox 475 1830 512 1856; x_wconf 91' lang='lat' dir='ltr'>tu</span> <span class='ocrx_word' id='word_1_164' title='bbox 540 1819 667 1866; x_wconf 83' lang='lat' dir='ltr'>offers;</span> 
     </span>
    </p>

    <p class='ocr_par' dir='ltr' id='par_1_4' title="bbox 351 1866 1113 2376">
     <span class='ocr_line' id='line_1_33' title="bbox 404 1866 1066 1914; baseline -0.008 -10"><span class='ocrx_word' id='word_1_165' title='bbox 404 1889 760 1898; x_wconf 79' lang='lat'><em>---------</em></span> <span class='ocrx_word' id='word_1_166' title='bbox 782 1868 882 1914; x_wconf 57' lang='lat' dir='ltr'>senza</span> <span class='ocrx_word' id='word_1_167' title='bbox 904 1866 1066 1914; x_wconf 68' lang='lat' dir='ltr'>glurarlo.</span> 
     </span>
     <span class='ocr_line' id='line_1_34' title="bbox 351 1919 1112 1967; baseline -0.012 -9"><span class='ocrx_word' id='word_1_168' title='bbox 351 1924 400 1958; x_wconf 80' lang='lat' dir='ltr'>Et</span> <span class='ocrx_word' id='word_1_169' title='bbox 427 1920 505 1957; x_wconf 90' lang='lat' dir='ltr'>heic</span> <span class='ocrx_word' id='word_1_170' title='bbox 533 1930 639 1962; x_wconf 83' lang='lat' dir='ltr'>nota,</span> <span class='ocrx_word' id='word_1_171' title='bbox 667 1919 759 1967; x_wconf 90' lang='lat' dir='ltr'>quod</span> <span class='ocrx_word' id='word_1_172' title='bbox 780 1921 1020 1963; x_wconf 68' lang='lat' dir='ltr'>juramentum</span> <span class='ocrx_word' id='word_1_173' title='bbox 1042 1928 1112 1950; x_wconf 85' lang='lat' dir='ltr'>non</span> 
     </span>
     <span class='ocr_line' id='line_1_35' title="bbox 352 1967 1111 2018; baseline -0.009 -9"><span class='ocrx_word' id='word_1_174' title='bbox 352 1973 455 2009; x_wconf 90' lang='lat' dir='ltr'>debet</span> <span class='ocrx_word' id='word_1_175' title='bbox 490 1971 567 2007; x_wconf 83' lang='lat' dir='ltr'>fieri</span> <span class='ocrx_word' id='word_1_176' title='bbox 607 1969 670 2006; x_wconf 66' lang='lat' dir='ltr'>nisi</span> <span class='ocrx_word' id='word_1_177' title='bbox 712 1979 858 2018; x_wconf 90' lang='lat' dir='ltr'>urgente</span> <span class='ocrx_word' id='word_1_178' title='bbox 885 1967 1111 2013; x_wconf 80' lang='lat' dir='ltr'>neceffitate3</span> 
     </span>
     <span class='ocr_line' id='line_1_36' title="bbox 352 2020 1112 2068; baseline -0.009 -9"><span class='ocrx_word' id='word_1_179' title='bbox 352 2037 415 2060; x_wconf 88' lang='lat' dir='ltr'>nec</span> <span class='ocrx_word' id='word_1_180' title='bbox 443 2034 527 2058; x_wconf 89' lang='lat' dir='ltr'>tunc</span> <span class='ocrx_word' id='word_1_181' title='bbox 553 2021 658 2057; x_wconf 83' lang='lat' dir='ltr'>debet</span> <span class='ocrx_word' id='word_1_182' title='bbox 682 2021 762 2068; x_wconf 89' lang='lat' dir='ltr'>quis</span> <span class='ocrx_word' id='word_1_183' title='bbox 791 2021 902 2068; x_wconf 87' lang='lat' dir='ltr'>jurare</span> <span class='ocrx_word' id='word_1_184' title='bbox 925 2032 984 2068; x_wconf 83' lang='lat' dir='ltr'>per</span> <span class='ocrx_word' id='word_1_185' title='bbox 1003 2020 1112 2055; x_wconf 79' lang='lat' dir='ltr'>Crea-</span> 
     </span>
     <span class='ocr_line' id='line_1_37' title="bbox 354 2070 1109 2119; baseline -0.009 -9"><span class='ocrx_word' id='word_1_186' title='bbox 354 2085 490 2116; x_wconf 88' lang='lat' dir='ltr'>turam,</span> <span class='ocrx_word' id='word_1_187' title='bbox 517 2072 573 2108; x_wconf 88' lang='lat' dir='ltr'>sed</span> <span class='ocrx_word' id='word_1_188' title='bbox 599 2085 660 2119; x_wconf 85' lang='lat' dir='ltr'>per</span> <span class='ocrx_word' id='word_1_189' title='bbox 687 2071 917 2111; x_wconf 82' lang='lat' dir='ltr'>Creatorem,</span> <span class='ocrx_word' id='word_1_190' title='bbox 943 2071 1028 2118; x_wconf 86' lang='lat' dir='ltr'>quia</span> <span class='ocrx_word' id='word_1_191' title='bbox 1050 2070 1109 2112; x_wconf 83' lang='lat' dir='ltr'>Ju-</span> 
     </span>
     <span class='ocr_line' id='line_1_38' title="bbox 352 2119 1111 2169; baseline -0.009 -8"><span class='ocrx_word' id='word_1_192' title='bbox 352 2135 550 2161; x_wconf 86' lang='lat' dir='ltr'>ramentum</span> <span class='ocrx_word' id='word_1_193' title='bbox 586 2123 631 2158; x_wconf 84' lang='lat' dir='ltr'>est</span> <span class='ocrx_word' id='word_1_194' title='bbox 667 2121 796 2169; x_wconf 87' lang='lat' dir='ltr'>species</span> <span class='ocrx_word' id='word_1_195' title='bbox 823 2121 993 2159; x_wconf 84' lang='lat' dir='ltr'>Latriae‚</span> <span class='ocrx_word' id='word_1_196' title='bbox 1029 2119 1111 2155; x_wconf 87' lang='lat' dir='ltr'>idest</span> 
     </span>
     <span class='ocr_line' id='line_1_39' title="bbox 353 2171 1111 2218; baseline -0.008 -7"><span class='ocrx_word' id='word_1_197' title='bbox 353 2176 469 2211; x_wconf 87' lang='lat' dir='ltr'>divini</span> <span class='ocrx_word' id='word_1_198' title='bbox 495 2176 631 2210; x_wconf 80' lang='lat' dir='ltr'>cultus,</span> <span class='ocrx_word' id='word_1_199' title='bbox 657 2175 777 2218; x_wconf 82' lang='lat' dir='ltr'>Quum</span> <span class='ocrx_word' id='word_1_200' title='bbox 804 2172 900 2207; x_wconf 81' lang='lat' dir='ltr'>enim</span> <span class='ocrx_word' id='word_1_201' title='bbox 929 2171 1037 2206; x_wconf 83' lang='lat' dir='ltr'>homo</span> <span class='ocrx_word' id='word_1_202' title='bbox 1057 2171 1111 2218; x_wconf 77' lang='lat' dir='ltr'>ju-</span> 
     </span>
     <span class='ocr_line' id='line_1_40' title="bbox 354 2220 1112 2271; baseline -0.009 -9"><span class='ocrx_word' id='word_1_203' title='bbox 354 2236 408 2262; x_wconf 89' lang='lat' dir='ltr'>rat</span> <span class='ocrx_word' id='word_1_204' title='bbox 426 2253 436 2271; x_wconf 93' lang='lat'>,</span> <span class='ocrx_word' id='word_1_205' title='bbox 462 2225 609 2261; x_wconf 85' lang='lat' dir='ltr'>invocat</span> <span class='ocrx_word' id='word_1_206' title='bbox 635 2225 749 2258; x_wconf 88' lang='lat' dir='ltr'>Deum</span> <span class='ocrx_word' id='word_1_207' title='bbox 778 2222 815 2258; x_wconf 89' lang='lat' dir='ltr'>in</span> <span class='ocrx_word' id='word_1_208' title='bbox 843 2222 961 2258; x_wconf 87' lang='lat' dir='ltr'>testem</span> <span class='ocrx_word' id='word_1_209' title='bbox 977 2248 989 2264; x_wconf 92' lang='lat'>,</span> <span class='ocrx_word' id='word_1_210' title='bbox 1015 2220 1112 2256; x_wconf 85' lang='lat' dir='ltr'>scili-</span> 
     </span>
     <span class='ocr_line' id='line_1_41' title="bbox 356 2270 1113 2323; baseline -0.008 -11"><span class='ocrx_word' id='word_1_211' title='bbox 356 2286 433 2319; x_wconf 89' lang='lat' dir='ltr'>cet,</span> <span class='ocrx_word' id='word_1_212' title='bbox 470 2275 563 2323; x_wconf 90' lang='lat' dir='ltr'>quod</span> <span class='ocrx_word' id='word_1_213' title='bbox 592 2287 712 2309; x_wconf 84' lang='lat' dir='ltr'>verum</span> <span class='ocrx_word' id='word_1_214' title='bbox 740 2272 855 2321; x_wconf 85' lang='lat' dir='ltr'>dicit;</span> <span class='ocrx_word' id='word_1_215' title='bbox 898 2271 936 2308; x_wconf 72' lang='grc' dir='ltr'>ἃ</span> <span class='ocrx_word' id='word_1_216' title='bbox 972 2271 1010 2307; x_wconf 86' lang='lat' dir='ltr'>in</span> <span class='ocrx_word' id='word_1_217' title='bbox 1045 2270 1113 2307; x_wconf 86' lang='lat' dir='ltr'>hoc</span> 
     </span>
     <span class='ocr_line' id='line_1_42' title="bbox 355 2323 885 2376; baseline -0.008 -15"><span class='ocrx_word' id='word_1_218' title='bbox 355 2326 502 2376; x_wconf 86' lang='lat' dir='ltr'>praestat</span> <span class='ocrx_word' id='word_1_219' title='bbox 528 2323 759 2361; x_wconf 88' lang='lat' dir='ltr'>reverentiam</span> <span class='ocrx_word' id='word_1_220' title='bbox 790 2325 885 2358; x_wconf 86' lang='lat' dir='ltr'>Deo.</span> 
     </span>
    </p>

    <p class='ocr_par' dir='ltr' id='par_1_5' title="bbox 406 2371 1115 2420">
     <span class='ocr_line' id='line_1_43' title="bbox 406 2371 1115 2420; baseline -0.006 -10"><span class='ocrx_word' id='word_1_221' title='bbox 406 2375 489 2410; x_wconf 84' lang='lat' dir='ltr'>Ond’</span> <span class='ocrx_word' id='word_1_222' title='bbox 505 2376 559 2415; x_wconf 77' lang='lat' dir='ltr'>io,</span> <span class='ocrx_word' id='word_1_223' title='bbox 592 2376 644 2410; x_wconf 77' lang='lat' dir='ltr'>che</span> <span class='ocrx_word' id='word_1_224' title='bbox 663 2375 731 2420; x_wconf 82' lang='lat' dir='ltr'>solo</span> <span class='ocrx_word' id='word_1_225' title='bbox 756 2372 893 2418; x_wconf 60' lang='lat' dir='ltr'>innanzi</span> <span class='ocrx_word' id='word_1_226' title='bbox 918 2387 939 2407; x_wconf 86' lang='lat' dir='ltr'>a</span> <span class='ocrx_word' id='word_1_227' title='bbox 960 2372 1012 2420; x_wconf 84' lang='lat' dir='ltr'>gli</span> <span class='ocrx_word' id='word_1_228' title='bbox 1035 2371 1115 2407; x_wconf 73' lang='lat' dir='ltr'>altri</span> 
     </span>
    </p>

    <p class='ocr_par' dir='ltr' id='par_1_6' title="bbox 358 2427 1078 2576">
     <span class='ocr_line' id='line_1_44' title="bbox 457 2427 570 2474; baseline -0.018 -13"><span class='ocrx_word' id='word_1_229' title='bbox 457 2427 570 2474; x_wconf 75' lang='lat' dir='ltr'>parlo,</span> 
     </span>
     <span class='ocr_line' id='line_1_45' title="bbox 358 2475 723 2525; baseline -0.014 -10"><span class='ocrx_word' id='word_1_230' title='bbox 358 2488 537 2525; x_wconf 75' lang='lat' dir='ltr'>tamquam</span> <span class='ocrx_word' id='word_1_231' title='bbox 565 2475 723 2511; x_wconf 85' lang='lat' dir='ltr'>avidior:</span> 
     </span>
     <span class='ocr_line' id='line_1_46' title="bbox 408 2524 1078 2576; baseline -0.009 -13"><span class='ocrx_word' id='word_1_232' title='bbox 408 2529 452 2563; x_wconf 80' lang='lat' dir='ltr'>Ti</span> <span class='ocrx_word' id='word_1_233' title='bbox 475 2539 593 2576; x_wconf 82' lang='lat' dir='ltr'>prego:</span> <span class='ocrx_word' id='word_1_234' title='bbox 613 2527 649 2572; x_wconf 84' lang='lat' dir='ltr'>Je</span> <span class='ocrx_word' id='word_1_235' title='bbox 673 2526 739 2561; x_wconf 76' lang='lat' dir='ltr'>mai</span> <span class='ocrx_word' id='word_1_236' title='bbox 761 2526 840 2560; x_wconf 79' lang='lat' dir='ltr'>vedi</span> <span class='ocrx_word' id='word_1_237' title='bbox 866 2526 936 2571; x_wconf 75' lang='lat' dir='ltr'>quel</span> <span class='ocrx_word' id='word_1_238' title='bbox 959 2524 1049 2571; x_wconf 79' lang='lat' dir='ltr'>paese</span> <span class='ocrx_word' id='word_1_239' title='bbox 1065 2550 1078 2568; x_wconf 81' lang='lat'>,</span> 
     </span>
    </p>
   </div>
   <div class='ocr_carea' id='block_1_3' title="bbox 714 186 1602 233">
    <p class='ocr_par' dir='ltr' id='par_1_7' title="bbox 714 186 1602 233">
     <span class='ocr_line' id='line_1_47' title="bbox 714 186 1602 233; baseline -0.001 0"><span class='ocrx_word' id='word_1_240' title='bbox 714 188 1155 233; x_wconf 86' lang='lat' dir='ltr'><em>BENVENUTI</em></span> <span class='ocrx_word' id='word_1_241' title='bbox 1195 186 1602 232; x_wconf 83' lang='lat' dir='ltr'><em>IMOLENSIS</em></span> 
     </span>
    </p>
   </div>
   <div class='ocr_carea' id='block_1_4' title="bbox 343 249 1178 298">
    <p class='ocr_par' dir='ltr' id='par_1_8' title="bbox 343 249 1178 298">
     <span class='ocr_line' id='line_1_48' title="bbox 343 249 1178 298; baseline -0.004 -12"><span class='ocrx_word' id='word_1_242' title='bbox 343 252 426 286; x_wconf 80' lang='lat' dir='ltr'>bus.</span> <span class='ocrx_word' id='word_1_243' title='bbox 455 252 631 298; x_wconf 85' lang='lat' dir='ltr'>Tempore</span> <span class='ocrx_word' id='word_1_244' title='bbox 658 249 769 298; x_wconf 81' lang='lat' dir='ltr'>igitur</span> <span class='ocrx_word' id='word_1_245' title='bbox 789 250 873 285; x_wconf 86' lang='lat' dir='ltr'>belli</span> <span class='ocrx_word' id='word_1_246' title='bbox 899 249 1101 285; x_wconf 86' lang='lat' dir='ltr'>Bononien-</span> <span class='ocrx_word' id='word_1_247' title='bbox 1145 255 1178 289; x_wconf 80' lang='lat' dir='ltr'>A</span> 
     </span>
    </p>
   </div>
   <div class='ocr_carea' id='block_1_5' title="bbox 1128 1435 1134 1620">
    <p class='ocr_par' dir='ltr' id='par_1_9' title="bbox 1128 1435 1134 1620">
     <span class='ocr_line' id='line_1_49' title="bbox 1128 1435 1134 1620; baseline 0 1485"><span class='ocrx_word' id='word_1_248' title='bbox 1128 1435 1134 1620; x_wconf 95' lang='lat' dir='ltr'> </span> 
     </span>
    </p>
   </div>
   <div class='ocr_carea' id='block_1_6' title="bbox 1131 1611 1180 1644">
    <p class='ocr_par' dir='ltr' id='par_1_10' title="bbox 1131 1611 1180 1644">
     <span class='ocr_line' id='line_1_50' title="bbox 1131 1611 1180 1644; baseline 0.02 -1"><span class='ocrx_word' id='word_1_249' title='bbox 1131 1624 1133 1643; x_wconf 88' lang='grc' dir='ltr'>ι</span> <span class='ocrx_word' id='word_1_250' title='bbox 1147 1611 1180 1644; x_wconf 86' lang='lat' dir='ltr'>D</span> 
     </span>
    </p>
   </div>
   <div class='ocr_carea' id='block_1_7' title="bbox 1831 207 1911 249">
    <p class='ocr_par' dir='ltr' id='par_1_11' title="bbox 1831 207 1911 249">
     <span class='ocr_line' id='line_1_51' title="bbox 1831 207 1911 249; baseline 0 0"><span class='ocrx_word' id='word_1_251' title='bbox 1831 207 1911 249; x_wconf 80' lang='lat'>532</span> 
     </span>
    </p>
   </div>
   <div class='ocr_carea' id='block_1_8' title="bbox 1190 247 1973 653">
    <p class='ocr_par' dir='ltr' id='par_1_12' title="bbox 1190 247 1973 653">
     <span class='ocr_line' id='line_1_52' title="bbox 1209 247 1928 304; baseline 0.007 -22"><span class='ocrx_word' id='word_1_252' title='bbox 1209 247 1378 288; x_wconf 86' lang='lat' dir='ltr'>Scilicet,</span> <span class='ocrx_word' id='word_1_253' title='bbox 1406 248 1605 284; x_wconf 80' lang='lat' dir='ltr'>Marchiarn</span> <span class='ocrx_word' id='word_1_254' title='bbox 1635 248 1928 304; x_wconf 74' lang='lat' dir='ltr'>Anconitanam3</span> 
     </span>
     <span class='ocr_line' id='line_1_53' title="bbox 1260 299 1969 350; baseline 0.008 -18"><span class='ocrx_word' id='word_1_255' title='bbox 1260 299 1327 332; x_wconf 81' lang='lat' dir='ltr'>Che</span> <span class='ocrx_word' id='word_1_256' title='bbox 1359 299 1446 341; x_wconf 80' lang='lat' dir='ltr'>siede</span> <span class='ocrx_word' id='word_1_257' title='bbox 1471 312 1522 335; x_wconf 75' lang='lat' dir='ltr'>tra</span> <span class='ocrx_word' id='word_1_258' title='bbox 1548 304 1742 348; x_wconf 82' lang='lat' dir='ltr'>Romagna,</span> <span class='ocrx_word' id='word_1_259' title='bbox 1784 315 1800 336; x_wconf 86' lang='lat' dir='ltr'>e</span> <span class='ocrx_word' id='word_1_260' title='bbox 1838 304 1908 350; x_wconf 74' lang='lat' dir='ltr'>quel</span> <span class='ocrx_word' id='word_1_261' title='bbox 1933 305 1969 341; x_wconf 71' lang='lat' dir='ltr'>di</span> 
     </span>
     <span class='ocr_line' id='line_1_54' title="bbox 1311 351 1426 390; baseline 0.009 -7"><span class='ocrx_word' id='word_1_262' title='bbox 1311 351 1426 390; x_wconf 81' lang='lat' dir='ltr'>Carlo,</span> 
     </span>
     <span class='ocr_line' id='line_1_55' title="bbox 1190 400 1968 451; baseline 0.008 -17"><span class='ocrx_word' id='word_1_263' title='bbox 1190 401 1311 445; x_wconf 45' lang='lat' dir='ltr'>¹Quae</span> <span class='ocrx_word' id='word_1_264' title='bbox 1338 400 1461 437; x_wconf 82' lang='lat' dir='ltr'>fituata</span> <span class='ocrx_word' id='word_1_265' title='bbox 1488 401 1534 437; x_wconf 82' lang='lat' dir='ltr'>est</span> <span class='ocrx_word' id='word_1_266' title='bbox 1559 415 1578 438; x_wconf 84' lang='lat' dir='ltr'>a</span> <span class='ocrx_word' id='word_1_267' title='bbox 1605 412 1702 451; x_wconf 84' lang='lat' dir='ltr'>parte</span> <span class='ocrx_word' id='word_1_268' title='bbox 1738 402 1968 449; x_wconf 87' lang='lat' dir='ltr'>Occidentis,</span> 
     </span>
     <span class='ocr_line' id='line_1_56' title="bbox 1209 451 1969 502; baseline 0.009 -17"><span class='ocrx_word' id='word_1_269' title='bbox 1209 451 1244 485; x_wconf 76' lang='lat'>8&lt;</span> <span class='ocrx_word' id='word_1_270' title='bbox 1288 452 1400 500; x_wconf 81' lang='lat' dir='ltr'>Regni</span> <span class='ocrx_word' id='word_1_271' title='bbox 1440 453 1564 488; x_wconf 84' lang='lat' dir='ltr'>Caroli</span> <span class='ocrx_word' id='word_1_272' title='bbox 1604 455 1651 489; x_wconf 85' lang='lat'>11.</span> <span class='ocrx_word' id='word_1_273' title='bbox 1692 454 1754 502; x_wconf 85' lang='lat' dir='ltr'>qui</span> <span class='ocrx_word' id='word_1_274' title='bbox 1796 463 1880 491; x_wconf 87' lang='lat' dir='ltr'>tunc</span> <span class='ocrx_word' id='word_1_275' title='bbox 1916 468 1969 492; x_wconf 86' lang='lat' dir='ltr'>re-</span> 
     </span>
     <span class='ocr_line' id='line_1_57' title="bbox 1211 501 1363 551; baseline 0.013 -17"><span class='ocrx_word' id='word_1_276' title='bbox 1211 501 1363 551; x_wconf 72' lang='lat' dir='ltr'>gnabat3</span> 
     </span>
     <span class='ocr_line' id='line_1_58' title="bbox 1261 553 1971 602; baseline 0.008 -17"><span class='ocrx_word' id='word_1_277' title='bbox 1261 553 1326 586; x_wconf 86' lang='lat' dir='ltr'>Che</span> <span class='ocrx_word' id='word_1_278' title='bbox 1350 564 1387 586; x_wconf 71' lang='lat' dir='ltr'>tu</span> <span class='ocrx_word' id='word_1_279' title='bbox 1412 554 1457 586; x_wconf 73' lang='lat' dir='ltr'>mi</span> <span class='ocrx_word' id='word_1_280' title='bbox 1476 553 1529 594; x_wconf 83' lang='lat' dir='ltr'>fia</span> <span class='ocrx_word' id='word_1_281' title='bbox 1554 553 1681 589; x_wconf 71' lang='lat' dir='ltr'>de’tuot&#39;</span> <span class='ocrx_word' id='word_1_282' title='bbox 1703 556 1817 602; x_wconf 77' lang='lat' dir='ltr'>pregbt&#39;</span> <span class='ocrx_word' id='word_1_283' title='bbox 1842 556 1971 602; x_wconf 79' lang='lat' dir='ltr'>cortese,</span> 
     </span>
     <span class='ocr_line' id='line_1_59' title="bbox 1211 601 1973 653; baseline 0.008 -16"><span class='ocrx_word' id='word_1_284' title='bbox 1211 601 1321 645; x_wconf 87' lang='lat' dir='ltr'>Idest,</span> <span class='ocrx_word' id='word_1_285' title='bbox 1357 612 1396 637; x_wconf 81' lang='lat' dir='ltr'>ut</span> <span class='ocrx_word' id='word_1_286' title='bbox 1432 615 1530 650; x_wconf 80' lang='lat' dir='ltr'>roges</span> <span class='ocrx_word' id='word_1_287' title='bbox 1566 605 1681 639; x_wconf 89' lang='lat' dir='ltr'>Deum</span> <span class='ocrx_word' id='word_1_288' title='bbox 1717 619 1780 653; x_wconf 88' lang='lat' dir='ltr'>pro</span> <span class='ocrx_word' id='word_1_289' title='bbox 1808 620 1889 646; x_wconf 84' lang='lat' dir='ltr'>me,</span> <span class='ocrx_word' id='word_1_290' title='bbox 1932 616 1973 642; x_wconf 89' lang='lat' dir='ltr'>ut</span> 
     </span>
    </p>
   </div>
   <div class='ocr_carea' id='block_1_9' title="bbox 1151 646 1972 739">
    <p class='ocr_par' dir='ltr' id='par_1_13' title="bbox 1151 646 1972 739">
     <span class='ocr_line' id='line_1_60' title="bbox 1189 646 1972 706; baseline 0.008 -20"><span class='ocrx_word' id='word_1_291' title='bbox 1189 646 1319 706; x_wconf 71' lang='lat' dir='ltr'>lcitius</span> <span class='ocrx_word' id='word_1_292' title='bbox 1358 651 1480 700; x_wconf 85' lang='lat' dir='ltr'>poffim</span> <span class='ocrx_word' id='word_1_293' title='bbox 1526 657 1708 701; x_wconf 86' lang='lat' dir='ltr'>pervenire</span> <span class='ocrx_word' id='word_1_294' title='bbox 1754 656 1796 690; x_wconf 86' lang='lat' dir='ltr'>ad</span> <span class='ocrx_word' id='word_1_295' title='bbox 1843 659 1972 705; x_wconf 80' lang='lat' dir='ltr'>Purga-</span> 
     </span>
     <span class='ocr_line' id='line_1_61' title="bbox 1151 702 1367 739; baseline 0.005 -4"><span class='ocrx_word' id='word_1_296' title='bbox 1151 705 1179 739; x_wconf 89' lang='lat' dir='ltr'>B</span> <span class='ocrx_word' id='word_1_297' title='bbox 1214 702 1367 736; x_wconf 83' lang='lat' dir='ltr'>torium.</span> 
     </span>
    </p>
   </div>
   <div class='ocr_carea' id='block_1_10' title="bbox 1266 752 1973 801">
    <p class='ocr_par' dir='ltr' id='par_1_14' title="bbox 1266 752 1973 801">
     <span class='ocr_line' id='line_1_62' title="bbox 1266 752 1973 801; baseline 0.007 -16"><span class='ocrx_word' id='word_1_298' title='bbox 1266 754 1303 786; x_wconf 83' lang='lat' dir='ltr'>In</span> <span class='ocrx_word' id='word_1_299' title='bbox 1333 754 1444 791; x_wconf 84' lang='lat' dir='ltr'>Fano,</span> <span class='ocrx_word' id='word_1_300' title='bbox 1471 753 1499 786; x_wconf 67' lang='grc' dir='ltr'>,τὶ</span> <span class='ocrx_word' id='word_1_301' title='bbox 1526 753 1577 787; x_wconf 81' lang='lat' dir='ltr'>che</span> <span class='ocrx_word' id='word_1_302' title='bbox 1603 752 1661 788; x_wconf 79' lang='lat' dir='ltr'>ben</span> <span class='ocrx_word' id='word_1_303' title='bbox 1686 765 1742 801; x_wconf 85' lang='lat' dir='ltr'>per</span> <span class='ocrx_word' id='word_1_304' title='bbox 1760 769 1807 790; x_wconf 82' lang='lat' dir='ltr'>me</span> <span class='ocrx_word' id='word_1_305' title='bbox 1826 754 1973 791; x_wconf 78' lang='lat' dir='ltr'>s’aa&#39;ort&#39;.</span> 
     </span>
    </p>
   </div>
   <div class='ocr_carea' id='block_1_11' title="bbox 1215 802 1976 944">
    <p class='ocr_par' dir='ltr' id='par_1_15' title="bbox 1215 802 1976 944">
     <span class='ocr_line' id='line_1_63' title="bbox 1215 802 1975 851; baseline 0.008 -15"><span class='ocrx_word' id='word_1_306' title='bbox 1215 804 1261 837; x_wconf 87' lang='lat' dir='ltr'>Et</span> <span class='ocrx_word' id='word_1_307' title='bbox 1288 802 1366 837; x_wconf 88' lang='lat' dir='ltr'>heic</span> <span class='ocrx_word' id='word_1_308' title='bbox 1393 812 1500 847; x_wconf 89' lang='lat' dir='ltr'>nota,</span> <span class='ocrx_word' id='word_1_309' title='bbox 1537 804 1630 851; x_wconf 90' lang='lat' dir='ltr'>quod</span> <span class='ocrx_word' id='word_1_310' title='bbox 1669 807 1802 842; x_wconf 85' lang='lat' dir='ltr'>Fanum</span> <span class='ocrx_word' id='word_1_311' title='bbox 1840 805 1884 842; x_wconf 78' lang='lat' dir='ltr'>est</span> <span class='ocrx_word' id='word_1_312' title='bbox 1911 806 1975 842; x_wconf 87' lang='lat' dir='ltr'>Ci-</span> 
     </span>
     <span class='ocr_line' id='line_1_64' title="bbox 1217 852 1976 893; baseline 0.009 -7"><span class='ocrx_word' id='word_1_313' title='bbox 1217 852 1308 887; x_wconf 83' lang='lat' dir='ltr'>vitas</span> <span class='ocrx_word' id='word_1_314' title='bbox 1346 852 1428 888; x_wconf 86' lang='lat' dir='ltr'>satis</span> <span class='ocrx_word' id='word_1_315' title='bbox 1463 867 1608 890; x_wconf 86' lang='lat' dir='ltr'>amoena</span> <span class='ocrx_word' id='word_1_316' title='bbox 1644 855 1682 891; x_wconf 90' lang='lat' dir='ltr'>in</span> <span class='ocrx_word' id='word_1_317' title='bbox 1725 857 1832 893; x_wconf 90' lang='lat' dir='ltr'>litore</span> <span class='ocrx_word' id='word_1_318' title='bbox 1869 857 1976 893; x_wconf 79' lang='lat' dir='ltr'>maris</span> 
     </span>
     <span class='ocr_line' id='line_1_65' title="bbox 1219 902 1975 944; baseline 0.009 -7"><span class='ocrx_word' id='word_1_319' title='bbox 1219 902 1363 938; x_wconf 87' lang='lat' dir='ltr'>Adriaci</span> <span class='ocrx_word' id='word_1_320' title='bbox 1391 904 1427 939; x_wconf 89' lang='lat' dir='ltr'>in</span> <span class='ocrx_word' id='word_1_321' title='bbox 1454 903 1607 942; x_wconf 87' lang='lat' dir='ltr'>introitu</span> <span class='ocrx_word' id='word_1_322' title='bbox 1635 905 1819 944; x_wconf 84' lang='lat' dir='ltr'>Marchiae</span> <span class='ocrx_word' id='word_1_323' title='bbox 1854 910 1975 943; x_wconf 84' lang='lat' dir='ltr'>Anco-</span> 
     </span>
    </p>
   </div>
   <div class='ocr_carea' id='block_1_12' title="bbox 1188 296 1193 422">
    <p class='ocr_par' dir='ltr' id='par_1_16' title="bbox 1188 296 1193 422">
     <span class='ocr_line' id='line_1_66' title="bbox 1188 296 1193 422; baseline 0 2683"><span class='ocrx_word' id='word_1_324' title='bbox 1188 296 1193 422; x_wconf 95' lang='lat' dir='ltr'> </span> 
     </span>
    </p>
   </div>
   <div class='ocr_carea' id='block_1_13' title="bbox 1188 438 1193 643">
    <p class='ocr_par' dir='ltr' id='par_1_17' title="bbox 1188 438 1193 643">
     <span class='ocr_line' id='line_1_67' title="bbox 1188 438 1193 643; baseline 0 0"><span class='ocrx_word' id='word_1_325' title='bbox 1188 438 1193 643; x_wconf 95' lang='lat' dir='ltr'> </span> 
     </span>
    </p>
   </div>
   <div class='ocr_carea' id='block_1_14' title="bbox 1196 953 1985 1760">
    <p class='ocr_par' dir='ltr' id='par_1_18' title="bbox 1196 953 1985 1760">
     <span class='ocr_line' id='line_1_68' title="bbox 1217 953 1976 1001; baseline 0.009 -14"><span class='ocrx_word' id='word_1_326' title='bbox 1217 966 1279 988; x_wconf 86' lang='lat' dir='ltr'>nae</span> <span class='ocrx_word' id='word_1_327' title='bbox 1297 978 1307 993; x_wconf 91' lang='lat'>,</span> <span class='ocrx_word' id='word_1_328' title='bbox 1335 953 1463 990; x_wconf 86' lang='lat' dir='ltr'>fertilis</span> <span class='ocrx_word' id='word_1_329' title='bbox 1492 955 1604 1001; x_wconf 89' lang='lat' dir='ltr'>vino,</span> <span class='ocrx_word' id='word_1_330' title='bbox 1630 955 1670 992; x_wconf 70' lang='grc' dir='ltr'>ἃ</span> <span class='ocrx_word' id='word_1_331' title='bbox 1697 958 1799 998; x_wconf 89' lang='lat' dir='ltr'>oleo,</span> <span class='ocrx_word' id='word_1_332' title='bbox 1827 957 1880 994; x_wconf 89' lang='lat' dir='ltr'>sed</span> <span class='ocrx_word' id='word_1_333' title='bbox 1904 971 1976 994; x_wconf 77' lang='lat' dir='ltr'>non</span> 
     </span>
     <span class='ocr_line' id='line_1_69' title="bbox 1216 1004 1978 1054; baseline 0.008 -16"><span class='ocrx_word' id='word_1_334' title='bbox 1216 1004 1321 1039; x_wconf 92' lang='lat' dir='ltr'>hodie</span> <span class='ocrx_word' id='word_1_335' title='bbox 1349 1004 1552 1042; x_wconf 88' lang='lat' dir='ltr'>hominibus</span> <span class='ocrx_word' id='word_1_336' title='bbox 1579 1007 1766 1043; x_wconf 81' lang='lat' dir='ltr'>civilibus.</span> <span class='ocrx_word' id='word_1_337' title='bbox 1806 1010 1907 1054; x_wconf 85' lang='lat' dir='ltr'>Quae</span> <span class='ocrx_word' id='word_1_338' title='bbox 1935 1008 1978 1044; x_wconf 85' lang='lat' dir='ltr'>fic</span> 
     </span>
     <span class='ocr_line' id='line_1_70' title="bbox 1216 1055 1977 1106; baseline 0.007 -17"><span class='ocrx_word' id='word_1_339' title='bbox 1216 1055 1443 1091; x_wconf 82' lang='lat' dir='ltr'>denominata</span> <span class='ocrx_word' id='word_1_340' title='bbox 1470 1057 1541 1100; x_wconf 80' lang='lat' dir='ltr'>est,</span> <span class='ocrx_word' id='word_1_341' title='bbox 1580 1058 1663 1106; x_wconf 85' lang='lat' dir='ltr'>quia</span> <span class='ocrx_word' id='word_1_342' title='bbox 1708 1061 1840 1094; x_wconf 81' lang='lat' dir='ltr'>Fanum</span> <span class='ocrx_word' id='word_1_343' title='bbox 1869 1061 1977 1094; x_wconf 87' lang='lat' dir='ltr'>Grae—</span> 
     </span>
     <span class='ocr_line' id='line_1_71' title="bbox 1218 1106 1978 1158; baseline 0.007 -18"><span class='ocrx_word' id='word_1_344' title='bbox 1218 1118 1278 1149; x_wconf 90' lang='lat' dir='ltr'>ce,</span> <span class='ocrx_word' id='word_1_345' title='bbox 1315 1106 1445 1143; x_wconf 89' lang='lat' dir='ltr'>Latine</span> <span class='ocrx_word' id='word_1_346' title='bbox 1485 1107 1617 1144; x_wconf 82' lang='lat' dir='ltr'>dicitur</span> <span class='ocrx_word' id='word_1_347' title='bbox 1656 1110 1873 1158; x_wconf 90' lang='lat' dir='ltr'>Templum.</span> <span class='ocrx_word' id='word_1_348' title='bbox 1922 1109 1978 1145; x_wconf 88' lang='lat' dir='ltr'>Ibi</span> 
     </span>
     <span class='ocr_line' id='line_1_72' title="bbox 1216 1156 1977 1208; baseline 0.007 -17"><span class='ocrx_word' id='word_1_349' title='bbox 1216 1156 1311 1192; x_wconf 88' lang='lat' dir='ltr'>enim</span> <span class='ocrx_word' id='word_1_350' title='bbox 1340 1156 1410 1193; x_wconf 86' lang='lat' dir='ltr'>fuit</span> <span class='ocrx_word' id='word_1_351' title='bbox 1446 1158 1535 1194; x_wconf 89' lang='lat' dir='ltr'>olim</span> <span class='ocrx_word' id='word_1_352' title='bbox 1577 1160 1769 1208; x_wconf 88' lang='lat' dir='ltr'>Templum</span> <span class='ocrx_word' id='word_1_353' title='bbox 1806 1159 1977 1196; x_wconf 84' lang='lat' dir='ltr'>famosum</span> 
     </span>
     <span class='ocr_line' id='line_1_73' title="bbox 1196 1193 1979 1259; baseline 0.004 -17"><span class='ocrx_word' id='word_1_354' title='bbox 1196 1193 1415 1259; x_wconf 48' lang='lat' dir='ltr'>[For-tunae,</span> <span class='ocrx_word' id='word_1_355' title='bbox 1455 1222 1544 1256; x_wconf 87' lang='lat' dir='ltr'>quae</span> <span class='ocrx_word' id='word_1_356' title='bbox 1584 1210 1765 1247; x_wconf 89' lang='lat' dir='ltr'>modicum</span> <span class='ocrx_word' id='word_1_357' title='bbox 1806 1211 1898 1247; x_wconf 90' lang='lat' dir='ltr'>favit</span> <span class='ocrx_word' id='word_1_358' title='bbox 1923 1209 1979 1246; x_wconf 85' lang='lat' dir='ltr'>isti</span> 
     </span>
     <span class='ocr_line' id='line_1_74' title="bbox 1217 1257 1978 1310; baseline 0.003 -17"><span class='ocrx_word' id='word_1_359' title='bbox 1217 1257 1277 1293; x_wconf 92' lang='lat' dir='ltr'>suo</span> <span class='ocrx_word' id='word_1_360' title='bbox 1313 1259 1400 1295; x_wconf 83' lang='lat' dir='ltr'>Civi</span> <span class='ocrx_word' id='word_1_361' title='bbox 1439 1273 1556 1296; x_wconf 89' lang='lat' dir='ltr'>nunc.</span> <span class='ocrx_word' id='word_1_362' title='bbox 1597 1261 1736 1297; x_wconf 69' lang='lat' dir='ltr'>falsum</span> <span class='ocrx_word' id='word_1_363' title='bbox 1779 1275 1861 1310; x_wconf 84' lang='lat' dir='ltr'>ergo</span> <span class='ocrx_word' id='word_1_364' title='bbox 1888 1261 1978 1297; x_wconf 83' lang='lat' dir='ltr'>dicit</span> 
     </span>
     <span class='ocr_line' id='line_1_75' title="bbox 1221 1308 1979 1351; baseline 0.003 -7"><span class='ocrx_word' id='word_1_365' title='bbox 1221 1308 1425 1346; x_wconf 78' lang='lat' dir='ltr'>Gotifredus</span> <span class='ocrx_word' id='word_1_366' title='bbox 1454 1310 1707 1351; x_wconf 85' lang='lat' dir='ltr'>Viterbienfis‚</span> <span class='ocrx_word' id='word_1_367' title='bbox 1735 1311 1821 1348; x_wconf 86' lang='lat' dir='ltr'>ficut</span> <span class='ocrx_word' id='word_1_368' title='bbox 1846 1313 1881 1347; x_wconf 66' lang='grc' dir='ltr'>ὃς</span> <span class='ocrx_word' id='word_1_369' title='bbox 1910 1311 1979 1346; x_wconf 85' lang='lat' dir='ltr'>alia</span> 
     </span>
     <span class='ocr_line' id='line_1_76' title="bbox 1223 1360 1979 1408; baseline 0.008 -14"><span class='ocrx_word' id='word_1_370' title='bbox 1223 1361 1357 1404; x_wconf 85' lang='lat' dir='ltr'>multa,</span> <span class='ocrx_word' id='word_1_371' title='bbox 1397 1361 1460 1408; x_wconf 91' lang='lat' dir='ltr'>qui</span> <span class='ocrx_word' id='word_1_372' title='bbox 1501 1360 1625 1398; x_wconf 83' lang='lat' dir='ltr'>scribit</span> <span class='ocrx_word' id='word_1_373' title='bbox 1663 1362 1705 1398; x_wconf 85' lang='lat' dir='ltr'>in</span> <span class='ocrx_word' id='word_1_374' title='bbox 1745 1361 1805 1398; x_wconf 92' lang='lat' dir='ltr'>suo</span> <span class='ocrx_word' id='word_1_375' title='bbox 1844 1363 1979 1400; x_wconf 82' lang='lat' dir='ltr'>Libro,</span> 
     </span>
     <span class='ocr_line' id='line_1_77' title="bbox 1220 1410 1979 1460; baseline 0.001 -15"><span class='ocrx_word' id='word_1_376' title='bbox 1220 1410 1283 1457; x_wconf 88' lang='lat' dir='ltr'>qui</span> <span class='ocrx_word' id='word_1_377' title='bbox 1326 1411 1461 1446; x_wconf 84' lang='lat' dir='ltr'>dicitur</span> <span class='ocrx_word' id='word_1_378' title='bbox 1507 1412 1711 1456; x_wconf 87' lang='lat' dir='ltr'>Pantheon,</span> <span class='ocrx_word' id='word_1_379' title='bbox 1753 1412 1845 1460; x_wconf 90' lang='lat' dir='ltr'>quod</span> <span class='ocrx_word' id='word_1_380' title='bbox 1891 1411 1979 1460; x_wconf 87' lang='lat' dir='ltr'>apud</span> 
     </span>
     <span class='ocr_line' id='line_1_78' title="bbox 1223 1461 1983 1509; baseline 0.003 -14"><span class='ocrx_word' id='word_1_381' title='bbox 1223 1464 1356 1495; x_wconf 87' lang='lat' dir='ltr'>Fanum</span> <span class='ocrx_word' id='word_1_382' title='bbox 1383 1461 1454 1496; x_wconf 88' lang='lat' dir='ltr'>fuit</span> <span class='ocrx_word' id='word_1_383' title='bbox 1471 1462 1562 1496; x_wconf 91' lang='lat' dir='ltr'>olim</span> <span class='ocrx_word' id='word_1_384' title='bbox 1587 1464 1780 1509; x_wconf 84' lang='lat' dir='ltr'>Templum</span> <span class='ocrx_word' id='word_1_385' title='bbox 1804 1462 1872 1497; x_wconf 89' lang='lat' dir='ltr'>Dei</span> <span class='ocrx_word' id='word_1_386' title='bbox 1894 1465 1983 1497; x_wconf 83' lang='lat' dir='ltr'>Fau-</span> 
     </span>
     <span class='ocr_line' id='line_1_79' title="bbox 1222 1510 1985 1558; baseline 0.003 -13"><span class='ocrx_word' id='word_1_387' title='bbox 1222 1511 1282 1551; x_wconf 88' lang='lat' dir='ltr'>ni,</span> <span class='ocrx_word' id='word_1_388' title='bbox 1318 1511 1359 1546; x_wconf 89' lang='lat' dir='ltr'>ad</span> <span class='ocrx_word' id='word_1_389' title='bbox 1395 1511 1488 1558; x_wconf 88' lang='lat' dir='ltr'>quod</span> <span class='ocrx_word' id='word_1_390' title='bbox 1541 1510 1751 1547; x_wconf 70' lang='lat' dir='ltr'>visitandum</span> <span class='ocrx_word' id='word_1_391' title='bbox 1794 1512 1985 1547; x_wconf 88' lang='lat' dir='ltr'>veniebant</span> 
     </span>
     <span class='ocr_line' id='line_1_80' title="bbox 1223 1561 1984 1610; baseline 0.003 -14"><span class='ocrx_word' id='word_1_392' title='bbox 1223 1561 1310 1596; x_wconf 91' lang='lat' dir='ltr'>olim</span> <span class='ocrx_word' id='word_1_393' title='bbox 1333 1561 1505 1610; x_wconf 83' lang='lat' dir='ltr'>peregrini</span> <span class='ocrx_word' id='word_1_394' title='bbox 1526 1561 1568 1597; x_wconf 90' lang='lat' dir='ltr'>de</span> <span class='ocrx_word' id='word_1_395' title='bbox 1590 1561 1746 1610; x_wconf 88' lang='lat' dir='ltr'>partibus</span> <span class='ocrx_word' id='word_1_396' title='bbox 1762 1562 1984 1598; x_wconf 84' lang='lat' dir='ltr'>Galliarum.</span> 
     </span>
     <span class='ocr_line' id='line_1_81' title="bbox 1274 1611 1858 1657; baseline 0.003 -13"><span class='ocrx_word' id='word_1_397' title='bbox 1274 1612 1401 1657; x_wconf 64' lang='lat' dir='ltr'>Quindi</span> <span class='ocrx_word' id='word_1_398' title='bbox 1422 1611 1471 1656; x_wconf 79' lang='lat' dir='ltr'>fu&#39;</span> <span class='ocrx_word' id='word_1_399' title='bbox 1489 1613 1517 1645; x_wconf 76' lang='lat' dir='ltr'>r&#39;o</span> <span class='ocrx_word' id='word_1_400' title='bbox 1542 1633 1858 1639; x_wconf 82' lang='lat'><strong>--------</strong></span> 
     </span>
     <span class='ocr_line' id='line_1_82' title="bbox 1224 1661 1984 1710; baseline 0 -12"><span class='ocrx_word' id='word_1_401' title='bbox 1224 1664 1316 1698; x_wconf 90' lang='lat' dir='ltr'>Heic</span> <span class='ocrx_word' id='word_1_402' title='bbox 1343 1662 1458 1697; x_wconf 55' lang='lat' dir='ltr'>dicius</span> <span class='ocrx_word' id='word_1_403' title='bbox 1485 1661 1627 1710; x_wconf 85' lang='lat' dir='ltr'>spiritus</span> <span class='ocrx_word' id='word_1_404' title='bbox 1654 1662 1833 1710; x_wconf 84' lang='lat' dir='ltr'>specificat</span> <span class='ocrx_word' id='word_1_405' title='bbox 1866 1663 1984 1699; x_wconf 81' lang='lat' dir='ltr'>locum</span> 
     </span>
     <span class='ocr_line' id='line_1_83' title="bbox 1223 1712 1984 1760; baseline 0 -13"><span class='ocrx_word' id='word_1_406' title='bbox 1223 1712 1301 1747; x_wconf 89' lang='lat' dir='ltr'>suae</span> <span class='ocrx_word' id='word_1_407' title='bbox 1326 1712 1498 1760; x_wconf 83' lang='lat' dir='ltr'>originis,</span> <span class='ocrx_word' id='word_1_408' title='bbox 1536 1713 1571 1746; x_wconf 86' lang='lat'>&amp;</span> <span class='ocrx_word' id='word_1_409' title='bbox 1615 1713 1792 1748; x_wconf 83' lang='lat' dir='ltr'>violentae</span> <span class='ocrx_word' id='word_1_410' title='bbox 1837 1712 1984 1756; x_wconf 87' lang='lat' dir='ltr'>mortis,</span> 
     </span>
    </p>
   </div>
   <div class='ocr_carea' id='block_1_15' title="bbox 1143 1157 1181 1196">
    <p class='ocr_par' dir='ltr' id='par_1_19' title="bbox 1143 1157 1181 1196">
     <span class='ocr_line' id='line_1_84' title="bbox 1143 1157 1181 1196; baseline 0 0"><span class='ocrx_word' id='word_1_411' title='bbox 1143 1157 1181 1196; x_wconf 34' lang='lat' dir='ltr'>‘C</span> 
     </span>
    </p>
   </div>
   <div class='ocr_carea' id='block_1_16' title="bbox 1225 1812 1915 1910">
    <p class='ocr_par' dir='ltr' id='par_1_20' title="bbox 1225 1812 1915 1910">
     <span class='ocr_line' id='line_1_85' title="bbox 1225 1812 1536 1861; baseline 0 -13"><span class='ocrx_word' id='word_1_412' title='bbox 1225 1813 1337 1848; x_wconf 83' lang='lat' dir='ltr'>vitate</span> <span class='ocrx_word' id='word_1_413' title='bbox 1364 1812 1536 1861; x_wconf 76' lang='lat' dir='ltr'>Fanenfi3</span> 
     </span>
     <span class='ocr_line' id='line_1_86' title="bbox 1272 1863 1915 1910; baseline 0.014 -20"><span class='ocrx_word' id='word_1_414' title='bbox 1272 1884 1505 1891; x_wconf 85' lang='grc'><strong>......</strong></span> <span class='ocrx_word' id='word_1_415' title='bbox 1532 1877 1582 1897; x_wconf 84' lang='lat' dir='ltr'>ma</span> <span class='ocrx_word' id='word_1_416' title='bbox 1608 1864 1635 1896; x_wconf 84' lang='lat' dir='ltr'>li</span> <span class='ocrx_word' id='word_1_417' title='bbox 1655 1863 1805 1910; x_wconf 73' lang='lat' dir='ltr'>profundi</span> <span class='ocrx_word' id='word_1_418' title='bbox 1825 1863 1915 1907; x_wconf 82' lang='lat' dir='ltr'>sort&#39;,</span> 
     </span>
    </p>
   </div>
   <div class='ocr_carea' id='block_1_17' title="bbox 1130 1753 1984 1924">
    <p class='ocr_par' dir='ltr' id='par_1_21' title="bbox 1130 1753 1984 1924">
     <span class='ocr_line' id='line_1_87' title="bbox 1130 1753 1984 1924; baseline 0.002 -127"><span class='ocrx_word' id='word_1_419' title='bbox 1130 1753 1134 1924; x_wconf 63' lang='grc' dir='ltr'>ι</span> <span class='ocrx_word' id='word_1_420' title='bbox 1224 1763 1363 1797; x_wconf 83' lang='lat' dir='ltr'>dicens:</span> <span class='ocrx_word' id='word_1_421' title='bbox 1389 1762 1441 1806; x_wconf 79' lang='lat' dir='ltr'>sui</span> <span class='ocrx_word' id='word_1_422' title='bbox 1467 1764 1515 1802; x_wconf 77' lang='lat' dir='ltr'>io,</span> <span class='ocrx_word' id='word_1_423' title='bbox 1543 1762 1626 1798; x_wconf 91' lang='lat' dir='ltr'>idest</span> <span class='ocrx_word' id='word_1_424' title='bbox 1652 1763 1694 1798; x_wconf 90' lang='lat' dir='ltr'>de</span> <span class='ocrx_word' id='word_1_425' title='bbox 1721 1762 1896 1812; x_wconf 61' lang='lat' dir='ltr'>praedksta</span> <span class='ocrx_word' id='word_1_426' title='bbox 1916 1761 1984 1799; x_wconf 82' lang='lat' dir='ltr'>Ci-</span> 
     </span>
    </p>
   </div>
   <div class='ocr_carea' id='block_1_18' title="bbox 1138 1913 1989 2604">
    <p class='ocr_par' dir='ltr' id='par_1_22' title="bbox 1138 1913 1989 2604">
     <span class='ocr_line' id='line_1_88' title="bbox 1225 1913 1984 1954; baseline -0.001 -5"><span class='ocrx_word' id='word_1_427' title='bbox 1225 1913 1333 1954; x_wconf 85' lang='lat' dir='ltr'>idest,</span> <span class='ocrx_word' id='word_1_428' title='bbox 1361 1913 1532 1949; x_wconf 82' lang='lat' dir='ltr'>foramina</span> <span class='ocrx_word' id='word_1_429' title='bbox 1562 1914 1594 1948; x_wconf 71' lang='lat'>8:</span> <span class='ocrx_word' id='word_1_430' title='bbox 1618 1915 1761 1949; x_wconf 85' lang='lat' dir='ltr'>vulnera</span> <span class='ocrx_word' id='word_1_431' title='bbox 1791 1915 1902 1949; x_wconf 83' lang='lat' dir='ltr'>multa</span> <span class='ocrx_word' id='word_1_432' title='bbox 1933 1913 1984 1948; x_wconf 89' lang='lat' dir='ltr'>fa-</span> 
     </span>
     <span class='ocr_line' id='line_1_89' title="bbox 1224 1963 1984 2013; baseline -0.001 -13"><span class='ocrx_word' id='word_1_433' title='bbox 1224 1965 1280 2000; x_wconf 68' lang='lat' dir='ltr'>&amp;a</span> <span class='ocrx_word' id='word_1_434' title='bbox 1307 1964 1397 2000; x_wconf 83' lang='lat' dir='ltr'>mihi</span> <span class='ocrx_word' id='word_1_435' title='bbox 1414 1988 1425 2004; x_wconf 88' lang='lat'>,</span> <span class='ocrx_word' id='word_1_436' title='bbox 1455 1963 1672 2011; x_wconf 80' lang='lat' dir='ltr'>penetrantia</span> <span class='ocrx_word' id='word_1_437' title='bbox 1697 1973 1814 2000; x_wconf 91' lang='lat' dir='ltr'>totum</span> <span class='ocrx_word' id='word_1_438' title='bbox 1837 1977 1984 2013; x_wconf 84' lang='lat' dir='ltr'>eorpus,</span> 
     </span>
     <span class='ocr_line' id='line_1_90' title="bbox 1273 2014 1897 2062; baseline 0 -13"><span class='ocrx_word' id='word_1_439' title='bbox 1273 2014 1358 2049; x_wconf 77' lang='lat' dir='ltr'>ond&#39;</span> <span class='ocrx_word' id='word_1_440' title='bbox 1368 2016 1430 2060; x_wconf 73' lang='lat' dir='ltr'>chi</span> <span class='ocrx_word' id='word_1_441' title='bbox 1449 2014 1473 2048; x_wconf 87' lang='grc' dir='ltr'><em>Ἰ</em></span> <span class='ocrx_word' id='word_1_442' title='bbox 1494 2016 1615 2062; x_wconf 77' lang='lat' dir='ltr'>sangae</span> <span class='ocrx_word' id='word_1_443' title='bbox 1631 2036 1897 2053; x_wconf 88' lang='lat'><em>-------</em></span> 
     </span>
     <span class='ocr_line' id='line_1_91' title="bbox 1225 2064 1746 2113; baseline -0.004 -11"><span class='ocrx_word' id='word_1_444' title='bbox 1225 2065 1330 2110; x_wconf 87' lang='lat' dir='ltr'>idest,</span> <span class='ocrx_word' id='word_1_445' title='bbox 1357 2078 1400 2101; x_wconf 82' lang='lat' dir='ltr'>ex</span> <span class='ocrx_word' id='word_1_446' title='bbox 1428 2065 1555 2113; x_wconf 83' lang='lat' dir='ltr'>quibus</span> <span class='ocrx_word' id='word_1_447' title='bbox 1582 2064 1746 2109; x_wconf 83' lang='lat' dir='ltr'>effluxit,</span> 
     </span>
     <span class='ocr_line' id='line_1_92' title="bbox 1277 2115 1933 2164; baseline 0.002 -13"><span class='ocrx_word' id='word_1_448' title='bbox 1277 2136 1507 2143; x_wconf 85' lang='lat'><em>------</em></span> <span class='ocrx_word' id='word_1_449' title='bbox 1534 2117 1567 2153; x_wconf 74' lang='lat' dir='ltr'>in</span> <span class='ocrx_word' id='word_1_450' title='bbox 1588 2117 1643 2161; x_wconf 82' lang='lat' dir='ltr'>sul</span> <span class='ocrx_word' id='word_1_451' title='bbox 1668 2115 1755 2164; x_wconf 80' lang='lat' dir='ltr'>qual‘</span> <span class='ocrx_word' id='word_1_452' title='bbox 1770 2116 1800 2150; x_wconf 78' lang='lat' dir='ltr'>io</span> <span class='ocrx_word' id='word_1_453' title='bbox 1818 2115 1933 2162; x_wconf 69' lang='lat' dir='ltr'>sedete.</span> 
     </span>
     <span class='ocr_line' id='line_1_93' title="bbox 1227 2165 1987 2215; baseline -0.001 -12"><span class='ocrx_word' id='word_1_454' title='bbox 1227 2166 1371 2203; x_wconf 82' lang='lat' dir='ltr'>Scilicet</span> <span class='ocrx_word' id='word_1_455' title='bbox 1386 2193 1396 2207; x_wconf 89' lang='lat'>,</span> <span class='ocrx_word' id='word_1_456' title='bbox 1423 2174 1428 2179; x_wconf 82' lang='lat'><em>&#39;</em></span> <span class='ocrx_word' id='word_1_457' title='bbox 1448 2166 1612 2215; x_wconf 87' lang='lat' dir='ltr'>sanguine</span> <span class='ocrx_word' id='word_1_458' title='bbox 1662 2167 1826 2202; x_wconf 79' lang='lat' dir='ltr'>vivebam</span> <span class='ocrx_word' id='word_1_459' title='bbox 1843 2194 1854 2207; x_wconf 85' lang='grc'>,</span> <span class='ocrx_word' id='word_1_460' title='bbox 1905 2165 1987 2214; x_wconf 75' lang='lat' dir='ltr'>quia</span> 
     </span>
     <span class='ocr_line' id='line_1_94' title="bbox 1229 2216 1988 2267; baseline -0.001 -14"><span class='ocrx_word' id='word_1_461' title='bbox 1229 2218 1366 2267; x_wconf 85' lang='lat' dir='ltr'>sanguis</span> <span class='ocrx_word' id='word_1_462' title='bbox 1394 2217 1439 2253; x_wconf 82' lang='lat' dir='ltr'>est</span> <span class='ocrx_word' id='word_1_463' title='bbox 1465 2217 1557 2253; x_wconf 83' lang='lat' dir='ltr'>sedes</span> <span class='ocrx_word' id='word_1_464' title='bbox 1594 2216 1751 2256; x_wconf 84' lang='lat' dir='ltr'>animae,</span> <span class='ocrx_word' id='word_1_465' title='bbox 1791 2217 1881 2253; x_wconf 86' lang='lat' dir='ltr'>unde</span> <span class='ocrx_word' id='word_1_466' title='bbox 1922 2217 1988 2252; x_wconf 89' lang='lat' dir='ltr'>ali-</span> 
     </span>
     <span class='ocr_line' id='line_1_95' title="bbox 1229 2266 1985 2318; baseline -0.003 -14"><span class='ocrx_word' id='word_1_467' title='bbox 1229 2270 1291 2317; x_wconf 86' lang='lat' dir='ltr'>qui</span> <span class='ocrx_word' id='word_1_468' title='bbox 1342 2267 1635 2318; x_wconf 81' lang='lat' dir='ltr'>Philosophorum</span> <span class='ocrx_word' id='word_1_469' title='bbox 1690 2267 1827 2317; x_wconf 87' lang='lat' dir='ltr'>opinati</span> <span class='ocrx_word' id='word_1_470' title='bbox 1879 2266 1958 2303; x_wconf 86' lang='lat' dir='ltr'>sunt</span> <span class='ocrx_word' id='word_1_471' title='bbox 1976 2290 1985 2307; x_wconf 88' lang='lat'>,</span> 
     </span>
     <span class='ocr_line' id='line_1_96' title="bbox 1230 2318 1792 2368; baseline -0.002 -13"><span class='ocrx_word' id='word_1_472' title='bbox 1230 2319 1325 2368; x_wconf 90' lang='lat' dir='ltr'>quod</span> <span class='ocrx_word' id='word_1_473' title='bbox 1353 2320 1486 2355; x_wconf 85' lang='lat' dir='ltr'>Anima</span> <span class='ocrx_word' id='word_1_474' title='bbox 1515 2319 1597 2355; x_wconf 76' lang='lat' dir='ltr'>esset</span> <span class='ocrx_word' id='word_1_475' title='bbox 1624 2318 1792 2367; x_wconf 80' lang='lat' dir='ltr'>Sanguis,</span> 
     </span>
     <span class='ocr_line' id='line_1_97' title="bbox 1282 2368 1985 2418; baseline -0.006 -13"><span class='ocrx_word' id='word_1_476' title='bbox 1282 2371 1378 2405; x_wconf 75' lang='lat' dir='ltr'>Fam¹</span> <span class='ocrx_word' id='word_1_477' title='bbox 1403 2371 1449 2404; x_wconf 80' lang='lat' dir='ltr'>mi</span> <span class='ocrx_word' id='word_1_478' title='bbox 1482 2371 1556 2415; x_wconf 79' lang='lat' dir='ltr'>furo</span> <span class='ocrx_word' id='word_1_479' title='bbox 1583 2371 1616 2405; x_wconf 79' lang='lat' dir='ltr'>in</span> <span class='ocrx_word' id='word_1_480' title='bbox 1639 2371 1765 2418; x_wconf 81' lang='lat' dir='ltr'>grembo</span> <span class='ocrx_word' id='word_1_481' title='bbox 1791 2383 1812 2404; x_wconf 79' lang='lat' dir='ltr'>a</span> <span class='ocrx_word' id='word_1_482' title='bbox 1832 2368 1885 2416; x_wconf 80' lang='lat' dir='ltr'>gli</span> <span class='ocrx_word' id='word_1_483' title='bbox 1909 2369 1985 2403; x_wconf 56' lang='lat' dir='ltr'>An*</span> 
     </span>
     <span class='ocr_line' id='line_1_98' title="bbox 1331 2432 1455 2456; baseline 0 0"><span class='ocrx_word' id='word_1_484' title='bbox 1331 2432 1430 2456; x_wconf 75' lang='lat' dir='ltr'>tenort</span> <span class='ocrx_word' id='word_1_485' title='bbox 1446 2448 1455 2456; x_wconf 89' lang='lat'><strong>.</strong></span> 
     </span>
     <span class='ocr_line' id='line_1_99' title="bbox 1232 2470 1988 2515; baseline -0.004 -9"><span class='ocrx_word' id='word_1_486' title='bbox 1232 2471 1341 2510; x_wconf 83' lang='lat' dir='ltr'>Idest,</span> <span class='ocrx_word' id='word_1_487' title='bbox 1362 2472 1400 2507; x_wconf 86' lang='lat' dir='ltr'>in</span> <span class='ocrx_word' id='word_1_488' title='bbox 1421 2471 1602 2508; x_wconf 81' lang='lat' dir='ltr'>territorio</span> <span class='ocrx_word' id='word_1_489' title='bbox 1618 2470 1856 2506; x_wconf 74' lang='lat' dir='ltr'>paduanorum</span> <span class='ocrx_word' id='word_1_490' title='bbox 1872 2495 1881 2511; x_wconf 91' lang='lat'>,</span> <span class='ocrx_word' id='word_1_491' title='bbox 1903 2481 1988 2515; x_wconf 74' lang='lat' dir='ltr'>quos</span> 
     </span>
     <span class='ocr_line' id='line_1_100' title="bbox 1138 2517 1989 2566; baseline -0.007 -7"><span class='ocrx_word' id='word_1_492' title='bbox 1138 2542 1146 2565; x_wconf 53' lang='grc' dir='ltr'>ι</span> <span class='ocrx_word' id='word_1_493' title='bbox 1235 2521 1277 2559; x_wconf 81' lang='lat' dir='ltr'>fic</span> <span class='ocrx_word' id='word_1_494' title='bbox 1296 2522 1502 2559; x_wconf 85' lang='lat' dir='ltr'>denominat</span> <span class='ocrx_word' id='word_1_495' title='bbox 1521 2523 1564 2558; x_wconf 79' lang='lat' dir='ltr'>ab</span> <span class='ocrx_word' id='word_1_496' title='bbox 1585 2523 1784 2557; x_wconf 84' lang='lat' dir='ltr'>Antenore.</span> <span class='ocrx_word' id='word_1_497' title='bbox 1813 2519 1869 2554; x_wconf 81' lang='lat' dir='ltr'>Ad</span> <span class='ocrx_word' id='word_1_498' title='bbox 1896 2517 1989 2566; x_wconf 86' lang='lat' dir='ltr'>quod</span> 
     </span>
     <span class='ocr_line' id='line_1_101' title="bbox 1875 2582 1937 2604; baseline 0 0"><span class='ocrx_word' id='word_1_499' title='bbox 1875 2582 1937 2604; x_wconf 80' lang='lat' dir='ltr'>no—</span> 
     </span>
    </p>
   </div>
  </div>
 </body>
</html>
