2216 3105
345 239 428 286 ⁶49

621 230 922 277 COMMENT.
961 233 1026 276 ΙΝ
1063 194 1290 272 ΒΑΝΤῐς
1327 221 1568 267 comem.

1771 233 1854 279 650

288 289 363 333 tia,
399 288 581 325 ascendens
617 289 738 325 navim
775 290 891 326 exivit
928 302 1048 328 contra
1087 295 1118 329 A
1159 285 1349 323 intrinseco
1376 283 1509 321 tactus,
1537 282 1710 317 exclamat
1735 294 1856 318 C0mr²
1876 296 1910 318 a*

291 339 483 388 Rogerium
497 366 506 375 .
522 340 691 388 Rogerius
705 340 936 388 sagaciffimus
951 355 1047 377 man-

293 390 395 426 davit
432 390 499 425 suis
525 418 536 432 ,
573 399 612 425 ut
638 403 708 425 non
746 391 969 428 intenderent
998 393 1047 428 rad

293 440 594 489 persequutionem
632 440 866 489 fugientium,
904 442 959 478 sed
995 443 1048 478 so-

294 493 367 526 lum
397 491 436 525 ad
464 492 632 532 Galeam,
665 492 723 527 ubi
752 501 824 527 erat
852 494 966 541 regale
993 495 1046 529 Si-

293 554 420 589 gnum.
458 543 541 585 Quo
577 541 696 584 fa6‘to,
738 543 774 578 in
813 544 927 589 primo
963 557 1047 579 con-

293 591 402 638 greffu
430 591 537 635 belli,
575 592 699 627 multis
726 593 874 628 navibus
910 595 1046 642 juvenis

293 640 530 685 fugientibus,
558 641 629 690 ipse
649 656 728 678 cum
754 642 821 678 suis
850 645 1048 692 proceribus

292 691 481 727 inutilibus
508 692 626 727 navali
654 693 861 737 certamini,
898 704 969 741 tam
999 695 1049 730 fa—

293 742 412 777 ciliter
447 756 550 788 quam
589 743 750 778 celeriter
786 744 978 780 debellatus
1013 747 1046 780 δ(

293 803 413 836 captus
441 792 507 837 est,
535 806 612 827 curn
641 806 767 828 novem
797 795 945 830 navibus
972 797 1050 831 lon-

293 844 370 890 gis.
415 845 462 878 Et
497 842 619 878 dufflus
655 843 848 880 Meffanam
886 845 923 880 in
960 846 1050 881 Sici-

294 895 402 932 liam,
430 893 490 928 ubi
520 894 698 940 plusquam
727 897 803 930 CC.
827 909 870 931 ex
898 895 966 931 suis
986 909 1049 930 no-

294 944 424 979 bilibus
452 945 570 992 gladio
607 944 685 979 sunt
712 945 827 981 necati
865 946 902 982 in
930 946 1048 982 vindi-

297 994 384 1028 Qtam
423 993 648 1038 Conradini,
691 995 765 1043 ipso
801 998 934 1032 Cat-olo
971 1011 1047 1032 cum

295 1044 414 1094 paucis
441 1044 633 1081 reservato.
671 1048 749 1081 Hac
777 1046 927 1083 vibioria
957 1048 1049 1095 poti—

293 1104 350 1130 tus
369 1095 413 1129 est
432 1095 599 1143 Rogerius
616 1098 724 1132 Anno
746 1097 893 1133 Domini
916 1097 1050 1134 MCC—

291 1147 496 1184 LXXXlV.
528 1145 594 1182 Die
625 1146 781 1195 sequenti
811 1146 962 1184 Carolus
992 1162 1050 1192 pa-

293 1012 309 1029 ζ..

1091 757 1115 789 Β

294 1206 348 1231 ter
375 1196 546 1244 applicuit
581 1197 771 1247 Cajet3m3
810 1199 870 1246 qui
909 1209 1050 1248 accepto
1090 1209 1115 1239 ζ’

293 1246 435 1281 ὓηίίῖῐσ
461 1260 599 1282 rumore
637 1247 737 1287 filii,
774 1249 935 1284 accensus
971 1263 1048 1292 ira,

294 1296 412 1344 dixit3
442 1298 557 1331 Vellem
585 1298 684 1344 ipsum
703 1297 758 1342 effl’
777 1310 948 1339 mortuum,
975 1302 1050 1346 quia

294 1361 352 1381 non
385 1348 532 1390 servavit
566 1359 760 1395 praeceptum
787 1363 906 1385 meum.
944 1350 1050 1385 Mim-

294 1397 436 1433 daverat
477 1408 572 1443 pater
610 1397 688 1433 filio
713 1426 723 1442 ,
762 1409 800 1434 ut
836 1401 936 1435 nullo
973 1401 1047 1435 casu

293 1448 535 1482 committeret
570 1447 602 1483 se
641 1462 774 1495 pugnae
811 1449 965 1485 marinae
993 1452 1048 1484 vel

292 1497 438 1531 terrestri
467 1496 503 1531 in
530 1496 682 1532 absentia
711 1497 790 1533 sua.
821 1499 955 1534 Deinde
979 1502 1050 1535 Ca-

293 1547 408 1587 rolus,
434 1556 574 1581 mortuo
596 1557 712 1594 patre,
737 1549 951 1584 concordans
970 1563 1047 1585 curn

294 1599 387 1644 Rege
415 1598 642 1644 Aragonum,
670 1598 822 1634 reversus
851 1599 895 1634 est
922 1601 958 1635 in
981 1603 1050 1636 Re-

292 1660 397 1694 gnum
430 1645 545 1681 suum.
577 1650 622 1682 Et
645 1648 792 1684 tradidit
820 1648 931 1684 filiam
954 1650 1046 1686 suam

293 1696 432 1731 Azzoni
463 1699 526 1730 111.
549 1698 753 1733 Mar-chinni
779 1699 928 1743 Estenfi,
956 1700 1048 1736 faa-a

295 1745 355 1780 fibi
403 1759 526 1790 magna
567 1746 757 1782 donatione
804 1758 945 1796 propter
984 1764 1048 1785 nu-

295 1796 408 1844 ptias.
449 1799 552 1831 Nunc
580 1796 621 1831 ad
659 1797 797 1832 literam
826 1798 916 1834 dicit
944 1802 1045 1849 Ugo:

346 1846 506 1887 L’altro,
533 1867 549 1874 -
575 1867 592 1873 -
619 1867 635 1873 —
660 1867 678 1874 -

295 1895 454 1940 scilicet,
482 1896 653 1932 Carolum
682 1898 879 1934 Claudum:

345 1968 360 1973 -
388 1967 404 1973 -
430 1968 446 1973 -
473 1948 522 1981 che
545 1949 602 1991 giax
629 1949 690 1993 usci
716 1950 800 1994 presa
825 1951 862 1984 di
889 1964 997 1993 nave,

294 1997 332 2032 ἃ
361 2007 451 2033 certe
488 1997 602 2033 fuisset
637 1999 792 2039 occisus,
829 2000 891 2035 nifi
929 2001 1048 2049 prohi-

294 2048 416 2083 buiffet
446 2049 580 2095 Regina
608 2050 832 2086 Constantia:

346 2099 461 2144 Veggio
486 2099 684 2142 vender=sua
701 2100 835 2146 figlr'a‚·

293 2161 397 2195 quam
427 2148 572 2183 tradidit
600 2149 678 2184 viro
706 2163 767 2196 pro
795 2150 969 2199 pecunia:

343 2219 360 2225 -
386 2219 401 2224 ·-
429 2220 444 2224 -
471 2219 487 2225 ·—
515 2213 529 2232 e
553 2200 795 2246 patteggiarne,

346 2253 437 2283 Come
455 2249 514 2292 fan
535 2250 561 2282 li
580 2251 692 2294 Corsar
709 2252 747 2284 de
766 2249 788 2284 l'
799 2252 880 2286 altre
901 2252 1047 2296 schiave.
1076 2263 1080 2295 J

292 2313 377 2348 quas
406 2300 562 2334 vendunt
588 2313 650 2341 pro
678 2310 774 2336 certo

293 2350 378 2397 quid
407 2350 547 2385 dixisset
576 2352 681 2386 Poeta
708 2351 840 2394 noster,
870 2353 962 2400 quod
989 2356 1048 2397 Jo-

292 2401 423 2435 hannes
452 2403 526 2435 Rex
555 2401 742 2446 franciae,
770 2412 889 2449 captus
908 2404 950 2438 ab
971 2406 1048 2438 An-

293 2451 398 2499 glicis
425 2451 546 2487 diebus
573 2451 717 2495 nostris,
745 2453 907 2488 vendidit
934 2453 1045 2490 filiam

291 2501 386 2537 suam
416 2502 573 2536 Domino
609 2502 773 2538 Galeatio
809 2505 979 2549 Tyranno
1006 2506 1047 2541 de

287 2553 527 2590 Mediolano?
562 2554 610 2589 Et
645 2566 689 2589 ex
724 2553 791 2590 hoc
819 2556 899 2603 Ugo
927 2555 1046 2593 dolore

389 2606 477 2638 Tor-².
506 2605 566 2640 ΙΙΙ.

1092 1659 1116 1690 D

809 2301 948 2349 pretio.
985 2304 1047 2338 Sed
1077 2298 1079 2321 ³
1128 2337 1130 2342 ,

1158 336 1323 373 varitiam
1351 331 1624 384 potentiffimam
1643 359 1652 377 ,
1680 332 1818 368 dicens:

1158 406 1162 409 ·
1206 392 1233 421 O
1258 386 1432 432 avariqia!
1458 406 1474 411 —
1500 404 1516 409 -
1542 403 1559 409 -
1583 404 1602 408 -

1158 438 1275 487 regina
1302 436 1496 472 vitiorum:

1208 511 1224 516 -
1249 510 1266 515 -
1292 509 1308 515 -
1333 488 1386 523 che
1409 488 1483 534 puoi
1509 494 1544 518 tu
1568 484 1628 531 pi&
1648 484 1740 528 fame
1757 511 1768 529 ,

1158 539 1249 588 quasi
1278 539 1398 586 dicat;
1427 538 1478 572 nil
1507 535 1638 584 majus:

1209 588 1292 625 Poic’
1312 590 1368 625 hai
1394 590 1420 622 il
1441 589 1561 634 [angue
1581 587 1642 620 mio
1660 599 1682 620 a
1700 595 1729 619 te
1747 586 1777 619 s)
1796 595 1914 629 trano,

1209 644 1273 675 Che
1297 654 1355 674 non
1375 639 1407 680 fi
1432 651 1504 674 cura
1530 639 1568 672 de
1594 638 1628 672 la
1652 636 1778 682 propria
1797 640 1916 671 carne?

1160 694 1205 727 Et
1233 690 1310 726 heic
1339 699 1441 729 nota,
1470 689 1562 736 quod
1591 687 1648 723 iste
1675 686 1828 722 maxime
1853 688 1915 721 do—

1160 745 1208 777 let
1244 742 1285 776 de
1320 740 1470 776 avaritia
1513 739 1607 774 istius
1642 735 1790 781 Caroli,
1833 737 1916 785 quia

1161 792 1228 827 fuit
1257 792 1356 826 valde
1393 789 1549 826 liberalis
1586 788 1680 824 inter
1718 790 1825 836 Reges
1864 787 1916 822 sui

1161 843 1347 890 temporis.
1387 841 1450 876 Sed
1487 849 1578 875 certe
1615 851 1713 874 amor
1750 837 1916 886 pecuniae

1162 893 1274 928 vincit
1299 905 1450 927 amorem
1478 891 1669 925 naturalem
1685 916 1694 932 ,
1720 889 1753 923 δ(
1776 902 1826 923 res
1847 889 1916 923 im-

1161 944 1335 991 pofiibiles
1363 942 1449 977 facit
1486 940 1687 989 poffibiles.
1727 936 1832 973 Unde
1860 939 1918 973 in-

1160 994 1269 1038 felix,
1306 993 1342 1028 in
1380 1005 1450 1039 quo
1477 990 1627 1026 avaritia
1664 988 1748 1024 fixit
1783 988 1915 1024 radices

1160 1044 1261 1080 suas.
1309 1043 1542 1078 Pacisceretur
1577 1040 1671 1076 enim
1709 1052 1786 1074 cum
1828 1052 1917 1086 quo-

1160 1108 1308 1142 cumque
1335 1094 1376 1129 de
1413 1102 1520 1141 quota
1561 1100 1656 1140 parte
1683 1090 1779 1125 vitae
1817 1089 1916 1130 suae,

1160 1145 1180 1179 s1
1219 1146 1328 1193 poffet
1355 1144 1502 1179 vendere
1539 1141 1642 1178 alteri
1680 1150 1816 1189 tempus
1854 1140 1917 1176 fibi

1157 1196 1275 1231 datum
1305 1209 1322 1231 a
1352 1204 1493 1229 natura:

1207 1247 1321 1281 Perche
1348 1259 1413 1279 men
1438 1243 1518 1291 pajae
1545 1243 1571 1278 il
1597 1243 1662 1278 mal
1692 1242 1822 1287 futuro,
1851 1255 1866 1276 e
1892 1240 1918 1274 ’l

1254 1297 1357 1341 fatto.

1160 1346 1251 1382 Heic
1281 1350 1360 1394 Ugo
1388 1347 1501 1381 amare
1539 1353 1794 1380 commemorat
1830 1342 1916 1379 faci-

1161 1411 1222 1432 nus
1250 1397 1423 1445 impium,
1460 1397 1552 1443 quod
1592 1403 1795 1443 praegravat
1823 1404 1915 1429 cete-

1159 1448 1231 1482 ris.
1269 1448 1327 1482 Ad
1355 1448 1452 1494 cujus
1489 1446 1767 1493 intelligentiam
1806 1443 1850 1479 cst
1877 1457 1917 1480 u-

1159 1498 1224 1533 tile
1251 1496 1357 1537 scire,
1395 1497 1486 1544 quod
1527 1496 1711 1544 Philippus
1743 1495 1915 1539 Pulcher,

1162 1550 1234 1583 Rex
1271 1547 1462 1587 Franciae,
1504 1556 1710 1594 conceperat
1752 1545 1917 1594 indigna-

1159 1598 1293 1633 tionem
1321 1608 1443 1633 contra
1472 1597 1694 1632 Bonifacium
1724 1598 1825 1631 VIII.
1853 1596 1916 1642 qui

1159 1647 1383 1695 promiserat,
1420 1647 1530 1683 facere
1566 1647 1735 1683 carolum
1773 1647 1814 1681 de
1844 1649 1916 1681 Va-

1157 1699 1224 1733 lois
1252 1725 1262 1742 ,
1303 1698 1444 1733 fratrem
1490 1697 1621 1741 suum,
1663 1699 1915 1745 Imperatorem

1160 1751 1397 1784 Romanorum
1415 1776 1425 1792 ,
1462 1748 1602 1796 quando
1630 1748 1730 1782 venit
1759 1760 1819 1793 pro
1850 1749 1915 1781 Pa-

1158 1798 1268 1833 ciario
1296 1798 1333 1833 in
1361 1798 1528 1833 Tusciam
1546 1825 1555 1833 .
1589 1798 1654 1833 Sed
1681 1797 1773 1832 nihil
1803 1797 1917 1831 serva—-

1160 1857 1282 1895 verat3
1322 1847 1405 1894 quia
1432 1847 1576 1889 audisti,
1613 1860 1717 1893 quam
1756 1848 1915 1882 valenter

1158 1897 1189 1932 se
1210 1897 1392 1946 habuerit3
1419 1898 1531 1933 immo
1553 1897 1673 1932 eodem
1696 1899 1805 1932 Anno
1830 1909 1914 1931 con-

1158 1947 1358 1983 firmaverat
1372 1948 1561 1982 Albertum
1584 1949 1715 1982 Ducem
1735 1945 1914 1982 Austxiae.

1160 1998 1241 2033 Ideo
1282 1997 1465 2045 Philippus
1501 1996 1731 2046 indignatus,
1773 1997 1915 2045 superbe

1158 2048 1298 2083 tenebat
1325 2049 1358 2083 8<
1396 2049 1589 2083 honorabat
1624 2047 1835 2095 Stephanum
1873 2048 1914 2083 de

1159 2101 1334 2134 Columna
1353 2123 1362 2138 ,
1400 2098 1585 2134 inimicum
1615 2099 1715 2147 ejus,
1743 2099 1774 2133 &
1806 2099 1916 2133 Bene-

1160 2149 1240 2185 ficia
1268 2149 1466 2184 conferebat
1495 2149 1531 2184 in
1561 2148 1707 2184 Francia
1736 2162 1797 2195 pro
1827 2158 1913 2184 voto

1161 2200 1248 2235 suo.
1292 2201 1437 2248 Propter
1472 2200 1564 2247 quod
1602 2198 1803 2235 Bonifacius
1842 2212 1916 2235 ma-

1160 2250 1345 2299 gnanimus
1380 2252 1414 2285 &
1452 2250 1516 2285 alti
1554 2250 1694 2290 cordis,
1732 2249 1841 2285 faetus
1870 2249 1914 2285 est

1160 2302 1273 2349 palam
1303 2300 1363 2336 fibi
1392 2300 1549 2336 infestus.
1586 2303 1633 2338 Et
1660 2301 1699 2336 ad
1728 2300 1915 2349 justifican-

1161 2352 1239 2386 dam
1261 2351 1395 2387 causam
1424 2351 1539 2389 suam,
1569 2350 1653 2387 fecit
1679 2350 1781 2387 citari
1814 2353 1913 2387 Prae-

1127 2414 1131 2469 Ι
1161 2403 1251 2437 latos
1273 2401 1438 2437 Franciae
1459 2403 1498 2437 ad
1520 2401 1723 2437 Concilium
1739 2429 1747 2445 ,
1775 2402 1808 2437 δ(
1833 2402 1916 2437 Phi-

1127 2472 1131 2511 4
1162 2453 1297 2501 lippum
1340 2453 1582 2497 prohibentem
1620 2450 1658 2488 &
1696 2453 1914 2488 contumaci-

1127 2513 1131 2549 1
1164 2513 1214 2538 cer
1249 2503 1461 2539 recusantem
1505 2503 1537 2540 se
1579 2502 1754 2539 subditum
1793 2505 1913 2538 Eccle-

1125 2553 1132 2602 l
1161 2553 1247 2598 siae,
1285 2555 1528 2602 temporaliter
1563 2553 1915 2637 excommunicgvit.

1296 2606 1330 2640 T
1357 2614 1372 2640 t
1781 2606 1805 2638 P
1833 2603 1864 2638 i-
