<?xml version="1.0" encoding="UTF-8"?>
<!DOCTYPE html PUBLIC "-//W3C//DTD XHTML 1.0 Transitional//EN"
    "http://www.w3.org/TR/xhtml1/DTD/xhtml1-transitional.dtd">
<html xmlns="http://www.w3.org/1999/xhtml" xml:lang="en" lang="en">
 <head>
  <title>
</title>
<meta http-equiv="Content-Type" content="text/html;charset=utf-8" />
  <meta name='ocr-system' content='tesseract 3.04.00' />
  <meta name='ocr-capabilities' content='ocr_page ocr_carea ocr_par ocr_line ocrx_word'/>
</head>
<body>
  <div class='ocr_page' id='page_1' title='image "antiquitatesital03mura_0318.png"; bbox 0 0 2216 3105; ppageno 0'>
   <div class='ocr_carea' id='block_1_1' title="bbox 408 217 1914 266">
    <p class='ocr_par' dir='ltr' id='par_1_1' title="bbox 408 217 1914 266">
     <span class='ocr_line' id='line_1_1' title="bbox 408 217 1914 266; baseline 0.001 -2"><span class='ocrx_word' id='word_1_1' title='bbox 408 228 489 264; x_wconf 82' lang='lat'>611</span> <span class='ocrx_word' id='word_1_2' title='bbox 694 217 1148 262; x_wconf 80' lang='lat' dir='ltr'><em>BENVENUTI</em></span> <span class='ocrx_word' id='word_1_3' title='bbox 1193 217 1642 262; x_wconf 84' lang='lat' dir='ltr'><em>IMOLENSIS</em></span> <span class='ocrx_word' id='word_1_4' title='bbox 1831 220 1914 266; x_wconf 65' lang='lat'>&#39;612</span> 
     </span>
    </p>
   </div>
   <div class='ocr_carea' id='block_1_2' title="bbox 348 277 1978 329">
    <p class='ocr_par' dir='ltr' id='par_1_2' title="bbox 348 277 1978 329">
     <span class='ocr_line' id='line_1_2' title="bbox 348 277 1978 329; baseline -0.001 -13"><span class='ocrx_word' id='word_1_5' title='bbox 348 280 475 316; x_wconf 85' lang='lat' dir='ltr'>donem</span> <span class='ocrx_word' id='word_1_6' title='bbox 516 277 698 315; x_wconf 84' lang='lat' dir='ltr'>nominare</span> <span class='ocrx_word' id='word_1_7' title='bbox 726 279 862 327; x_wconf 86' lang='lat' dir='ltr'>aliquos</span> <span class='ocrx_word' id='word_1_8' title='bbox 899 280 994 315; x_wconf 85' lang='lat' dir='ltr'>viros</span> <span class='ocrx_word' id='word_1_9' title='bbox 1035 279 1104 314; x_wconf 82' lang='lat' dir='ltr'>cla·</span> <span class='ocrx_word' id='word_1_10' title='bbox 1145 278 1176 312; x_wconf 89' lang='lat' dir='ltr'>A</span> <span class='ocrx_word' id='word_1_11' title='bbox 1219 277 1423 324; x_wconf 82' lang='lat' dir='ltr'>opinionem</span> <span class='ocrx_word' id='word_1_12' title='bbox 1451 292 1676 315; x_wconf 89' lang='lat' dir='ltr'>communem</span> <span class='ocrx_word' id='word_1_13' title='bbox 1694 306 1704 324; x_wconf 96' lang='lat'>,</span> <span class='ocrx_word' id='word_1_14' title='bbox 1731 281 1825 329; x_wconf 87' lang='lat' dir='ltr'>quod</span> <span class='ocrx_word' id='word_1_15' title='bbox 1853 281 1896 316; x_wconf 82' lang='lat' dir='ltr'>fic</span> <span class='ocrx_word' id='word_1_16' title='bbox 1923 279 1978 315; x_wconf 84' lang='lat' dir='ltr'>di-</span> 
     </span>
    </p>
   </div>
   <div class='ocr_carea' id='block_1_3' title="bbox 347 329 1110 2591">
    <p class='ocr_par' dir='ltr' id='par_1_3' title="bbox 347 329 1110 2591">
     <span class='ocr_line' id='line_1_3' title="bbox 349 329 1105 377; baseline -0.005 -10"><span class='ocrx_word' id='word_1_17' title='bbox 349 345 405 367; x_wconf 88' lang='lat' dir='ltr'>ros</span> <span class='ocrx_word' id='word_1_18' title='bbox 447 330 639 373; x_wconf 81' lang='lat' dir='ltr'>seculares,</span> <span class='ocrx_word' id='word_1_19' title='bbox 681 330 886 370; x_wconf 80' lang='lat' dir='ltr'>modernos,</span> <span class='ocrx_word' id='word_1_20' title='bbox 938 331 1019 377; x_wconf 84' lang='lat' dir='ltr'>quia</span> <span class='ocrx_word' id='word_1_21' title='bbox 1062 329 1105 373; x_wconf 80' lang='lat' dir='ltr'>fic</span> 
     </span>
     <span class='ocr_line' id='line_1_4' title="bbox 349 380 1105 418; baseline -0.005 0"><span class='ocrx_word' id='word_1_22' title='bbox 349 381 583 418; x_wconf 85' lang='lat' dir='ltr'>conveniebat</span> <span class='ocrx_word' id='word_1_23' title='bbox 611 380 688 416; x_wconf 88' lang='lat' dir='ltr'>viro</span> <span class='ocrx_word' id='word_1_24' title='bbox 716 380 896 416; x_wconf 78' lang='lat' dir='ltr'><strong>Militari.</strong></span> <span class='ocrx_word' id='word_1_25' title='bbox 925 382 987 416; x_wconf 89' lang='lat' dir='ltr'>Sed</span> <span class='ocrx_word' id='word_1_26' title='bbox 1017 380 1105 415; x_wconf 86' lang='lat' dir='ltr'>alios</span> 
     </span>
     <span class='ocr_line' id='line_1_5' title="bbox 349 430 1105 480; baseline -0.003 -12"><span class='ocrx_word' id='word_1_27' title='bbox 349 432 445 468; x_wconf 85' lang='lat' dir='ltr'>viros</span> <span class='ocrx_word' id='word_1_28' title='bbox 481 431 684 468; x_wconf 84' lang='lat' dir='ltr'>illustriores</span> <span class='ocrx_word' id='word_1_29' title='bbox 726 431 942 479; x_wconf 83' lang='lat' dir='ltr'>antiquiores</span> <span class='ocrx_word' id='word_1_30' title='bbox 985 430 1105 480; x_wconf 83' lang='lat' dir='ltr'>genuit</span> 
     </span>
     <span class='ocr_line' id='line_1_6' title="bbox 348 481 1105 531; baseline -0.003 -13"><span class='ocrx_word' id='word_1_31' title='bbox 348 482 433 518; x_wconf 87' lang='lat' dir='ltr'>haec</span> <span class='ocrx_word' id='word_1_32' title='bbox 461 482 595 531; x_wconf 80' lang='lat' dir='ltr'>patria,</span> <span class='ocrx_word' id='word_1_33' title='bbox 624 481 709 517; x_wconf 83' lang='lat' dir='ltr'>ficut</span> <span class='ocrx_word' id='word_1_34' title='bbox 739 484 877 518; x_wconf 85' lang='lat' dir='ltr'>Petrum</span> <span class='ocrx_word' id='word_1_35' title='bbox 916 481 1105 525; x_wconf 81' lang='lat' dir='ltr'>Damiani,</span> 
     </span>
     <span class='ocr_line' id='line_1_7' title="bbox 347 530 1105 581; baseline -0.003 -12"><span class='ocrx_word' id='word_1_36' title='bbox 347 532 390 569; x_wconf 92' lang='lat' dir='ltr'>de</span> <span class='ocrx_word' id='word_1_37' title='bbox 416 546 488 581; x_wconf 92' lang='lat' dir='ltr'>quo</span> <span class='ocrx_word' id='word_1_38' title='bbox 517 535 622 567; x_wconf 69' lang='lat' dir='ltr'>Poeta</span> <span class='ocrx_word' id='word_1_39' title='bbox 649 532 771 568; x_wconf 75' lang='lat' dir='ltr'>scribit</span> <span class='ocrx_word' id='word_1_40' title='bbox 793 530 901 568; x_wconf 78' lang='lat' dir='ltr'>Cant.</span> <span class='ocrx_word' id='word_1_41' title='bbox 925 535 1018 568; x_wconf 82' lang='lat' dir='ltr'>XXI.</span> <span class='ocrx_word' id='word_1_42' title='bbox 1042 534 1105 567; x_wconf 83' lang='lat' dir='ltr'>Pa—</span> 
     </span>
     <span class='ocr_line' id='line_1_8' title="bbox 348 582 1105 627; baseline -0.001 -9"><span class='ocrx_word' id='word_1_43' title='bbox 348 582 471 627; x_wconf 82' lang='lat' dir='ltr'>radifi,</span> <span class='ocrx_word' id='word_1_44' title='bbox 507 584 540 619; x_wconf 82' lang='lat'>8&lt;</span> <span class='ocrx_word' id='word_1_45' title='bbox 572 583 805 617; x_wconf 80' lang='lat' dir='ltr'>Romualdum</span> <span class='ocrx_word' id='word_1_46' title='bbox 842 582 884 617; x_wconf 90' lang='lat' dir='ltr'>de</span> <span class='ocrx_word' id='word_1_47' title='bbox 920 583 1105 626; x_wconf 84' lang='lat' dir='ltr'>Honestis,</span> 
     </span>
     <span class='ocr_line' id='line_1_9' title="bbox 348 632 1106 681; baseline -0.001 -12"><span class='ocrx_word' id='word_1_48' title='bbox 348 633 391 669; x_wconf 89' lang='lat' dir='ltr'>de</span> <span class='ocrx_word' id='word_1_49' title='bbox 427 647 497 681; x_wconf 85' lang='lat' dir='ltr'>quo</span> <span class='ocrx_word' id='word_1_50' title='bbox 536 632 658 668; x_wconf 81' lang='lat' dir='ltr'>scribit</span> <span class='ocrx_word' id='word_1_51' title='bbox 696 634 800 667; x_wconf 73' lang='lat' dir='ltr'>Poeta</span> <span class='ocrx_word' id='word_1_52' title='bbox 841 634 946 668; x_wconf 87' lang='lat' dir='ltr'>Cant.</span> <span class='ocrx_word' id='word_1_53' title='bbox 992 635 1106 668; x_wconf 70' lang='lat' dir='ltr'><strong>xxm.</strong></span> 
     </span>
     <span class='ocr_line' id='line_1_10' title="bbox 349 682 1106 729; baseline -0.003 -10"><span class='ocrx_word' id='word_1_54' title='bbox 349 683 517 720; x_wconf 71' lang='lat' dir='ltr'>Paradifi.</span> <span class='ocrx_word' id='word_1_55' title='bbox 556 685 652 719; x_wconf 88' lang='lat' dir='ltr'>Nota</span> <span class='ocrx_word' id='word_1_56' title='bbox 679 682 809 726; x_wconf 87' lang='lat' dir='ltr'>etiam,</span> <span class='ocrx_word' id='word_1_57' title='bbox 846 683 939 729; x_wconf 91' lang='lat' dir='ltr'>quod</span> <span class='ocrx_word' id='word_1_58' title='bbox 969 686 1106 719; x_wconf 80' lang='lat' dir='ltr'>Raven-</span> 
     </span>
     <span class='ocr_line' id='line_1_11' title="bbox 348 732 1106 780; baseline -0.003 -11"><span class='ocrx_word' id='word_1_59' title='bbox 348 747 393 769; x_wconf 87' lang='lat' dir='ltr'>na</span> <span class='ocrx_word' id='word_1_60' title='bbox 420 733 465 769; x_wconf 86' lang='lat' dir='ltr'>est</span> <span class='ocrx_word' id='word_1_61' title='bbox 493 742 568 767; x_wconf 81' lang='lat' dir='ltr'>tota</span> <span class='ocrx_word' id='word_1_62' title='bbox 596 732 790 780; x_wconf 82' lang='lat' dir='ltr'>sphaerica,</span> <span class='ocrx_word' id='word_1_63' title='bbox 832 733 960 768; x_wconf 88' lang='lat' dir='ltr'>habens</span> <span class='ocrx_word' id='word_1_64' title='bbox 990 746 1106 768; x_wconf 83' lang='lat' dir='ltr'>muros</span> 
     </span>
     <span class='ocr_line' id='line_1_12' title="bbox 348 781 1107 831; baseline -0.001 -12"><span class='ocrx_word' id='word_1_65' title='bbox 348 782 627 830; x_wconf 80' lang='lat' dir='ltr'>antiquiffimos,</span> <span class='ocrx_word' id='word_1_66' title='bbox 656 781 884 830; x_wconf 85' lang='lat' dir='ltr'>ampliffimos</span> <span class='ocrx_word' id='word_1_67' title='bbox 913 783 1023 831; x_wconf 76' lang='lat' dir='ltr'>magis</span> <span class='ocrx_word' id='word_1_68' title='bbox 1052 783 1107 818; x_wconf 90' lang='lat' dir='ltr'>in-</span> 
     </span>
     <span class='ocr_line' id='line_1_13' title="bbox 348 832 1107 881; baseline -0.001 -12"><span class='ocrx_word' id='word_1_69' title='bbox 348 833 399 869; x_wconf 84' lang='lat' dir='ltr'>fra</span> <span class='ocrx_word' id='word_1_70' title='bbox 427 843 552 869; x_wconf 81' lang='lat' dir='ltr'>terram</span> <span class='ocrx_word' id='word_1_71' title='bbox 582 833 687 881; x_wconf 62' lang='lat' dir='ltr'>quam</span> <span class='ocrx_word' id='word_1_72' title='bbox 715 832 833 880; x_wconf 84' lang='lat' dir='ltr'>supra:</span> <span class='ocrx_word' id='word_1_73' title='bbox 873 832 1004 881; x_wconf 80' lang='lat' dir='ltr'>signum</span> <span class='ocrx_word' id='word_1_74' title='bbox 1034 846 1107 868; x_wconf 87' lang='lat' dir='ltr'>ma-</span> 
     </span>
     <span class='ocr_line' id='line_1_14' title="bbox 349 883 1107 933; baseline 0.001 -14"><span class='ocrx_word' id='word_1_75' title='bbox 349 897 436 933; x_wconf 84' lang='lat' dir='ltr'>gnae</span> <span class='ocrx_word' id='word_1_76' title='bbox 466 884 663 919; x_wconf 82' lang='lat' dir='ltr'>vetustatis.</span> <span class='ocrx_word' id='word_1_77' title='bbox 705 884 777 918; x_wconf 90' lang='lat' dir='ltr'>Ubi</span> <span class='ocrx_word' id='word_1_78' title='bbox 815 883 990 930; x_wconf 84' lang='lat' dir='ltr'>quondam</span> <span class='ocrx_word' id='word_1_79' title='bbox 1019 885 1107 920; x_wconf 85' lang='lat' dir='ltr'>Cae-</span> 
     </span>
     <span class='ocr_line' id='line_1_15' title="bbox 350 933 1105 977; baseline 0 -8"><span class='ocrx_word' id='word_1_80' title='bbox 350 935 403 970; x_wconf 79' lang='lat' dir='ltr'>sar</span> <span class='ocrx_word' id='word_1_81' title='bbox 440 934 591 970; x_wconf 67' lang='lat' dir='ltr'>faEturus</span> <span class='ocrx_word' id='word_1_82' title='bbox 628 933 736 969; x_wconf 88' lang='lat' dir='ltr'>civile</span> <span class='ocrx_word' id='word_1_83' title='bbox 778 934 935 977; x_wconf 85' lang='lat' dir='ltr'>bellum,</span> <span class='ocrx_word' id='word_1_84' title='bbox 974 947 1105 970; x_wconf 86' lang='lat' dir='ltr'>moram</span> 
     </span>
     <span class='ocr_line' id='line_1_16' title="bbox 349 984 1106 1032; baseline -0.001 -11"><span class='ocrx_word' id='word_1_85' title='bbox 349 985 487 1030; x_wconf 80' lang='lat' dir='ltr'>traxit,</span> <span class='ocrx_word' id='word_1_86' title='bbox 528 995 708 1032; x_wconf 84' lang='lat' dir='ltr'>tamquam</span> <span class='ocrx_word' id='word_1_87' title='bbox 749 984 787 1020; x_wconf 88' lang='lat' dir='ltr'>in</span> <span class='ocrx_word' id='word_1_88' title='bbox 828 984 984 1021; x_wconf 83' lang='lat' dir='ltr'>confinio</span> <span class='ocrx_word' id='word_1_89' title='bbox 1026 987 1106 1020; x_wconf 83' lang='lat' dir='ltr'>Pro·</span> 
     </span>
     <span class='ocr_line' id='line_1_17' title="bbox 351 1033 1107 1079; baseline -0.001 -8"><span class='ocrx_word' id='word_1_90' title='bbox 351 1036 491 1071; x_wconf 86' lang='lat' dir='ltr'>vinciae</span> <span class='ocrx_word' id='word_1_91' title='bbox 529 1035 633 1079; x_wconf 84' lang='lat' dir='ltr'>suae,</span> <span class='ocrx_word' id='word_1_92' title='bbox 675 1044 714 1070; x_wconf 87' lang='lat' dir='ltr'>ut</span> <span class='ocrx_word' id='word_1_93' title='bbox 750 1034 871 1071; x_wconf 87' lang='lat' dir='ltr'>scribit</span> <span class='ocrx_word' id='word_1_94' title='bbox 899 1033 1107 1071; x_wconf 81' lang='lat' dir='ltr'>Suetonius.</span> 
     </span>
     <span class='ocr_line' id='line_1_18' title="bbox 351 1085 1108 1134; baseline 0 -13"><span class='ocrx_word' id='word_1_95' title='bbox 351 1088 469 1132; x_wconf 84' lang='lat' dir='ltr'>Quam</span> <span class='ocrx_word' id='word_1_96' title='bbox 511 1086 580 1122; x_wconf 87' lang='lat' dir='ltr'>duo</span> <span class='ocrx_word' id='word_1_97' title='bbox 626 1085 771 1121; x_wconf 87' lang='lat' dir='ltr'>flumina</span> <span class='ocrx_word' id='word_1_98' title='bbox 819 1086 1080 1134; x_wconf 58' lang='lat' dir='ltr'>amplessuntur</span> <span class='ocrx_word' id='word_1_99' title='bbox 1099 1114 1108 1130; x_wconf 92' lang='lat'>,</span> 
     </span>
     <span class='ocr_line' id='line_1_19' title="bbox 352 1136 1108 1185; baseline -0.001 -13"><span class='ocrx_word' id='word_1_100' title='bbox 352 1150 439 1184; x_wconf 87' lang='lat' dir='ltr'>quae</span> <span class='ocrx_word' id='word_1_101' title='bbox 468 1136 518 1172; x_wconf 89' lang='lat' dir='ltr'>ibi</span> <span class='ocrx_word' id='word_1_102' title='bbox 539 1137 799 1185; x_wconf 79' lang='lat' dir='ltr'>conjunguntur</span> <span class='ocrx_word' id='word_1_103' title='bbox 819 1136 855 1171; x_wconf 88' lang='lat' dir='ltr'>in</span> <span class='ocrx_word' id='word_1_104' title='bbox 878 1149 1006 1172; x_wconf 87' lang='lat' dir='ltr'>unum.</span> <span class='ocrx_word' id='word_1_105' title='bbox 1033 1138 1108 1172; x_wconf 79' lang='lat' dir='ltr'>Ha-</span> 
     </span>
     <span class='ocr_line' id='line_1_20' title="bbox 351 1185 1110 1235; baseline -0.003 -12"><span class='ocrx_word' id='word_1_106' title='bbox 351 1186 428 1223; x_wconf 85' lang='lat' dir='ltr'>buit</span> <span class='ocrx_word' id='word_1_107' title='bbox 457 1189 600 1223; x_wconf 88' lang='lat' dir='ltr'>Portum</span> <span class='ocrx_word' id='word_1_108' title='bbox 629 1185 886 1235; x_wconf 67' lang='lat' dir='ltr'>capacissimum</span> <span class='ocrx_word' id='word_1_109' title='bbox 907 1214 916 1229; x_wconf 78' lang='lat'>,</span> <span class='ocrx_word' id='word_1_110' title='bbox 944 1186 1005 1234; x_wconf 88' lang='lat' dir='ltr'>qui</span> <span class='ocrx_word' id='word_1_111' title='bbox 1034 1200 1110 1221; x_wconf 91' lang='lat' dir='ltr'>mo-</span> 
     </span>
     <span class='ocr_line' id='line_1_21' title="bbox 351 1238 1108 1285; baseline -0.001 -12"><span class='ocrx_word' id='word_1_112' title='bbox 351 1238 396 1273; x_wconf 81' lang='lat' dir='ltr'>do</span> <span class='ocrx_word' id='word_1_113' title='bbox 425 1240 573 1285; x_wconf 82' lang='lat' dir='ltr'>repletus</span> <span class='ocrx_word' id='word_1_114' title='bbox 594 1238 658 1273; x_wconf 88' lang='lat' dir='ltr'>est.</span> <span class='ocrx_word' id='word_1_115' title='bbox 689 1239 852 1272; x_wconf 82' lang='lat' dir='ltr'>Ravenna</span> <span class='ocrx_word' id='word_1_116' title='bbox 875 1238 1108 1282; x_wconf 84' lang='lat' dir='ltr'>Templorum</span> 
     </span>
     <span class='ocr_line' id='line_1_22' title="bbox 352 1287 1109 1334; baseline -0.001 -11"><span class='ocrx_word' id='word_1_117' title='bbox 352 1288 581 1324; x_wconf 77' lang='lat' dir='ltr'>multitudine</span> <span class='ocrx_word' id='word_1_118' title='bbox 608 1287 646 1324; x_wconf 86' lang='lat'>&amp;</span> <span class='ocrx_word' id='word_1_119' title='bbox 677 1287 912 1334; x_wconf 68' lang='lat' dir='ltr'>pulcritudine</span> <span class='ocrx_word' id='word_1_120' title='bbox 939 1288 986 1323; x_wconf 86' lang='lat' dir='ltr'>est</span> <span class='ocrx_word' id='word_1_121' title='bbox 1006 1288 1109 1322; x_wconf 91' lang='lat' dir='ltr'>deco-</span> 
     </span>
     <span class='ocr_line' id='line_1_23' title="bbox 351 1337 1108 1386; baseline -0.003 -11"><span class='ocrx_word' id='word_1_122' title='bbox 351 1348 446 1382; x_wconf 78' lang='lat' dir='ltr'>rata,</span> <span class='ocrx_word' id='word_1_123' title='bbox 476 1339 561 1375; x_wconf 85' lang='lat' dir='ltr'>Fide</span> <span class='ocrx_word' id='word_1_124' title='bbox 587 1337 775 1374; x_wconf 86' lang='lat' dir='ltr'>Catholica</span> <span class='ocrx_word' id='word_1_125' title='bbox 802 1337 985 1386; x_wconf 83' lang='lat' dir='ltr'>insignita.</span> <span class='ocrx_word' id='word_1_126' title='bbox 1016 1340 1108 1374; x_wconf 81' lang='lat' dir='ltr'>Nam</span> 
     </span>
     <span class='ocr_line' id='line_1_24' title="bbox 352 1388 1109 1436; baseline -0.003 -11"><span class='ocrx_word' id='word_1_127' title='bbox 352 1390 394 1426; x_wconf 84' lang='lat' dir='ltr'>ab</span> <span class='ocrx_word' id='word_1_128' title='bbox 422 1389 528 1425; x_wconf 87' lang='lat' dir='ltr'>initio</span> <span class='ocrx_word' id='word_1_129' title='bbox 558 1389 679 1433; x_wconf 82' lang='lat' dir='ltr'>Fidei,</span> <span class='ocrx_word' id='word_1_130' title='bbox 719 1390 839 1424; x_wconf 87' lang='lat' dir='ltr'>Petrus</span> <span class='ocrx_word' id='word_1_131' title='bbox 874 1388 967 1424; x_wconf 78' lang='lat' dir='ltr'>mifit</span> <span class='ocrx_word' id='word_1_132' title='bbox 997 1390 1109 1436; x_wconf 85' lang='lat' dir='ltr'>Apol-</span> 
     </span>
     <span class='ocr_line' id='line_1_25' title="bbox 352 1439 1107 1485; baseline -0.004 -9"><span class='ocrx_word' id='word_1_133' title='bbox 352 1441 499 1476; x_wconf 85' lang='lat' dir='ltr'>linarem</span> <span class='ocrx_word' id='word_1_134' title='bbox 548 1439 769 1485; x_wconf 84' lang='lat' dir='ltr'>Discipulum</span> <span class='ocrx_word' id='word_1_135' title='bbox 823 1441 1024 1474; x_wconf 73' lang='lat' dir='ltr'>Ravennam</span> <span class='ocrx_word' id='word_1_136' title='bbox 1067 1439 1107 1474; x_wconf 90' lang='lat' dir='ltr'>ad</span> 
     </span>
     <span class='ocr_line' id='line_1_26' title="bbox 351 1489 1108 1537; baseline -0.004 -11"><span class='ocrx_word' id='word_1_137' title='bbox 351 1490 590 1526; x_wconf 86' lang='lat' dir='ltr'>seminandum</span> <span class='ocrx_word' id='word_1_138' title='bbox 620 1489 765 1525; x_wconf 85' lang='lat' dir='ltr'>Fidem.</span> <span class='ocrx_word' id='word_1_139' title='bbox 792 1491 846 1524; x_wconf 85' lang='lat' dir='ltr'>Ex</span> <span class='ocrx_word' id='word_1_140' title='bbox 875 1502 944 1536; x_wconf 90' lang='lat' dir='ltr'>quo</span> <span class='ocrx_word' id='word_1_141' title='bbox 972 1499 1108 1537; x_wconf 87' lang='lat' dir='ltr'>tempo—</span> 
     </span>
     <span class='ocr_line' id='line_1_27' title="bbox 350 1538 1108 1589; baseline -0.004 -12"><span class='ocrx_word' id='word_1_142' title='bbox 350 1555 386 1577; x_wconf 80' lang='lat' dir='ltr'>re</span> <span class='ocrx_word' id='word_1_143' title='bbox 414 1541 482 1576; x_wconf 90' lang='lat' dir='ltr'>fuit</span> <span class='ocrx_word' id='word_1_144' title='bbox 509 1541 620 1589; x_wconf 79' lang='lat' dir='ltr'>postea</span> <span class='ocrx_word' id='word_1_145' title='bbox 648 1538 904 1588; x_wconf 76' lang='lat' dir='ltr'>potentissima.</span> <span class='ocrx_word' id='word_1_146' title='bbox 933 1541 1108 1585; x_wconf 80' lang='lat' dir='ltr'>Tempore</span> 
     </span>
     <span class='ocr_line' id='line_1_28' title="bbox 351 1588 1107 1637; baseline -0.004 -10"><span class='ocrx_word' id='word_1_147' title='bbox 351 1592 550 1627; x_wconf 86' lang='lat' dir='ltr'>Gothorum</span> <span class='ocrx_word' id='word_1_148' title='bbox 568 1619 577 1634; x_wconf 96' lang='lat'>‚</span> <span class='ocrx_word' id='word_1_149' title='bbox 606 1590 915 1637; x_wconf 74' lang='lat' dir='ltr'>Langobardorum</span> <span class='ocrx_word' id='word_1_150' title='bbox 945 1588 982 1624; x_wconf 70' lang='grc' dir='ltr'>ὃ(</span> <span class='ocrx_word' id='word_1_151' title='bbox 1014 1592 1107 1624; x_wconf 77' lang='lat' dir='ltr'>Van-</span> 
     </span>
     <span class='ocr_line' id='line_1_29' title="bbox 350 1640 1106 1687; baseline -0.005 -10"><span class='ocrx_word' id='word_1_152' title='bbox 350 1640 509 1677; x_wconf 86' lang='lat' dir='ltr'>dalorum</span> <span class='ocrx_word' id='word_1_153' title='bbox 539 1641 661 1675; x_wconf 80' lang='lat' dir='ltr'>habuit</span> <span class='ocrx_word' id='word_1_154' title='bbox 689 1640 784 1686; x_wconf 77' lang='lat' dir='ltr'>saepe</span> <span class='ocrx_word' id='word_1_155' title='bbox 823 1642 951 1687; x_wconf 80' lang='lat' dir='ltr'>Reges.</span> <span class='ocrx_word' id='word_1_156' title='bbox 991 1641 1106 1674; x_wconf 80' lang='lat' dir='ltr'>Multa</span> 
     </span>
     <span class='ocr_line' id='line_1_30' title="bbox 349 1688 1106 1740; baseline -0.003 -14"><span class='ocrx_word' id='word_1_157' title='bbox 349 1693 384 1726; x_wconf 76' lang='lat'>8&lt;</span> <span class='ocrx_word' id='word_1_158' title='bbox 414 1704 537 1740; x_wconf 83' lang='lat' dir='ltr'>magna</span> <span class='ocrx_word' id='word_1_159' title='bbox 566 1690 695 1738; x_wconf 82' lang='lat' dir='ltr'>proelia</span> <span class='ocrx_word' id='word_1_160' title='bbox 718 1690 823 1729; x_wconf 87' lang='lat' dir='ltr'>fecit,</span> <span class='ocrx_word' id='word_1_161' title='bbox 852 1688 889 1724; x_wconf 67' lang='grc' dir='ltr'>ἃ</span> <span class='ocrx_word' id='word_1_162' title='bbox 912 1688 1018 1724; x_wconf 84' lang='lat' dir='ltr'>tulit:</span> <span class='ocrx_word' id='word_1_163' title='bbox 1044 1689 1106 1724; x_wconf 91' lang='lat' dir='ltr'>ho-</span> 
     </span>
     <span class='ocr_line' id='line_1_31' title="bbox 349 1739 1105 1781; baseline -0.005 -4"><span class='ocrx_word' id='word_1_164' title='bbox 349 1741 407 1777; x_wconf 84' lang='lat' dir='ltr'>die</span> <span class='ocrx_word' id='word_1_165' title='bbox 434 1742 479 1777; x_wconf 87' lang='lat' dir='ltr'>est</span> <span class='ocrx_word' id='word_1_166' title='bbox 506 1750 642 1777; x_wconf 88' lang='lat' dir='ltr'>tantum</span> <span class='ocrx_word' id='word_1_167' title='bbox 672 1740 833 1781; x_wconf 53' lang='lat' dir='ltr'>languida</span> <span class='ocrx_word' id='word_1_168' title='bbox 862 1741 894 1774; x_wconf 74' lang='grc' dir='ltr'>ὅ(</span> <span class='ocrx_word' id='word_1_169' title='bbox 924 1739 1105 1780; x_wconf 83' lang='lat' dir='ltr'>exhausta,</span> 
     </span>
     <span class='ocr_line' id='line_1_32' title="bbox 349 1789 1105 1839; baseline -0.005 -12"><span class='ocrx_word' id='word_1_170' title='bbox 349 1793 443 1839; x_wconf 89' lang='lat' dir='ltr'>quod</span> <span class='ocrx_word' id='word_1_171' title='bbox 463 1792 637 1839; x_wconf 87' lang='lat' dir='ltr'>decrepita</span> <span class='ocrx_word' id='word_1_172' title='bbox 658 1790 769 1825; x_wconf 84' lang='lat' dir='ltr'>amifit</span> <span class='ocrx_word' id='word_1_173' title='bbox 792 1789 882 1824; x_wconf 76' lang='lat' dir='ltr'>vires</span> <span class='ocrx_word' id='word_1_174' title='bbox 904 1789 998 1827; x_wconf 88' lang='lat' dir='ltr'>suas,</span> <span class='ocrx_word' id='word_1_175' title='bbox 1027 1802 1105 1835; x_wconf 87' lang='lat' dir='ltr'>pro-</span> 
     </span>
     <span class='ocr_line' id='line_1_33' title="bbox 349 1838 1107 1878; baseline -0.007 0"><span class='ocrx_word' id='word_1_176' title='bbox 349 1842 447 1878; x_wconf 82' lang='lat' dir='ltr'>xima</span> <span class='ocrx_word' id='word_1_177' title='bbox 475 1841 635 1877; x_wconf 90' lang='lat' dir='ltr'>occasui.</span> <span class='ocrx_word' id='word_1_178' title='bbox 673 1841 771 1875; x_wconf 89' lang='lat' dir='ltr'>Sicut</span> <span class='ocrx_word' id='word_1_179' title='bbox 811 1840 904 1874; x_wconf 84' lang='lat' dir='ltr'>enim</span> <span class='ocrx_word' id='word_1_180' title='bbox 944 1838 1107 1874; x_wconf 76' lang='lat' dir='ltr'>scribitur</span> 
     </span>
     <span class='ocr_line' id='line_1_34' title="bbox 348 1889 1104 1936; baseline -0.005 -8"><span class='ocrx_word' id='word_1_181' title='bbox 348 1891 386 1928; x_wconf 60' lang='lat' dir='ltr'>ia</span> <span class='ocrx_word' id='word_1_182' title='bbox 416 1892 527 1928; x_wconf 80' lang='lat' dir='ltr'>Libro</span> <span class='ocrx_word' id='word_1_183' title='bbox 568 1891 748 1926; x_wconf 83' lang='lat' dir='ltr'>Chronico</span> <span class='ocrx_word' id='word_1_184' title='bbox 791 1892 1003 1933; x_wconf 82' lang='lat' dir='ltr'>Ravennae,</span> <span class='ocrx_word' id='word_1_185' title='bbox 1045 1889 1104 1936; x_wconf 87' lang='lat' dir='ltr'>qui</span> 
     </span>
     <span class='ocr_line' id='line_1_35' title="bbox 347 1940 1105 1986; baseline -0.005 -8"><span class='ocrx_word' id='word_1_186' title='bbox 347 1943 480 1978; x_wconf 72' lang='lat' dir='ltr'>dicitur</span> <span class='ocrx_word' id='word_1_187' title='bbox 507 1941 728 1986; x_wconf 73' lang='lat' dir='ltr'>Pontificalis‚</span> <span class='ocrx_word' id='word_1_188' title='bbox 773 1942 936 1975; x_wconf 83' lang='lat' dir='ltr'>Ravenna</span> <span class='ocrx_word' id='word_1_189' title='bbox 965 1940 1105 1974; x_wconf 78' lang='lat' dir='ltr'>condita</span> 
     </span>
     <span class='ocr_line' id='line_1_36' title="bbox 347 1990 1106 2040; baseline -0.007 -11"><span class='ocrx_word' id='word_1_190' title='bbox 347 1993 395 2029; x_wconf 88' lang='lat' dir='ltr'>est</span> <span class='ocrx_word' id='word_1_191' title='bbox 431 2007 449 2029; x_wconf 88' lang='lat' dir='ltr'>a</span> <span class='ocrx_word' id='word_1_192' title='bbox 486 1992 735 2040; x_wconf 69' lang='lat' dir='ltr'>pronepotibus</span> <span class='ocrx_word' id='word_1_193' title='bbox 773 1992 850 2025; x_wconf 56' lang='lat' dir='ltr'>Noe</span> <span class='ocrx_word' id='word_1_194' title='bbox 890 1990 960 2038; x_wconf 89' lang='lat' dir='ltr'>post</span> <span class='ocrx_word' id='word_1_195' title='bbox 1002 1990 1106 2025; x_wconf 88' lang='lat' dir='ltr'>Dilu-</span> 
     </span>
     <span class='ocr_line' id='line_1_37' title="bbox 349 2039 1105 2089; baseline -0.007 -10"><span class='ocrx_word' id='word_1_196' title='bbox 349 2043 469 2083; x_wconf 88' lang='lat' dir='ltr'>vium,</span> <span class='ocrx_word' id='word_1_197' title='bbox 497 2052 576 2078; x_wconf 87' lang='lat' dir='ltr'>ante</span> <span class='ocrx_word' id='word_1_198' title='bbox 606 2041 844 2078; x_wconf 78' lang='lat' dir='ltr'>Nativitatem</span> <span class='ocrx_word' id='word_1_199' title='bbox 873 2039 1105 2089; x_wconf 66' lang='lat' dir='ltr'>gloriosissimi</span> 
     </span>
     <span class='ocr_line' id='line_1_38' title="bbox 348 2089 1105 2134; baseline -0.004 -6"><span class='ocrx_word' id='word_1_200' title='bbox 348 2092 571 2129; x_wconf 77' lang='lat' dir='ltr'>Redemtoris</span> <span class='ocrx_word' id='word_1_201' title='bbox 598 2091 700 2128; x_wconf 80' lang='lat' dir='ltr'>nostri</span> <span class='ocrx_word' id='word_1_202' title='bbox 733 2092 880 2126; x_wconf 88' lang='lat' dir='ltr'>Domini</span> <span class='ocrx_word' id='word_1_203' title='bbox 917 2089 1023 2126; x_wconf 87' lang='lat' dir='ltr'>nostri</span> <span class='ocrx_word' id='word_1_204' title='bbox 1050 2092 1105 2134; x_wconf 90' lang='lat' dir='ltr'>Je-</span> 
     </span>
     <span class='ocr_line' id='line_1_39' title="bbox 349 2140 1104 2190; baseline -0.007 -10"><span class='ocrx_word' id='word_1_205' title='bbox 349 2143 387 2180; x_wconf 81' lang='lat' dir='ltr'>su</span> <span class='ocrx_word' id='word_1_206' title='bbox 413 2143 543 2180; x_wconf 82' lang='lat' dir='ltr'>Christi</span> <span class='ocrx_word' id='word_1_207' title='bbox 573 2156 630 2190; x_wconf 87' lang='lat' dir='ltr'>per</span> <span class='ocrx_word' id='word_1_208' title='bbox 657 2155 765 2178; x_wconf 86' lang='lat' dir='ltr'>annos</span> <span class='ocrx_word' id='word_1_209' title='bbox 792 2141 860 2177; x_wconf 87' lang='lat' dir='ltr'>duo</span> <span class='ocrx_word' id='word_1_210' title='bbox 885 2140 1000 2176; x_wconf 82' lang='lat' dir='ltr'>millia</span> <span class='ocrx_word' id='word_1_211' title='bbox 1021 2153 1104 2187; x_wconf 87' lang='lat' dir='ltr'>qua-</span> 
     </span>
     <span class='ocr_line' id='line_1_40' title="bbox 349 2191 1104 2242; baseline -0.003 -13"><span class='ocrx_word' id='word_1_212' title='bbox 349 2196 552 2242; x_wconf 76' lang='lat' dir='ltr'>dringentos</span> <span class='ocrx_word' id='word_1_213' title='bbox 581 2193 772 2241; x_wconf 83' lang='lat' dir='ltr'>nonaginta</span> <span class='ocrx_word' id='word_1_214' title='bbox 813 2205 962 2227; x_wconf 86' lang='lat' dir='ltr'>novem.</span> <span class='ocrx_word' id='word_1_215' title='bbox 999 2191 1104 2236; x_wconf 83' lang='lat' dir='ltr'>Quod</span> 
     </span>
     <span class='ocr_line' id='line_1_41' title="bbox 350 2241 1105 2290; baseline -0.005 -10"><span class='ocrx_word' id='word_1_216' title='bbox 350 2255 421 2280; x_wconf 85' lang='lat' dir='ltr'>non</span> <span class='ocrx_word' id='word_1_217' title='bbox 449 2244 571 2280; x_wconf 80' lang='lat' dir='ltr'>credo.</span> <span class='ocrx_word' id='word_1_218' title='bbox 599 2243 695 2289; x_wconf 74' lang='lat' dir='ltr'>Quia</span> <span class='ocrx_word' id='word_1_219' title='bbox 721 2242 762 2278; x_wconf 90' lang='lat' dir='ltr'>de</span> <span class='ocrx_word' id='word_1_220' title='bbox 789 2251 861 2277; x_wconf 84' lang='lat' dir='ltr'>tam</span> <span class='ocrx_word' id='word_1_221' title='bbox 889 2243 993 2290; x_wconf 87' lang='lat' dir='ltr'>longa</span> <span class='ocrx_word' id='word_1_222' title='bbox 1012 2241 1105 2276; x_wconf 87' lang='lat' dir='ltr'>anti-</span> 
     </span>
     <span class='ocr_line' id='line_1_42' title="bbox 351 2291 1105 2341; baseline -0.005 -11"><span class='ocrx_word' id='word_1_223' title='bbox 351 2297 486 2341; x_wconf 76' lang='lat' dir='ltr'>quitate</span> <span class='ocrx_word' id='word_1_224' title='bbox 532 2294 622 2330; x_wconf 87' lang='lat' dir='ltr'>nulli</span> <span class='ocrx_word' id='word_1_225' title='bbox 673 2293 846 2329; x_wconf 58' lang='lat' dir='ltr'>Auffiores</span> <span class='ocrx_word' id='word_1_226' title='bbox 886 2291 1105 2331; x_wconf 83' lang='lat' dir='ltr'>authentici,</span> 
     </span>
     <span class='ocr_line' id='line_1_43' title="bbox 351 2341 1102 2393; baseline -0.004 -14"><span class='ocrx_word' id='word_1_227' title='bbox 351 2357 438 2392; x_wconf 85' lang='lat' dir='ltr'>quos</span> <span class='ocrx_word' id='word_1_228' title='bbox 466 2358 528 2393; x_wconf 81' lang='lat' dir='ltr'>ego</span> <span class='ocrx_word' id='word_1_229' title='bbox 556 2343 729 2383; x_wconf 85' lang='lat' dir='ltr'>viderim,</span> <span class='ocrx_word' id='word_1_230' title='bbox 757 2342 891 2389; x_wconf 85' lang='lat' dir='ltr'>aliquid</span> <span class='ocrx_word' id='word_1_231' title='bbox 920 2341 1102 2390; x_wconf 73' lang='lat' dir='ltr'>scribunt3</span> 
     </span>
     <span class='ocr_line' id='line_1_44' title="bbox 350 2391 1102 2441; baseline -0.005 -12"><span class='ocrx_word' id='word_1_232' title='bbox 350 2407 438 2440; x_wconf 86' lang='lat' dir='ltr'>quos</span> <span class='ocrx_word' id='word_1_233' title='bbox 465 2407 528 2441; x_wconf 74' lang='lat' dir='ltr'>ego</span> <span class='ocrx_word' id='word_1_234' title='bbox 555 2394 713 2429; x_wconf 74' lang='lat' dir='ltr'>vidissem</span> <span class='ocrx_word' id='word_1_235' title='bbox 745 2392 887 2435; x_wconf 85' lang='lat' dir='ltr'>saltem,</span> <span class='ocrx_word' id='word_1_236' title='bbox 924 2391 947 2425; x_wconf 86' lang='lat' dir='ltr'>fi</span> <span class='ocrx_word' id='word_1_237' title='bbox 984 2404 1043 2438; x_wconf 88' lang='lat' dir='ltr'>per</span> <span class='ocrx_word' id='word_1_238' title='bbox 1069 2404 1102 2426; x_wconf 85' lang='lat' dir='ltr'>a·</span> 
     </span>
     <span class='ocr_line' id='line_1_45' title="bbox 350 2440 1105 2480; baseline -0.007 0"><span class='ocrx_word' id='word_1_239' title='bbox 350 2444 420 2480; x_wconf 85' lang='lat' dir='ltr'>los</span> <span class='ocrx_word' id='word_1_240' title='bbox 447 2443 508 2479; x_wconf 76' lang='lat' dir='ltr'>visi</span> <span class='ocrx_word' id='word_1_241' title='bbox 537 2443 695 2480; x_wconf 81' lang='lat' dir='ltr'>fuissent.</span> <span class='ocrx_word' id='word_1_242' title='bbox 724 2445 889 2478; x_wconf 81' lang='lat' dir='ltr'>Ravenna</span> <span class='ocrx_word' id='word_1_243' title='bbox 917 2440 1011 2476; x_wconf 84' lang='lat' dir='ltr'>enim</span> <span class='ocrx_word' id='word_1_244' title='bbox 1037 2440 1105 2476; x_wconf 87' lang='lat' dir='ltr'>fuit</span> 
     </span>
     <span class='ocr_line' id='line_1_46' title="bbox 350 2491 1102 2536; baseline -0.008 -5"><span class='ocrx_word' id='word_1_245' title='bbox 350 2494 505 2531; x_wconf 73' lang='lat' dir='ltr'>Colonia</span> <span class='ocrx_word' id='word_1_246' title='bbox 546 2495 778 2536; x_wconf 83' lang='lat' dir='ltr'>Sabinorum,</span> <span class='ocrx_word' id='word_1_247' title='bbox 823 2501 863 2527; x_wconf 84' lang='lat' dir='ltr'>ut</span> <span class='ocrx_word' id='word_1_248' title='bbox 903 2491 992 2527; x_wconf 89' lang='lat' dir='ltr'>dicit</span> <span class='ocrx_word' id='word_1_249' title='bbox 1033 2491 1102 2526; x_wconf 93' lang='lat' dir='ltr'>Pli-</span> 
     </span>
     <span class='ocr_line' id='line_1_47' title="bbox 351 2540 1102 2591; baseline -0.007 -9"><span class='ocrx_word' id='word_1_250' title='bbox 351 2548 451 2582; x_wconf 80' lang='lat' dir='ltr'>nius.</span> <span class='ocrx_word' id='word_1_251' title='bbox 490 2547 539 2581; x_wconf 87' lang='lat' dir='ltr'>Et</span> <span class='ocrx_word' id='word_1_252' title='bbox 579 2543 701 2580; x_wconf 88' lang='lat' dir='ltr'>dicunt</span> <span class='ocrx_word' id='word_1_253' title='bbox 741 2542 884 2591; x_wconf 87' lang='lat' dir='ltr'>quidam</span> <span class='ocrx_word' id='word_1_254' title='bbox 924 2540 1102 2590; x_wconf 81' lang='lat' dir='ltr'>sequentes</span> 
     </span>
    </p>
   </div>
   <div class='ocr_carea' id='block_1_4' title="bbox 1216 328 1979 2437">
    <p class='ocr_par' dir='ltr' id='par_1_4' title="bbox 1217 328 1979 980">
     <span class='ocr_line' id='line_1_48' title="bbox 1217 328 1976 378; baseline 0.004 -15"><span class='ocrx_word' id='word_1_255' title='bbox 1217 328 1272 363; x_wconf 67' lang='lat' dir='ltr'>&amp;a</span> <span class='ocrx_word' id='word_1_256' title='bbox 1300 328 1367 369; x_wconf 89' lang='lat' dir='ltr'>est,</span> <span class='ocrx_word' id='word_1_257' title='bbox 1396 330 1489 378; x_wconf 90' lang='lat' dir='ltr'>quod</span> <span class='ocrx_word' id='word_1_258' title='bbox 1518 331 1652 366; x_wconf 85' lang='lat' dir='ltr'>ratibus</span> <span class='ocrx_word' id='word_1_259' title='bbox 1682 332 1862 367; x_wconf 82' lang='lat' dir='ltr'>venientes</span> <span class='ocrx_word' id='word_1_260' title='bbox 1891 345 1976 368; x_wconf 88' lang='lat' dir='ltr'>con-</span> 
     </span>
     <span class='ocr_line' id='line_1_49' title="bbox 1217 378 1976 431; baseline 0.001 -17"><span class='ocrx_word' id='word_1_261' title='bbox 1217 378 1379 415; x_wconf 87' lang='lat' dir='ltr'>diderunt</span> <span class='ocrx_word' id='word_1_262' title='bbox 1407 393 1507 416; x_wconf 88' lang='lat' dir='ltr'>eam.</span> <span class='ocrx_word' id='word_1_263' title='bbox 1550 383 1632 417; x_wconf 91' lang='lat' dir='ltr'>Non</span> <span class='ocrx_word' id='word_1_264' title='bbox 1662 382 1789 417; x_wconf 89' lang='lat' dir='ltr'>mirum</span> <span class='ocrx_word' id='word_1_265' title='bbox 1818 395 1924 431; x_wconf 84' lang='lat' dir='ltr'>ergo,</span> <span class='ocrx_word' id='word_1_266' title='bbox 1951 380 1976 415; x_wconf 82' lang='lat' dir='ltr'>fi</span> 
     </span>
     <span class='ocr_line' id='line_1_50' title="bbox 1219 431 1974 481; baseline 0.004 -17"><span class='ocrx_word' id='word_1_267' title='bbox 1219 431 1324 466; x_wconf 68' lang='lat' dir='ltr'>Poeta</span> <span class='ocrx_word' id='word_1_268' title='bbox 1363 431 1495 467; x_wconf 87' lang='lat' dir='ltr'>nobilis</span> <span class='ocrx_word' id='word_1_269' title='bbox 1536 431 1643 481; x_wconf 80' lang='lat' dir='ltr'>elegit</span> <span class='ocrx_word' id='word_1_270' title='bbox 1686 432 1747 468; x_wconf 79' lang='lat' dir='ltr'>fibi</span> <span class='ocrx_word' id='word_1_271' title='bbox 1790 432 1908 468; x_wconf 87' lang='lat' dir='ltr'>vivere</span> <span class='ocrx_word' id='word_1_272' title='bbox 1935 431 1974 467; x_wconf 64' lang='grc' dir='ltr'>ὅς</span> 
     </span>
     <span class='ocr_line' id='line_1_51' title="bbox 1219 480 1975 531; baseline 0.003 -15"><span class='ocrx_word' id='word_1_273' title='bbox 1219 481 1308 516; x_wconf 84' lang='lat' dir='ltr'>mori</span> <span class='ocrx_word' id='word_1_274' title='bbox 1335 480 1373 517; x_wconf 86' lang='lat' dir='ltr'>in</span> <span class='ocrx_word' id='word_1_275' title='bbox 1400 482 1516 517; x_wconf 86' lang='lat' dir='ltr'>nobili</span> <span class='ocrx_word' id='word_1_276' title='bbox 1542 481 1707 518; x_wconf 84' lang='lat' dir='ltr'>Civitate</span> <span class='ocrx_word' id='word_1_277' title='bbox 1732 482 1815 522; x_wconf 83' lang='lat' dir='ltr'>hac,</span> <span class='ocrx_word' id='word_1_278' title='bbox 1845 484 1903 518; x_wconf 87' lang='lat' dir='ltr'>ubi</span> <span class='ocrx_word' id='word_1_279' title='bbox 1925 483 1975 531; x_wconf 76' lang='lat' dir='ltr'>ja-</span> 
     </span>
     <span class='ocr_line' id='line_1_52' title="bbox 1219 531 1975 580; baseline 0.004 -14"><span class='ocrx_word' id='word_1_280' title='bbox 1219 540 1272 566; x_wconf 88' lang='lat' dir='ltr'>cet</span> <span class='ocrx_word' id='word_1_281' title='bbox 1300 531 1388 580; x_wconf 87' lang='lat' dir='ltr'>apud</span> <span class='ocrx_word' id='word_1_282' title='bbox 1418 534 1534 567; x_wconf 86' lang='lat' dir='ltr'>locum</span> <span class='ocrx_word' id='word_1_283' title='bbox 1561 533 1745 568; x_wconf 86' lang='lat' dir='ltr'>Minorum</span> <span class='ocrx_word' id='word_1_284' title='bbox 1774 534 1810 568; x_wconf 89' lang='lat' dir='ltr'>in</span> <span class='ocrx_word' id='word_1_285' title='bbox 1837 535 1975 569; x_wconf 82' lang='lat' dir='ltr'>tumulo</span> 
     </span>
     <span class='ocr_line' id='line_1_53' title="bbox 1219 581 1974 632; baseline 0.005 -17"><span class='ocrx_word' id='word_1_286' title='bbox 1219 581 1318 616; x_wconf 86' lang='lat' dir='ltr'>valde</span> <span class='ocrx_word' id='word_1_287' title='bbox 1345 582 1464 630; x_wconf 84' lang='lat' dir='ltr'>gravi.</span> <span class='ocrx_word' id='word_1_288' title='bbox 1506 584 1552 616; x_wconf 82' lang='lat' dir='ltr'>Et</span> <span class='ocrx_word' id='word_1_289' title='bbox 1580 593 1671 619; x_wconf 86' lang='lat' dir='ltr'>certe</span> <span class='ocrx_word' id='word_1_290' title='bbox 1708 584 1848 632; x_wconf 81' lang='lat' dir='ltr'>dignius</span> <span class='ocrx_word' id='word_1_291' title='bbox 1876 585 1974 631; x_wconf 76' lang='lat' dir='ltr'>quie-</span> 
     </span>
     <span class='ocr_line' id='line_1_54' title="bbox 1219 630 1974 683; baseline 0.004 -17"><span class='ocrx_word' id='word_1_292' title='bbox 1219 630 1283 667; x_wconf 85' lang='lat' dir='ltr'>scit</span> <span class='ocrx_word' id='word_1_293' title='bbox 1313 634 1442 666; x_wconf 86' lang='lat' dir='ltr'>Dantes</span> <span class='ocrx_word' id='word_1_294' title='bbox 1470 631 1506 666; x_wconf 88' lang='lat' dir='ltr'>in</span> <span class='ocrx_word' id='word_1_295' title='bbox 1535 634 1643 668; x_wconf 82' lang='lat' dir='ltr'>Terra</span> <span class='ocrx_word' id='word_1_296' title='bbox 1671 635 1809 669; x_wconf 86' lang='lat' dir='ltr'>madida</span> <span class='ocrx_word' id='word_1_297' title='bbox 1837 634 1974 683; x_wconf 76' lang='lat' dir='ltr'>sangui—</span> 
     </span>
     <span class='ocr_line' id='line_1_55' title="bbox 1219 682 1976 729; baseline 0.004 -13"><span class='ocrx_word' id='word_1_298' title='bbox 1219 694 1260 716; x_wconf 88' lang='lat' dir='ltr'>ne</span> <span class='ocrx_word' id='word_1_299' title='bbox 1288 684 1511 726; x_wconf 82' lang='lat' dir='ltr'>Martyrum,</span> <span class='ocrx_word' id='word_1_300' title='bbox 1554 682 1591 716; x_wconf 88' lang='lat' dir='ltr'>in</span> <span class='ocrx_word' id='word_1_301' title='bbox 1628 695 1695 729; x_wconf 85' lang='lat' dir='ltr'>qua</span> <span class='ocrx_word' id='word_1_302' title='bbox 1731 683 1800 718; x_wconf 88' lang='lat' dir='ltr'>fuit</span> <span class='ocrx_word' id='word_1_303' title='bbox 1827 684 1976 719; x_wconf 85' lang='lat' dir='ltr'>honora-</span> 
     </span>
     <span class='ocr_line' id='line_1_56' title="bbox 1219 730 1977 778; baseline 0.004 -12"><span class='ocrx_word' id='word_1_304' title='bbox 1219 741 1274 766; x_wconf 86' lang='lat' dir='ltr'>tus</span> <span class='ocrx_word' id='word_1_305' title='bbox 1302 731 1338 765; x_wconf 86' lang='lat' dir='ltr'>in</span> <span class='ocrx_word' id='word_1_306' title='bbox 1367 730 1469 771; x_wconf 77' lang='lat' dir='ltr'>vita,</span> <span class='ocrx_word' id='word_1_307' title='bbox 1506 731 1611 778; x_wconf 71' lang='lat' dir='ltr'>qu&#39;arn</span> <span class='ocrx_word' id='word_1_308' title='bbox 1647 732 1684 766; x_wconf 88' lang='lat' dir='ltr'>in</span> <span class='ocrx_word' id='word_1_309' title='bbox 1722 734 1830 767; x_wconf 87' lang='lat' dir='ltr'>Terra</span> <span class='ocrx_word' id='word_1_310' title='bbox 1874 734 1977 769; x_wconf 85' lang='lat' dir='ltr'>mali-</span> 
     </span>
     <span class='ocr_line' id='line_1_57' title="bbox 1219 779 1978 831; baseline 0.005 -16"><span class='ocrx_word' id='word_1_311' title='bbox 1219 794 1285 830; x_wconf 82' lang='lat' dir='ltr'>gna</span> <span class='ocrx_word' id='word_1_312' title='bbox 1312 779 1350 816; x_wconf 59' lang='grc' dir='ltr'>δὲ</span> <span class='ocrx_word' id='word_1_313' title='bbox 1378 780 1539 828; x_wconf 82' lang='lat' dir='ltr'>ingrata,</span> <span class='ocrx_word' id='word_1_314' title='bbox 1567 789 1607 816; x_wconf 90' lang='lat' dir='ltr'>ut</span> <span class='ocrx_word' id='word_1_315' title='bbox 1633 780 1705 829; x_wconf 88' lang='lat' dir='ltr'>ipse</span> <span class='ocrx_word' id='word_1_316' title='bbox 1733 781 1806 822; x_wconf 87' lang='lat' dir='ltr'>ait,</span> <span class='ocrx_word' id='word_1_317' title='bbox 1843 782 1884 818; x_wconf 90' lang='lat' dir='ltr'>de</span> <span class='ocrx_word' id='word_1_318' title='bbox 1910 797 1978 831; x_wconf 83' lang='lat' dir='ltr'>qua</span> 
     </span>
     <span class='ocr_line' id='line_1_58' title="bbox 1221 830 1979 878; baseline 0.005 -13"><span class='ocrx_word' id='word_1_319' title='bbox 1221 831 1343 873; x_wconf 81' lang='lat' dir='ltr'>vivens</span> <span class='ocrx_word' id='word_1_320' title='bbox 1379 830 1523 878; x_wconf 83' lang='lat' dir='ltr'>indigne</span> <span class='ocrx_word' id='word_1_321' title='bbox 1565 830 1675 867; x_wconf 52' lang='lat' dir='ltr'>fabius</span> <span class='ocrx_word' id='word_1_322' title='bbox 1712 831 1755 867; x_wconf 85' lang='lat' dir='ltr'>est</span> <span class='ocrx_word' id='word_1_323' title='bbox 1791 834 1893 868; x_wconf 80' lang='lat' dir='ltr'>exul.</span> <span class='ocrx_word' id='word_1_324' title='bbox 1932 836 1979 869; x_wconf 90' lang='lat' dir='ltr'>Et</span> 
     </span>
     <span class='ocr_line' id='line_1_59' title="bbox 1220 880 1978 920; baseline 0.005 -4"><span class='ocrx_word' id='word_1_325' title='bbox 1220 880 1400 916; x_wconf 84' lang='lat' dir='ltr'>concludit</span> <span class='ocrx_word' id='word_1_326' title='bbox 1443 883 1548 916; x_wconf 60' lang='lat' dir='ltr'>Poeta</span> <span class='ocrx_word' id='word_1_327' title='bbox 1588 882 1630 917; x_wconf 91' lang='lat' dir='ltr'>de</span> <span class='ocrx_word' id='word_1_328' title='bbox 1656 882 1786 918; x_wconf 87' lang='lat' dir='ltr'>duabus</span> <span class='ocrx_word' id='word_1_329' title='bbox 1815 883 1978 920; x_wconf 72' lang='lat' dir='ltr'>familiis</span> 
     </span>
     <span class='ocr_line' id='line_1_60' title="bbox 1221 931 1697 980; baseline 0.004 -14"><span class='ocrx_word' id='word_1_330' title='bbox 1221 931 1413 980; x_wconf 81' lang='lat' dir='ltr'>praecipuis</span> <span class='ocrx_word' id='word_1_331' title='bbox 1440 931 1482 966; x_wconf 90' lang='lat' dir='ltr'>de</span> <span class='ocrx_word' id='word_1_332' title='bbox 1512 933 1697 968; x_wconf 80' lang='lat' dir='ltr'>Ravenna.</span> 
     </span>
    </p>

    <p class='ocr_par' dir='ltr' id='par_1_5' title="bbox 1218 981 1976 1118">
     <span class='ocr_line' id='line_1_61' title="bbox 1269 981 1926 1030; baseline 0.003 -14"><span class='ocrx_word' id='word_1_333' title='bbox 1269 985 1301 1017; x_wconf 84' lang='lat' dir='ltr'><em>E</em></span> <span class='ocrx_word' id='word_1_334' title='bbox 1328 981 1352 1015; x_wconf 68' lang='grc' dir='ltr'>λ’</span> <span class='ocrx_word' id='word_1_335' title='bbox 1369 995 1452 1025; x_wconf 80' lang='lat' dir='ltr'>una,</span> <span class='ocrx_word' id='word_1_336' title='bbox 1480 995 1496 1015; x_wconf 80' lang='lat' dir='ltr'>e</span> <span class='ocrx_word' id='word_1_337' title='bbox 1522 981 1641 1017; x_wconf 75' lang='lat' dir='ltr'>l&#39;altra</span> <span class='ocrx_word' id='word_1_338' title='bbox 1664 995 1756 1030; x_wconf 81' lang='lat' dir='ltr'>geme</span> <span class='ocrx_word' id='word_1_339' title='bbox 1783 1005 1798 1010; x_wconf 95' lang='lat'><em>-</em></span> <span class='ocrx_word' id='word_1_340' title='bbox 1826 1006 1841 1010; x_wconf 95' lang='lat'>-</span> <span class='ocrx_word' id='word_1_341' title='bbox 1868 1006 1884 1011; x_wconf 87' lang='lat'><em>-</em></span> <span class='ocrx_word' id='word_1_342' title='bbox 1911 1007 1926 1011; x_wconf 92' lang='lat'><strong>—</strong></span> 
     </span>
     <span class='ocr_line' id='line_1_62' title="bbox 1218 1032 1976 1081; baseline 0.003 -13"><span class='ocrx_word' id='word_1_343' title='bbox 1218 1032 1321 1075; x_wconf 88' lang='lat' dir='ltr'>idest,</span> <span class='ocrx_word' id='word_1_344' title='bbox 1349 1045 1431 1081; x_wconf 82' lang='lat' dir='ltr'>gens</span> <span class='ocrx_word' id='word_1_345' title='bbox 1453 1032 1780 1078; x_wconf 84' lang='lat' dir='ltr'>Traversariorum‚</span> <span class='ocrx_word' id='word_1_346' title='bbox 1811 1033 1849 1070; x_wconf 65' lang='grc' dir='ltr'>ὃς</span> <span class='ocrx_word' id='word_1_347' title='bbox 1878 1036 1976 1070; x_wconf 85' lang='lat' dir='ltr'>Ana—</span> 
     </span>
     <span class='ocr_line' id='line_1_63' title="bbox 1218 1082 1415 1118; baseline 0 0"><span class='ocrx_word' id='word_1_348' title='bbox 1218 1082 1415 1118; x_wconf 77' lang='lat' dir='ltr'>stafiorum:</span> 
     </span>
    </p>

    <p class='ocr_par' dir='ltr' id='par_1_6' title="bbox 1217 1134 1976 1272">
     <span class='ocr_line' id='line_1_64' title="bbox 1267 1134 1697 1174; baseline 0.005 -7"><span class='ocrx_word' id='word_1_349' title='bbox 1267 1154 1454 1160; x_wconf 85' lang='lat'><em>—————</em></span> <span class='ocrx_word' id='word_1_350' title='bbox 1481 1135 1498 1167; x_wconf 56' lang='lat' dir='ltr'>e*</span> <span class='ocrx_word' id='word_1_351' title='bbox 1524 1134 1697 1174; x_wconf 71' lang='lat' dir='ltr'>(liredata,</span> 
     </span>
     <span class='ocr_line' id='line_1_65' title="bbox 1217 1183 1976 1234; baseline 0.005 -15"><span class='ocrx_word' id='word_1_352' title='bbox 1217 1183 1299 1231; x_wconf 88' lang='lat' dir='ltr'>quia</span> <span class='ocrx_word' id='word_1_353' title='bbox 1327 1197 1396 1219; x_wconf 90' lang='lat' dir='ltr'>non</span> <span class='ocrx_word' id='word_1_354' title='bbox 1425 1184 1533 1220; x_wconf 81' lang='lat' dir='ltr'>exstat</span> <span class='ocrx_word' id='word_1_355' title='bbox 1561 1184 1657 1220; x_wconf 87' lang='lat' dir='ltr'>heres</span> <span class='ocrx_word' id='word_1_356' title='bbox 1684 1184 1782 1222; x_wconf 82' lang='lat' dir='ltr'>suus.</span> <span class='ocrx_word' id='word_1_357' title='bbox 1823 1188 1877 1222; x_wconf 91' lang='lat' dir='ltr'>De</span> <span class='ocrx_word' id='word_1_358' title='bbox 1905 1199 1976 1234; x_wconf 86' lang='lat' dir='ltr'>quo</span> 
     </span>
     <span class='ocr_line' id='line_1_66' title="bbox 1218 1235 1501 1272; baseline 0.004 -3"><span class='ocrx_word' id='word_1_359' title='bbox 1218 1235 1406 1272; x_wconf 89' lang='lat' dir='ltr'>dolendum</span> <span class='ocrx_word' id='word_1_360' title='bbox 1435 1235 1501 1271; x_wconf 86' lang='lat' dir='ltr'>est.</span> 
     </span>
    </p>

    <p class='ocr_par' dir='ltr' id='par_1_7' title="bbox 1268 1288 1668 1320">
     <span class='ocr_line' id='line_1_67' title="bbox 1268 1288 1668 1320; baseline 0 0"><span class='ocrx_word' id='word_1_361' title='bbox 1268 1288 1312 1320; x_wconf 83' lang='lat' dir='ltr'>Le</span> <span class='ocrx_word' id='word_1_362' title='bbox 1340 1289 1483 1320; x_wconf 65' lang='lat' dir='ltr'>(lonne-</span> <span class='ocrx_word' id='word_1_363' title='bbox 1509 1306 1525 1312; x_wconf 91' lang='lat'>-·</span> <span class='ocrx_word' id='word_1_364' title='bbox 1554 1307 1571 1312; x_wconf 86' lang='lat'><em>-</em></span> <span class='ocrx_word' id='word_1_365' title='bbox 1595 1307 1668 1315; x_wconf 60' lang='lat'><em>—1--</em></span> 
     </span>
    </p>

    <p class='ocr_par' dir='ltr' id='par_1_8' title="bbox 1216 1335 1975 1470">
     <span class='ocr_line' id='line_1_68' title="bbox 1218 1335 1975 1385; baseline 0.003 -15"><span class='ocrx_word' id='word_1_366' title='bbox 1218 1335 1309 1371; x_wconf 86' lang='lat' dir='ltr'>Heic</span> <span class='ocrx_word' id='word_1_367' title='bbox 1337 1336 1455 1371; x_wconf 91' lang='lat' dir='ltr'>Guido</span> <span class='ocrx_word' id='word_1_368' title='bbox 1483 1336 1655 1372; x_wconf 84' lang='lat' dir='ltr'>memorat</span> <span class='ocrx_word' id='word_1_369' title='bbox 1697 1336 1784 1385; x_wconf 84' lang='lat' dir='ltr'>gesta</span> <span class='ocrx_word' id='word_1_370' title='bbox 1822 1335 1860 1373; x_wconf 71' lang='grc' dir='ltr'>ὅ(</span> <span class='ocrx_word' id='word_1_371' title='bbox 1897 1336 1975 1372; x_wconf 77' lang='lat' dir='ltr'>festa</span> 
     </span>
     <span class='ocr_line' id='line_1_69' title="bbox 1217 1386 1974 1435; baseline 0.001 -14"><span class='ocrx_word' id='word_1_372' title='bbox 1217 1386 1331 1434; x_wconf 86' lang='lat' dir='ltr'>gentis</span> <span class='ocrx_word' id='word_1_373' title='bbox 1361 1386 1636 1431; x_wconf 84' lang='lat' dir='ltr'>Romandiolae,</span> <span class='ocrx_word' id='word_1_374' title='bbox 1663 1386 1802 1422; x_wconf 86' lang='lat' dir='ltr'>dicens:</span> <span class='ocrx_word' id='word_1_375' title='bbox 1832 1401 1848 1422; x_wconf 82' lang='lat' dir='ltr'>e</span> <span class='ocrx_word' id='word_1_376' title='bbox 1873 1400 1974 1435; x_wconf 78' lang='lat' dir='ltr'>quan-</span> 
     </span>
     <span class='ocr_line' id='line_1_70' title="bbox 1216 1437 1467 1470; baseline 0 -1"><span class='ocrx_word' id='word_1_377' title='bbox 1216 1439 1255 1469; x_wconf 84' lang='lat' dir='ltr'>do</span> <span class='ocrx_word' id='word_1_378' title='bbox 1283 1437 1467 1470; x_wconf 54' lang='lat' dir='ltr'>rimemss’ro.</span> 
     </span>
    </p>

    <p class='ocr_par' dir='ltr' id='par_1_9' title="bbox 1217 1486 1975 1634">
     <span class='ocr_line' id='line_1_71' title="bbox 1269 1486 1914 1520; baseline -0.002 -1"><span class='ocrx_word' id='word_1_379' title='bbox 1269 1489 1314 1519; x_wconf 76' lang='lat' dir='ltr'>Le</span> <span class='ocrx_word' id='word_1_380' title='bbox 1340 1489 1438 1519; x_wconf 83' lang='lat' dir='ltr'>donne</span> <span class='ocrx_word' id='word_1_381' title='bbox 1466 1499 1481 1518; x_wconf 88' lang='lat' dir='ltr'>e</span> <span class='ocrx_word' id='word_1_382' title='bbox 1507 1486 1520 1519; x_wconf 80' lang='lat' dir='ltr'>i</span> <span class='ocrx_word' id='word_1_383' title='bbox 1546 1486 1700 1520; x_wconf 78' lang='lat' dir='ltr'>Cavalt’er</span> <span class='ocrx_word' id='word_1_384' title='bbox 1726 1507 1914 1514; x_wconf 84' lang='lat'>-----</span> 
     </span>
     <span class='ocr_line' id='line_1_72' title="bbox 1218 1534 1975 1582; baseline 0.004 -13"><span class='ocrx_word' id='word_1_385' title='bbox 1218 1534 1278 1582; x_wconf 87' lang='lat' dir='ltr'>qui</span> <span class='ocrx_word' id='word_1_386' title='bbox 1308 1535 1412 1570; x_wconf 90' lang='lat' dir='ltr'>multi</span> <span class='ocrx_word' id='word_1_387' title='bbox 1440 1545 1537 1570; x_wconf 86' lang='lat' dir='ltr'>erant</span> <span class='ocrx_word' id='word_1_388' title='bbox 1565 1535 1601 1571; x_wconf 90' lang='lat' dir='ltr'>in</span> <span class='ocrx_word' id='word_1_389' title='bbox 1633 1536 1890 1572; x_wconf 84' lang='lat' dir='ltr'>Romandiola.</span> <span class='ocrx_word' id='word_1_390' title='bbox 1927 1538 1975 1572; x_wconf 84' lang='lat' dir='ltr'>Et</span> 
     </span>
     <span class='ocr_line' id='line_1_73' title="bbox 1217 1584 1869 1634; baseline 0 -14"><span class='ocrx_word' id='word_1_391' title='bbox 1217 1586 1275 1620; x_wconf 85' lang='lat' dir='ltr'>dat</span> <span class='ocrx_word' id='word_1_392' title='bbox 1304 1584 1444 1634; x_wconf 77' lang='lat' dir='ltr'>singulis</span> <span class='ocrx_word' id='word_1_393' title='bbox 1471 1585 1589 1621; x_wconf 79' lang='lat' dir='ltr'>efficia</span> <span class='ocrx_word' id='word_1_394' title='bbox 1617 1585 1698 1625; x_wconf 91' lang='lat' dir='ltr'>sua,</span> <span class='ocrx_word' id='word_1_395' title='bbox 1726 1586 1869 1621; x_wconf 88' lang='lat' dir='ltr'>dicens:</span> 
     </span>
    </p>

    <p class='ocr_par' dir='ltr' id='par_1_10' title="bbox 1217 1636 1974 1882">
     <span class='ocr_line' id='line_1_74' title="bbox 1268 1636 1856 1682; baseline 0 -13"><span class='ocrx_word' id='word_1_396' title='bbox 1268 1656 1283 1662; x_wconf 89' lang='lat'><em>—</em></span> <span class='ocrx_word' id='word_1_397' title='bbox 1310 1657 1326 1662; x_wconf 95' lang='lat'>—</span> <span class='ocrx_word' id='word_1_398' title='bbox 1353 1656 1369 1662; x_wconf 90' lang='lat'>-</span> <span class='ocrx_word' id='word_1_399' title='bbox 1395 1657 1410 1662; x_wconf 89' lang='lat'><em>-</em></span> <span class='ocrx_word' id='word_1_400' title='bbox 1434 1636 1486 1682; x_wconf 83' lang='lat' dir='ltr'>gli</span> <span class='ocrx_word' id='word_1_401' title='bbox 1511 1637 1638 1682; x_wconf 57' lang='lat' dir='ltr'>afflmm&#39;</span> <span class='ocrx_word' id='word_1_402' title='bbox 1663 1650 1678 1669; x_wconf 85' lang='lat' dir='ltr'>e</span> <span class='ocrx_word' id='word_1_403' title='bbox 1700 1637 1752 1681; x_wconf 83' lang='lat' dir='ltr'>gli</span> <span class='ocrx_word' id='word_1_404' title='bbox 1777 1636 1856 1682; x_wconf 74' lang='lat' dir='ltr'>agi,</span> 
     </span>
     <span class='ocr_line' id='line_1_75' title="bbox 1217 1685 1974 1724; baseline 0.001 -4"><span class='ocrx_word' id='word_1_405' title='bbox 1217 1685 1328 1724; x_wconf 87' lang='lat' dir='ltr'>idest,</span> <span class='ocrx_word' id='word_1_406' title='bbox 1372 1686 1540 1721; x_wconf 82' lang='lat' dir='ltr'>exercitia</span> <span class='ocrx_word' id='word_1_407' title='bbox 1578 1698 1751 1720; x_wconf 88' lang='lat' dir='ltr'>armorum</span> <span class='ocrx_word' id='word_1_408' title='bbox 1780 1709 1790 1723; x_wconf 92' lang='lat'><em>‚</em></span> <span class='ocrx_word' id='word_1_409' title='bbox 1837 1685 1974 1721; x_wconf 81' lang='lat' dir='ltr'>honesta</span> 
     </span>
     <span class='ocr_line' id='line_1_76' title="bbox 1217 1732 1973 1782; baseline 0 -12"><span class='ocrx_word' id='word_1_410' title='bbox 1217 1735 1406 1777; x_wconf 76' lang='lat' dir='ltr'>convivia,</span> <span class='ocrx_word' id='word_1_411' title='bbox 1444 1734 1619 1782; x_wconf 86' lang='lat' dir='ltr'>tripudia,</span> <span class='ocrx_word' id='word_1_412' title='bbox 1662 1732 1700 1769; x_wconf 84' lang='lat'>&amp;</span> <span class='ocrx_word' id='word_1_413' title='bbox 1729 1735 1796 1769; x_wconf 85' lang='lat' dir='ltr'>alia</span> <span class='ocrx_word' id='word_1_414' title='bbox 1825 1734 1973 1774; x_wconf 85' lang='lat' dir='ltr'>solatia,</span> 
     </span>
     <span class='ocr_line' id='line_1_77' title="bbox 1217 1784 1974 1832; baseline 0.001 -12"><span class='ocrx_word' id='word_1_415' title='bbox 1217 1798 1363 1832; x_wconf 87' lang='lat' dir='ltr'>quorum</span> <span class='ocrx_word' id='word_1_416' title='bbox 1393 1784 1511 1831; x_wconf 85' lang='lat' dir='ltr'>aliqua</span> <span class='ocrx_word' id='word_1_417' title='bbox 1539 1784 1649 1831; x_wconf 86' lang='lat' dir='ltr'>magis</span> <span class='ocrx_word' id='word_1_418' title='bbox 1678 1794 1883 1832; x_wconf 86' lang='lat' dir='ltr'>competunt</span> <span class='ocrx_word' id='word_1_419' title='bbox 1921 1785 1974 1821; x_wconf 88' lang='lat' dir='ltr'>vi-</span> 
     </span>
     <span class='ocr_line' id='line_1_78' title="bbox 1217 1834 1896 1882; baseline -0.001 -11"><span class='ocrx_word' id='word_1_420' title='bbox 1217 1835 1285 1874; x_wconf 86' lang='lat' dir='ltr'>ris,</span> <span class='ocrx_word' id='word_1_421' title='bbox 1313 1835 1430 1882; x_wconf 84' lang='lat' dir='ltr'>aliqua</span> <span class='ocrx_word' id='word_1_422' title='bbox 1459 1834 1684 1873; x_wconf 86' lang='lat' dir='ltr'>mulieribus,</span> <span class='ocrx_word' id='word_1_423' title='bbox 1713 1836 1758 1869; x_wconf 82' lang='lat' dir='ltr'>Et</span> <span class='ocrx_word' id='word_1_424' title='bbox 1786 1834 1896 1870; x_wconf 85' lang='lat' dir='ltr'>dicit:</span> 
     </span>
    </p>

    <p class='ocr_par' dir='ltr' id='par_1_11' title="bbox 1218 1884 1973 2022">
     <span class='ocr_line' id='line_1_79' title="bbox 1267 1884 1822 1932; baseline 0 -13"><span class='ocrx_word' id='word_1_425' title='bbox 1267 1887 1331 1920; x_wconf 82' lang='lat' dir='ltr'>Che</span> <span class='ocrx_word' id='word_1_426' title='bbox 1358 1900 1395 1920; x_wconf 84' lang='lat' dir='ltr'>ne</span> <span class='ocrx_word' id='word_1_427' title='bbox 1421 1884 1610 1932; x_wconf 79' lang='lat' dir='ltr'>&#39;nvoglt&#39;ava</span> <span class='ocrx_word' id='word_1_428' title='bbox 1637 1904 1822 1912; x_wconf 85' lang='lat'>-----</span> 
     </span>
     <span class='ocr_line' id='line_1_80' title="bbox 1218 1934 1973 1983; baseline 0.001 -12"><span class='ocrx_word' id='word_1_429' title='bbox 1218 1935 1324 1976; x_wconf 82' lang='lat' dir='ltr'>idest,</span> <span class='ocrx_word' id='word_1_430' title='bbox 1352 1949 1440 1983; x_wconf 81' lang='lat' dir='ltr'>quae</span> <span class='ocrx_word' id='word_1_431' title='bbox 1469 1934 1644 1983; x_wconf 70' lang='lat' dir='ltr'>praediEta</span> <span class='ocrx_word' id='word_1_432' title='bbox 1671 1934 1885 1971; x_wconf 86' lang='lat' dir='ltr'>inducebant</span> <span class='ocrx_word' id='word_1_433' title='bbox 1910 1949 1973 1972; x_wconf 88' lang='lat' dir='ltr'>nos</span> 
     </span>
     <span class='ocr_line' id='line_1_81' title="bbox 1218 1986 1526 2022; baseline 0 -2"><span class='ocrx_word' id='word_1_434' title='bbox 1218 1986 1254 2021; x_wconf 83' lang='lat' dir='ltr'>in</span> <span class='ocrx_word' id='word_1_435' title='bbox 1283 1988 1526 2022; x_wconf 89' lang='lat' dir='ltr'>voluntatem:</span> 
     </span>
    </p>

    <p class='ocr_par' dir='ltr' id='par_1_12' title="bbox 1218 2035 1975 2223">
     <span class='ocr_line' id='line_1_82' title="bbox 1268 2035 1821 2080; baseline 0.002 -10"><span class='ocrx_word' id='word_1_436' title='bbox 1268 2056 1498 2063; x_wconf 89' lang='lat'>------</span> <span class='ocrx_word' id='word_1_437' title='bbox 1525 2035 1619 2071; x_wconf 83' lang='lat' dir='ltr'>amor’</span> <span class='ocrx_word' id='word_1_438' title='bbox 1635 2050 1650 2069; x_wconf 86' lang='lat' dir='ltr'>e</span> <span class='ocrx_word' id='word_1_439' title='bbox 1676 2035 1821 2080; x_wconf 64' lang='lat' dir='ltr'>comesta,</span> 
     </span>
     <span class='ocr_line' id='line_1_83' title="bbox 1218 2085 1975 2134; baseline 0.003 -13"><span class='ocrx_word' id='word_1_440' title='bbox 1218 2086 1300 2134; x_wconf 90' lang='lat' dir='ltr'>quia</span> <span class='ocrx_word' id='word_1_441' title='bbox 1341 2099 1440 2122; x_wconf 87' lang='lat' dir='ltr'>amor</span> <span class='ocrx_word' id='word_1_442' title='bbox 1479 2085 1516 2122; x_wconf 68' lang='grc' dir='ltr'>ἃ</span> <span class='ocrx_word' id='word_1_443' title='bbox 1558 2086 1751 2122; x_wconf 82' lang='lat' dir='ltr'>liberalitas</span> <span class='ocrx_word' id='word_1_444' title='bbox 1779 2086 1847 2122; x_wconf 91' lang='lat' dir='ltr'>duo</span> <span class='ocrx_word' id='word_1_445' title='bbox 1875 2086 1975 2128; x_wconf 84' lang='lat' dir='ltr'>sunt,</span> 
     </span>
     <span class='ocr_line' id='line_1_84' title="bbox 1219 2136 1974 2184; baseline 0.004 -13"><span class='ocrx_word' id='word_1_446' title='bbox 1219 2150 1305 2184; x_wconf 85' lang='lat' dir='ltr'>quae</span> <span class='ocrx_word' id='word_1_447' title='bbox 1333 2136 1503 2172; x_wconf 89' lang='lat' dir='ltr'>inducunt</span> <span class='ocrx_word' id='word_1_448' title='bbox 1532 2136 1691 2172; x_wconf 87' lang='lat' dir='ltr'>homines</span> <span class='ocrx_word' id='word_1_449' title='bbox 1719 2136 1760 2172; x_wconf 86' lang='lat' dir='ltr'>ad</span> <span class='ocrx_word' id='word_1_450' title='bbox 1789 2138 1907 2184; x_wconf 86' lang='lat' dir='ltr'>pulcra</span> <span class='ocrx_word' id='word_1_451' title='bbox 1936 2137 1974 2174; x_wconf 84' lang='lat'>&amp;</span> 
     </span>
     <span class='ocr_line' id='line_1_85' title="bbox 1219 2186 1666 2223; baseline -0.002 -1"><span class='ocrx_word' id='word_1_452' title='bbox 1219 2186 1460 2223; x_wconf 60' lang='lat' dir='ltr'>delectabilia.</span> <span class='ocrx_word' id='word_1_453' title='bbox 1489 2188 1535 2222; x_wconf 82' lang='lat' dir='ltr'>Et</span> <span class='ocrx_word' id='word_1_454' title='bbox 1556 2186 1666 2222; x_wconf 87' lang='lat' dir='ltr'>dicit:</span> 
     </span>
    </p>

    <p class='ocr_par' dir='ltr' id='par_1_13' title="bbox 1219 2236 1975 2437">
     <span class='ocr_line' id='line_1_86' title="bbox 1269 2236 1951 2284; baseline 0 -12"><span class='ocrx_word' id='word_1_455' title='bbox 1269 2240 1319 2272; x_wconf 65' lang='lat' dir='ltr'>Ld</span> <span class='ocrx_word' id='word_1_456' title='bbox 1345 2241 1426 2272; x_wconf 78' lang='lat' dir='ltr'>dove</span> <span class='ocrx_word' id='word_1_457' title='bbox 1452 2236 1538 2271; x_wconf 55' lang='grc' dir='ltr'>ἴσον</span> <span class='ocrx_word' id='word_1_458' title='bbox 1556 2238 1614 2282; x_wconf 80' lang='lat' dir='ltr'>son</span> <span class='ocrx_word' id='word_1_459' title='bbox 1636 2237 1720 2281; x_wconf 73' lang='lat' dir='ltr'>fatti</span> <span class='ocrx_word' id='word_1_460' title='bbox 1744 2238 1773 2271; x_wconf 68' lang='lat' dir='ltr'>s&gt;</span> <span class='ocrx_word' id='word_1_461' title='bbox 1804 2237 1951 2284; x_wconf 68' lang='lat' dir='ltr'>malvagi</span> 
     </span>
     <span class='ocr_line' id='line_1_87' title="bbox 1219 2287 1975 2335; baseline 0.001 -13"><span class='ocrx_word' id='word_1_462' title='bbox 1219 2287 1325 2331; x_wconf 83' lang='lat' dir='ltr'>Idest,</span> <span class='ocrx_word' id='word_1_463' title='bbox 1353 2287 1392 2323; x_wconf 89' lang='lat' dir='ltr'>in</span> <span class='ocrx_word' id='word_1_464' title='bbox 1411 2301 1478 2335; x_wconf 90' lang='lat' dir='ltr'>qua</span> <span class='ocrx_word' id='word_1_465' title='bbox 1502 2288 1735 2324; x_wconf 81' lang='lat' dir='ltr'>Romandiola</span> <span class='ocrx_word' id='word_1_466' title='bbox 1755 2287 1867 2323; x_wconf 86' lang='lat' dir='ltr'>animi</span> <span class='ocrx_word' id='word_1_467' title='bbox 1897 2287 1975 2324; x_wconf 86' lang='lat' dir='ltr'>sunt</span> 
     </span>
     <span class='ocr_line' id='line_1_88' title="bbox 1219 2337 1975 2377; baseline 0 -4"><span class='ocrx_word' id='word_1_468' title='bbox 1219 2337 1270 2373; x_wconf 90' lang='lat' dir='ltr'>ita</span> <span class='ocrx_word' id='word_1_469' title='bbox 1306 2339 1435 2374; x_wconf 85' lang='lat' dir='ltr'>mutati</span> <span class='ocrx_word' id='word_1_470' title='bbox 1471 2338 1513 2373; x_wconf 86' lang='lat' dir='ltr'>ab</span> <span class='ocrx_word' id='word_1_471' title='bbox 1554 2351 1671 2373; x_wconf 86' lang='lat' dir='ltr'>amore</span> <span class='ocrx_word' id='word_1_472' title='bbox 1707 2337 1743 2373; x_wconf 88' lang='lat' dir='ltr'>in</span> <span class='ocrx_word' id='word_1_473' title='bbox 1771 2338 1918 2377; x_wconf 87' lang='lat' dir='ltr'>odium,</span> <span class='ocrx_word' id='word_1_474' title='bbox 1955 2351 1975 2373; x_wconf 81' lang='lat' dir='ltr'>a</span> 
     </span>
     <span class='ocr_line' id='line_1_89' title="bbox 1220 2387 1972 2437; baseline 0.003 -14"><span class='ocrx_word' id='word_1_475' title='bbox 1220 2388 1418 2424; x_wconf 88' lang='lat' dir='ltr'>curialitate</span> <span class='ocrx_word' id='word_1_476' title='bbox 1445 2388 1482 2424; x_wconf 88' lang='lat' dir='ltr'>in</span> <span class='ocrx_word' id='word_1_477' title='bbox 1511 2389 1762 2437; x_wconf 83' lang='lat' dir='ltr'>cupiditatem.</span> <span class='ocrx_word' id='word_1_478' title='bbox 1799 2390 1844 2423; x_wconf 86' lang='lat' dir='ltr'>Et</span> <span class='ocrx_word' id='word_1_479' title='bbox 1874 2387 1972 2425; x_wconf 80' lang='lat' dir='ltr'>vide.</span> 
     </span>
    </p>
   </div>
   <div class='ocr_carea' id='block_1_5' title="bbox 1195 2436 1973 2487">
    <p class='ocr_par' dir='ltr' id='par_1_14' title="bbox 1195 2436 1973 2487">
     <span class='ocr_line' id='line_1_90' title="bbox 1195 2436 1973 2487; baseline -0.008 -10"><span class='ocrx_word' id='word_1_480' title='bbox 1195 2438 1312 2485; x_wconf 31' lang='lat' dir='ltr'>&lt;quod</span> <span class='ocrx_word' id='word_1_481' title='bbox 1340 2438 1451 2487; x_wconf 84' lang='lat' dir='ltr'>aliqui</span> <span class='ocrx_word' id='word_1_482' title='bbox 1480 2439 1633 2475; x_wconf 88' lang='lat' dir='ltr'>referunt</span> <span class='ocrx_word' id='word_1_483' title='bbox 1659 2447 1774 2474; x_wconf 87' lang='lat' dir='ltr'>totum</span> <span class='ocrx_word' id='word_1_484' title='bbox 1803 2437 1888 2473; x_wconf 89' lang='lat' dir='ltr'>istud</span> <span class='ocrx_word' id='word_1_485' title='bbox 1919 2436 1973 2471; x_wconf 87' lang='lat' dir='ltr'>di-</span> 
     </span>
    </p>
   </div>
   <div class='ocr_carea' id='block_1_6' title="bbox 1220 2486 1973 2576">
    <p class='ocr_par' dir='ltr' id='par_1_15' title="bbox 1220 2486 1973 2576">
     <span class='ocr_line' id='line_1_91' title="bbox 1220 2486 1973 2525; baseline -0.004 -2"><span class='ocrx_word' id='word_1_486' title='bbox 1220 2489 1314 2524; x_wconf 63' lang='lat' dir='ltr'>&amp;tum</span> <span class='ocrx_word' id='word_1_487' title='bbox 1344 2489 1564 2525; x_wconf 89' lang='lat' dir='ltr'>solummodo</span> <span class='ocrx_word' id='word_1_488' title='bbox 1591 2490 1632 2524; x_wconf 89' lang='lat' dir='ltr'>ad</span> <span class='ocrx_word' id='word_1_489' title='bbox 1659 2491 1881 2523; x_wconf 87' lang='lat' dir='ltr'>Ravennam.</span> <span class='ocrx_word' id='word_1_490' title='bbox 1909 2486 1973 2521; x_wconf 85' lang='lat' dir='ltr'>Sed</span> 
     </span>
     <span class='ocr_line' id='line_1_92' title="bbox 1220 2536 1972 2576; baseline -0.007 -2"><span class='ocrx_word' id='word_1_491' title='bbox 1220 2539 1285 2574; x_wconf 85' lang='lat' dir='ltr'>hoc</span> <span class='ocrx_word' id='word_1_492' title='bbox 1313 2552 1383 2574; x_wconf 78' lang='lat' dir='ltr'>non</span> <span class='ocrx_word' id='word_1_493' title='bbox 1414 2539 1576 2576; x_wconf 84' lang='lat' dir='ltr'>videtur.</span> <span class='ocrx_word' id='word_1_494' title='bbox 1615 2539 1731 2574; x_wconf 88' lang='lat' dir='ltr'>Immo</span> <span class='ocrx_word' id='word_1_495' title='bbox 1757 2536 1972 2572; x_wconf 78' lang='lat' dir='ltr'>referendum</span> 
     </span>
    </p>
   </div>
   <div class='ocr_carea' id='block_1_7' title="bbox 1879 2584 1922 2620">
    <p class='ocr_par' dir='ltr' id='par_1_16' title="bbox 1879 2584 1922 2620">
     <span class='ocr_line' id='line_1_93' title="bbox 1879 2584 1922 2620; baseline -0.023 0"><span class='ocrx_word' id='word_1_496' title='bbox 1879 2584 1922 2620; x_wconf 78' lang='lat' dir='ltr'>cst</span> 
     </span>
    </p>
   </div>
  </div>
 </body>
</html>
