2216 3105
429 214 509 256 307
713 202 1168 252 BENVENUTI
1213 196 1667 249 JM‘oLENSIS
1854 210 1934 261 508

361 255 452 292 didit
480 258 773 309 consanguineum
801 264 843 299 ad
864 263 1037 300 mensam.
1064 265 1118 299 A-
1160 271 1195 305 A
1237 266 1282 299 Et
1310 263 1387 300 heic
1415 273 1521 308 nota,
1562 264 1655 312 quod
1683 263 1865 307 Januensf:S
1893 277 2000 313 gene*

359 307 452 354 liqui
474 318 589 346 tamen
624 312 770 357 dicunt,
797 315 891 362 quod
925 315 983 351 ista
1014 328 1120 351 coena
1235 314 1356 351 raliter
1381 316 1416 350 8<
1445 316 1682 351 communiter
1721 313 1758 350 &
1788 315 1995 351 naturaliter

360 358 548 397 malediffla
578 361 668 399 fae'ta
694 364 739 399 est
765 365 802 401 in
822 366 974 413 quodam
995 366 1119 402 horto.
1236 365 1313 401 sunt
1340 366 1575 415 cupidiffirni,
1604 368 1637 402 8<
1666 366 1813 402 avaritia
1835 366 1992 414 impellit

598 416 659 450 Ad
688 416 770 459 Vers.
803 428 883 463 137·
1082 434 1085 436 ·
1235 429 1292 452 eos
1319 416 1361 452 ad
1388 430 1492 453 omne
1521 419 1673 453 malum.
1701 419 1838 453 Tamen
1867 426 1991 465 putan-

410 465 494 512 Egli
519 466 535 499 ὲ
561 468 619 500 Ser
645 469 773 501 Brunca
798 466 944 503 d’Oria.
1236 476 1292 502 tur
1319 467 1547 503 valentiffirni
1575 468 1612 504 in
1641 468 1790 504 mundo.
1821 468 1922 503 Unde
1949 467 1989 502 de

359 514 420 551 Ad
449 516 542 564 quod
569 515 745 553 sciendum
766 517 830 556 est,
858 518 952 565 quod
973 518 1031 553 hic
1051 518 1121 566 spi-
1236 517 1296 552 ista
1323 518 1441 554 eadem
1470 519 1620 554 Familia
1647 518 1716 554 fuit
1744 521 1901 567 Lampa,
1936 518 1993 553 vir

359 565 472 607 ritus.
519 567 561 602 de
601 581 672 615 quo
712 569 872 614 loquitur
912 568 1121 607 Albericus,
1237 569 1354 616 magni
1381 569 1513 608 animi,
1541 570 1602 616 qui
1631 583 1738 617 quum
1765 578 1897 618 gereret
1918 568 1992 603 bel-

359 615 430 651 fuit
468 617 624 664 quidam⁴
647 616 757 652 Miles
793 617 925 652 nobilis
967 616 1005 652 ὃ(
1042 618 1120 653 stre-
1236 619 1309 653 lum
1346 620 1470 653 navale
1511 629 1632 654 contra
1673 622 1828 655 Venetos
1864 618 1994 658 hostes,

359 680 448 703 nuus
476 667 517 702 de
553 670 686 710 Janua‚
730 667 874 702 nomine
912 669 1045 704 Branca
1080 669 1122 704 de
1237 668 1322 703 stans
1358 668 1396 703 in
1436 668 1543 714 puppi
1585 670 1714 703 Galeae
1754 669 1851 707 suae,
1897 669 1992 704 filius

360 718 468 753 domo
495 717 641 753 illorum
668 717 710 753 de
737 717 850 761 Oria,
878 717 940 765 qui
968 718 1036 754 fuit
1063 732 1122 766 ge-
1170 722 1210 756 Βῆ
1238 717 1313 752 suus
1363 718 1494 752 strenue
1540 729 1695 765 pugnans
1737 717 1906 763 percuffus
1955 717 1995 752 in

361 781 424 804 ner
451 767 601 803 Domini
624 767 818 809 ,Michaelis
840 768 1019 804 Zanchae.
1046 769 1122 815 Qui
1238 781 1338 815 prora
1365 768 1438 803 telo
1475 767 1511 802 in
1541 767 1679 816 pesz‘core
1716 766 1845 802 cecidit
1885 768 1998 801 mori-

361 818 435 865 post
462 828 611 854 mortem
651 818 756 867 Regis
791 818 893 855 Entii
934 819 1123 867 occupavit
1238 818 1392 854 bundas.
1429 820 1512 863 Quo
1541 817 1618 853 casu
1646 818 1816 853 acerrimo
1843 816 1996 854 concuffi

360 868 560 914 judicatum
584 869 874 917 Sardiniam-qui
895 869 1027 906 dicitur
1049 873 1122 907 Lo·
1238 868 1324 904 socii
1362 868 1461 911 sunt,
1499 867 1536 904 ὅ(
1579 868 1694 904 territi
1736 868 1814 904 sunt
1852 881 1994 904 omnes.

361 920 521 970 godoro.
564 919 606 955 de
643 933 714 968 quo
750 920 885 955 dietum
922 920 968 955 est
995 920 1122 969 supra,
1238 921 1342 954 Tunc
1371 921 1506 967 Lampa
1542 918 1580 954 in
1608 918 1725 954 medio
1761 918 1996 955 ardore-“belli

362 972 423 1007 ubi
451 970 639 1007 traaatum
668 971 713 1005 est
740 971 782 1006 de
809 970 1033 1007 Bai-arteriis.
1061 971 1123 1007 Iste
1237 969 1370 1005 oblitus
1397 968 1488 1009 filii,
1516 981 1651 1005 memor
1678 970 1832 1018 patriae,
1858 970 1895 1004 &
1918 970 1996 1018 glo-

1149 855 1156 964 ——

363 1035 446 1070 ergo
476 1023 608 1057 Branca
636 1021 721 1058 fecit
757 1020 991 1057 homicidium
1029 1023 1122 1061 tale,
1239 1020 1310 1056 riae
1337 1020 1435 1059 suae,
1464 1019 1579 1055 subito
1607 1019 1761 1056 cucurrit
1788 1019 1831 1055 ad
1855 1020 1972 1055 locum
1984 1044 2004 1058 ,.

362 1072 446 1118 quia
465 1072 645 1108 interfecit
668 1071 710 1107 ad
732 1071 883 1107 mensam
907 1071 1123 1120 praediE’cum
1239 1069 1277 1107 ἅ.
1306 1069 1491 1119 magnifice
1519 1070 1700 1118 increpans
1741 1083 1862 1105 omnes
1889 1068 1999 1117 trepi-

362 1122 579 1158 Michae'lem
608 1122 762 1159 socerum
793 1121 911 1161 suum,
953 1130 992 1158 ut
1018 1122 1123 1158 habe-
1239 1122 1381 1159 dantes,
1421 1120 1513 1169 juffit
1542 1120 1658 1156 filium
1685 1120 1792 1169 abjici
1819 1120 1858 1156 in
1885 1119 1998 1160 mari,

363 1181 416 1209 ret
443 1173 515 1221 ejus
543 1173 731 1209 immensas
758 1172 930 1209 divitias.
1168 1174 1203 1211 C
1240 1170 1278 1207 &
1306 1171 1493 1207 exhortans
1534 1180 1690 1215 ceteros,
1727 1170 1847 1207 dixit:
1896 1173 2002 1206 Num-

599 1228 661 1260 Ad
689 1224 773 1268 Vers.
806 1223 887 1270 146.
1208 1220 1214 1279 J
1239 1236 1335 1269 quam
1359 1221 1513 1266 habmffet
1540 1232 1605 1257 tam
1642 1223 1784 1269 pulcram
1806 1222 2000 1268 sepulturam

414 1276 479 1311 Nel
494 1286 579 1322 corpo
589 1276 647 1321 suo
657 1300 668 1315 ‚
692 1289 708 1310 e
723 1274 756 1309 d'
768 1288 810 1308 un
825 1275 884 1320 suo
897 1260 1079 1321 proffimano
1089 1299 1100 1314 ‚

366 1325 452 1361 Idest
491 1327 593 1362 unius
631 1324 802 1361 consortis
848 1324 900 1361 sui
937 1326 979 1361 de
1021 1326 1127 1361 domo

368 1376 445 1412 sua.
473 1376 536 1412 Iste
563 1376 632 1412 fuit
661 1389 749 1413 unus
778 1378 898 1424 Nepos
935 1377 1029 1425 ejus,
1066 1375 1127 1423 qui

366 1426 466 1462 simul
509 1427 622 1463 secum
659 1426 840 1463 interfecit
876 1426 1010 1462 dietum
1051 1425 1128 1461 Mi-

369 1478 522 1513 cha‘e'lem
537 1504 546 1512 .
575 1477 677 1513 Unde
704 1477 794 1512 dicit
812 1489 820 1511 :

418 1527 517 1563 Che’t
542 1528 731 1563 ”adimente
746 1526 871 1569 infieme
888 1539 940 1561 con
957 1525 1006 1561 lui
1015 1526 1082 1571 fece
1095 1551 1104 1562 .
1158 1529 1165 1570 }
1207 1526 1214 1565 Ι

1240 1287 1274 1307 m
1300 1283 1403 1308 terra.
1429 1275 1546 1319 Quare
1572 1273 1748 1321 integrato
1768 1271 1880 1308 acrius
1901 1283 2000 1321 proe-

1239 1322 1292 1358 lio
1320 1323 1430 1359 fafiffls
1458 1323 1502 1358 est
1538 1323 1678 1362 vietor,
1715 1322 1877 1358 imitatus
1912 1334 2001 1369 quo-

1240 1373 1429 1409 dammodo
1465 1375 1666 1420 exemplum
1713 1371 1890 1421 Torquati
1930 1374 2002 1407 Ro-

1242 1424 1364 1464 mani,
1392 1423 1454 1471 qui
1482 1423 1598 1461 filium
1625 1423 1800 1460 viE’torem
1827 1422 1903 1459 vita
1929 1420 2002 1471 pri-

1241 1482 1362 1509 vavit.

1895 2579 1965 2615 IN*
