2216 3105
423 216 475 253 62

413 287 431 294 -
457 226 515 294 -7-
542 287 558 294 -
585 267 620 302 in
647 269 697 303 cui
723 279 892 316 rampogna

413 316 453 352 L'
468 317 575 352 antica
601 320 652 352 eta
677 320 712 353 la
738 333 864 363 nuova,
892 340 908 345 -
934 341 950 345 —
976 341 993 346 -

362 366 471 410 idest,
507 367 722 417 improperat
758 371 792 405 8<
830 370 1006 418 vituperat
1043 381 1118 404 mo—

363 417 515 467 dernos;
552 417 591 454 &
619 419 751 456 summe
778 420 899 455 dolent
926 419 976 456 ita
1004 429 1118 456 muta-

361 475 435 503 tam
462 479 622 505 naturam
660 469 797 506 suorum
835 469 1116 519 comprovincia-

361 518 471 555 lium.
501 520 602 556 Unde
629 520 738 556 dicit:

436 589 453 597 ··
478 591 494 596 -
521 591 538 596 —
564 591 580 597 -
606 585 622 604 e
643 582 704 617 par
729 571 776 604 lor
801 573 915 614 tardo,

410 620 476 655 che
502 621 567 655 Dio
592 634 612 655 a
638 621 765 666 miglior
789 621 863 656 vita
897 622 923 655 li
950 621 1099 667 ripogna.

360 669 525 712 Scilicet,
555 670 649 706 vitae
684 670 838 706 futurae.
867 670 972 715 Quasi
1000 671 1114 705 dicat:

360 732 455 755 mors
482 720 622 755 videtur
648 720 698 755 eis
726 720 822 755 tarda
839 747 848 756 .
884 723 930 755 Et
958 720 1118 768 loquitur

359 768 605 816 hyperbolice.
643 770 710 804 Vel
746 768 823 805 dic:
863 770 956 817 quod
992 779 1117 818 optant

359 819 483 867 reponi
521 819 561 855 ad
600 820 782 856 meliorem
819 819 963 864 vitam,
1006 820 1116 859 idest,

360 869 630 910 virtuofiorem,
668 871 773 917 quam
810 869 851 905 fit
879 870 953 906 vita
981 870 1116 906 moder-

360 934 510 957 norum.
552 923 598 956 Et
635 920 787 957 declarat
827 919 919 970 ipsos
956 922 1117 957 nomina-

360 973 450 1015 tim,
477 971 616 1007 dicens:

411 1024 551 1057 Currado
576 1023 619 1056 da
652 1022 797 1068 Palazzo
823 1043 839 1048 -
865 1042 881 1049 -
907 1043 923 1049 ·-
949 1043 966 1049 -

362 1072 434 1110 Hic
463 1072 531 1108 fuit
555 1072 685 1107 nobilis
705 1072 746 1108 de
766 1071 928 1108 Civitate
955 1071 1117 1111 Brixiae,

361 1124 403 1160 de
446 1123 542 1171 cujus
582 1121 783 1158 strenuitate
823 1123 943 1159 audivi
969 1150 980 1167 ,
1025 1123 1118 1170 quod

363 1187 470 1222 quum
499 1173 580 1208 esset
608 1172 798 1208 Vexillifer
826 1187 888 1221 pro
917 1173 974 1209 sua
1003 1175 1118 1220 Repu—

364 1225 481 1269 blica,
519 1223 556 1258 in
584 1222 719 1271 proelio
748 1223 918 1259 truncatis
955 1222 1016 1258 fibi
1045 1236 1118 1258 ma-

363 1275 484 1314 nibus,
522 1286 712 1321 numquam
750 1273 900 1309 deseruit
938 1273 1116 1322 publicum

363 1327 507 1374 Signum
533 1351 544 1369 ‚
589 1323 702 1359 immo
743 1323 998 1372 perseveranter
1038 1337 1117 1360 cum

363 1376 497 1412 truncis
534 1375 714 1417 retinens,
761 1387 830 1409 non
870 1374 964 1421 prius
1001 1374 1118 1418 illud,

361 1427 465 1474 quam
495 1426 629 1469 vitam,
658 1424 806 1473 abjecit.
833 1427 879 1461 Et
906 1424 950 1460 [ic
980 1424 1118 1460 videtur

361 1477 476 1513 feciffe
504 1475 652 1519 fortius,
690 1475 795 1522 quam
827 1477 1018 1515 Dentatus,
1055 1474 1117 1522 qui

361 1527 480 1562 amiffa
508 1539 612 1561 manu
648 1525 686 1561 in
723 1538 837 1574 pugna
872 1524 956 1560 fecit
992 1524 1054 1560 fibi
1082 1537 1117 1560 a-

359 1577 445 1613 liam
473 1575 638 1612 ferream:

410 1648 425 1652 -
452 1647 468 1652 -
495 1647 512 1652 -
538 1647 554 1652 -
580 1639 596 1659 e
612 1625 636 1658 ’l
663 1625 743 1659 buon
769 1625 950 1667 Gberardo,

357 1677 422 1714 Iste
458 1676 526 1711 fuit
561 1675 693 1710 nobilis
729 1676 838 1711 Miles
865 1676 906 1711 de
932 1674 1115 1711 clariffima

358 1729 478 1763 Domo
506 1726 650 1761 illorum
676 1725 716 1760 de
742 1725 916 1769 Camino,
937 1725 997 1773 qui
1020 1725 1116 1772 saepe

357 1777 552 1813 habuerunt
583 1775 822 1823 Principatum
851 1775 949 1810 illius
973 1774 1114 1810 Civita-
1154 1814 1159 1815 ⁷

466 1826 537 1862 Hic
579 1824 648 1860 fuit
689 1825 745 1860 vir
785 1834 880 1860 totus
925 1823 1112 1872 benignus,

593 1875 759 1918 curialis,
796 1874 974 1916 liberalis.
1012 1872 1049 1908 ὃ(
1078 1888 1113 1908 a-

731 1925 813 1961 ldeo
841 1923 1112 1961 antonomastice

356 1828 423 1863 tis.

356 1877 528 1913 humanus
545 1901 556 1915 ,

356 1927 468 1963 micus
497 1927 667 1961 bonorum
684 1953 693 1962 .

357 1977 471 2014 difflus
495 1976 539 2012 est
566 1977 704 2012 Bonus:

407 2031 439 2063 Ε
466 2028 570 2062 Gut'do
597 2030 640 2061 da
666 2025 770 2068 Castel
795 2047 811 2053 —
838 2047 854 2053 -
880 2047 897 2053 -
922 2048 939 2053 -
1143 2015 1189 2095 {E

355 2078 421 2114 Iste
448 2077 516 2113 fuit
551 2077 593 2113 de
632 2076 742 2125 Regio
779 2076 1034 2116 Lombardiae‚
1070 2077 1112 2113 de

358 2128 547 2167 Robertis,
585 2140 734 2174 quorum
772 2127 840 2162 tria
877 2136 974 2162 erant
1002 2141 1112 2163 mem-

355 2179 442 2220 bra,
471 2178 605 2213 scilicet
633 2177 689 2213 illi
718 2176 759 2212 de
786 2177 930 2224 Tripoli
948 2205 957 2220 ‚
985 2177 1042 2213 illi
1071 2178 1111 2213 de
1142 2211 1145 2237 1

355 2227 509 2264 Castello
527 2255 537 2271 ‚
564 2229 597 2262 ὃς
626 2227 683 2262 illi
711 2227 752 2263 de
780 2230 916 2263 Furno.
945 2227 1026 2263 Ideo
1055 2227 1111 2263 de·
1140 2240 1145 2265 3

358 2279 518 2315 nominat
547 2277 659 2326 ipsum
687 2290 705 2312 a
737 2278 909 2313 vocabulo
947 2277 1116 2326 speciali,

360 2342 419 2376 per
446 2328 539 2375 quod
567 2336 640 2363 erat
667 2336 793 2362 notus.
823 2329 869 2362 Et
898 2327 948 2363 ita
978 2327 1116 2373 publice

361 2379 574 2413 vocabatur.
618 2377 679 2412 Iste
719 2376 865 2412 florebat
901 2376 939 2412 in
977 2377 1114 2424 Regio,

359 2437 517 2475 tempore
544 2427 647 2462 nostri
687 2429 838 2470 Poetae,
875 2439 982 2474 quum
1011 2426 1115 2462 Civi—

358 2487 411 2514 tas
439 2477 502 2512 illa
531 2477 611 2512 effet
639 2477 676 2511 in
705 2490 831 2525 magno
860 2475 969 2515 flore,
1000 2478 1034 2512 ὃ(
1061 2490 1114 2512 re-

358 2537 496 2578 geretur
532 2526 660 2563 libere.
697 2528 780 2563 Fuit
807 2535 923 2563 autem
951 2526 1008 2563 vir
1033 2540 1113 2575 pru-
1140 2506 1144 2563 i

687 206 1154 253 BENVENUTI
1211 206 1662 253 IMOLENSIS

1157 263 1192 298 A
1228 266 1310 302 dens
1344 268 1379 303 8<
1416 268 1549 309 rectus,
1587 269 1660 306 sani
1696 268 1852 311 confilii,
1889 285 1984 308 ama·

1201 402 1205 523 ἱ

1836 211 1920 257 628

1200 324 1304 366 gtuS,
1335 319 1369 353 δε
1397 319 1608 364 honoratus,
1638 320 1719 368 quia
1750 313 1884 357 zelator
1910 330 1984 358 erat

1200 367 1295 403 Rei
1299 369 1456 416 publicae
1480 395 1490 410 ,
1532 372 1565 406 8<
1609 370 1784 418 protector
1827 373 1983 430 patriae,

1229 417 1314 454 licet
1341 428 1424 456 tunc
1461 421 1524 457 alii
1560 422 1666 457 effent
1702 423 1917 469 potentiores
1944 422 1983 457 in

1229 477 1318 504 terra
1345 470 1428 506 illa.
1465 471 1548 507 Fuit
1585 472 1760 508 liberalis.
1797 471 1909 520 Cujus
1936 471 1982 507 li-

1231 518 1449 557 beralitatem
1480 523 1584 557 Poeta
1612 522 1723 557 noster
1749 532 1910 570 expettus
1937 522 1982 557 est

1232 568 1360 616 semel,
1395 582 1552 620 receptus
1587 571 1626 607 δε
1655 572 1843 608 honoratus
1872 573 1913 608 ab
1940 585 1982 608 eo

1229 618 1266 654 in
1294 621 1399 656 domo
1426 621 1502 656 sua.
1532 622 1613 656 Fuit
1640 622 1746 657 etiam
1767 622 1885 658 Guido
1906 623 1982 670 pul-

1229 668 1309 705 cher
1349 670 1515 705 inventor
1551 671 1588 705 in
1627 671 1782 715 Rythmo
1819 673 1980 720 vulgari,

1229 728 1267 753 ut
1296 721 1412 767 pulcre
1439 728 1580 768 apparet
1615 720 1652 755 in
1689 720 1892 767 quibusdam
1928 722 1982 756 di—

1227 767 1294 804 Θαὶς
1322 783 1413 818 ejus.
1440 770 1524 805 Ideo
1551 769 1589 805 in
1617 769 1922 806 commendatione
1948 783 1985 806 e-

1229 819 1280 867 jus
1308 819 1417 855 dicit:

1279 891 1295 895 -
1322 891 1339 897 -
1365 891 1380 896 -
1408 892 1423 896 -
1451 871 1502 905 che
1527 886 1574 906 me
1575 870 1624 913 ’fi
1650 885 1740 907 noma

1229 919 1332 960 idest,
1367 920 1429 968 qui
1457 921 1575 957 Guido
1603 922 1727 957 melius
1755 922 1978 958 nominatur:

1279 972 1550 1015 Francescamente
1577 972 1602 1005 il
1622 973 1767 1019 semplice
1786 973 1880 1008 Lom
1876 986 1917 1007 >a
1918 974 1982 1008 mdo

1228 1021 1420 1068 Exponunt
1447 1022 1580 1069 aliqui,
1607 1022 1690 1080 quia
1717 1022 1757 1057 de
1785 1023 1984 1058 curialitate

1228 1069 1285 1105 sua
1313 1081 1410 1107 tanta
1438 1071 1529 1108 sarna
1554 1074 1665 1108 crevit
1694 1086 1752 1120 per
1777 1073 1982 1116 Franciam,

1228 1121 1320 1168 quod
1364 1123 1553 1158 vocabatur
1592 1123 1734 1170 Simplex
1769 1125 1982 1158 Lombmdus.

1229 1171 1291 1206 Sed
1320 1172 1406 1207 istud
1443 1173 1487 1208 est
1525 1187 1649 1209 vanum
1687 1173 1827 1209 dicere.
1866 1173 1983 1208 Immo

1228 1221 1329 1257 debes
1357 1222 1462 1263 scire,
1491 1224 1582 1271 quod
1605 1223 1737 1259 Gallici
1759 1233 1886 1259 vocant
1905 1236 1984 1258 om-

1229 1285 1287 1307 nes
1315 1272 1459 1309 Italicos
1487 1274 1727 1318 Lombardos,
1757 1276 1790 1309 &
1821 1282 1983 1322 reputant

1228 1335 1286 1357 eos
1314 1324 1414 1359 valde
1448 1324 1592 1360 astutos.
1629 1324 1712 1360 ideo
1750 1325 1835 1360 bene
1870 1324 1980 1368 dicit,

1228 1373 1320 1419 quod
1360 1374 1496 1422 proprie
1525 1384 1706 1410 vocaretur
1732 1374 1870 1410 Gallice
1895 1375 1981 1408 Sim-

1225 1423 1298 1469 plex
1318 1423 1530 1459 Lomssardus.
1560 1425 1683 1460 Simile
1703 1425 1796 1460 dixit
1822 1424 1918 1470 supra
1939 1424 1981 1459 de

1228 1474 1384 1508 Henrico
1412 1476 1503 1521 Rege
1525 1475 1747 1522 Anglmum,
1777 1475 1834 1509 ubi
1863 1474 1976 1509 dixit:

1281 1524 1391 1557 Vedete
1418 1524 1443 1557 il
1470 1528 1520 1558 Re
1545 1525 1588 1559 da
1614 1524 1648 1558 la
1667 1524 1812 1570 semplice
1835 1523 1927 1558 vita.

1228 1574 1274 1607 Et
1301 1572 1389 1608 dicit
1409 1586 1416 1607 :

1278 1624 1324 1658 Di
1351 1624 1424 1670 oggi
1450 1625 1515 1658 mai
1541 1646 1556 1650 -
1582 1646 1599 1651 -
1626 1645 1644 1651 -

1227 1673 1318 1708 Heic
1345 1675 1476 1708 ultimo
1504 1676 1665 1718 Marcus,
1693 1682 1849 1721 repetens
1869 1674 1901 1708 8<
1923 1674 1982 1710 de-

1227 1724 1359 1757 clarans
1376 1723 1604 1771 principalem
1622 1722 1876 1758 conclusionem
1890 1752 1899 1766 ,
1920 1724 1983 1759 do-

1227 1781 1281 1807 cet
1311 1774 1451 1808 Poetam
1468 1800 1477 1815 ‚
1516 1773 1600 1820 quid
1628 1774 1754 1808 amodo
1781 1773 1903 1809 debeat
1929 1787 1983 1809 re-

1228 1821 1392 1869 spondete
1408 1823 1704 1872 interrogantibus
1716 1824 1756 1859 de
1772 1823 1865 1859 diffla
1877 1837 1982 1872 quae-

1226 1873 1358 1908 stione.
1388 1874 1488 1909 Unde
1516 1874 1624 1909 dicit:

1277 1926 1321 1959 D>
1348 1925 1420 1971 oggi
1439 1925 1524 1963 mai,
1550 1925 1602 1958 che
1620 1925 1654 1959 la
1673 1924 1785 1970 Chiesa
1804 1924 1840 1959 di
1858 1929 1982 1969 Roma,

1195 1998 1197 2001 -
1226 1973 1334 2017 idest,
1365 1975 1479 2009 Pastor
1505 1974 1700 2010 Ecclesiae:

1275 2028 1337 2057 Per
1361 2025 1537 2068 confondere
1564 2026 1597 2058 in
1627 2026 1662 2070 se
1688 2027 1747 2060 due
1773 2026 1980 2071 reggimemi,

1226 2076 1272 2110 Et
1299 2073 1342 2109 fic
1370 2088 1439 2110 non
1469 2075 1571 2110 habet
1599 2077 1764 2124 ungulam
1794 2075 1926 2111 fiffam:

1276 2126 1362 2159 Cade
1387 2126 1438 2159 nel
1458 2125 1560 2172 fango
1586 2146 1770 2153 -----

1225 2173 1330 2219 idest,
1357 2174 1396 2212 in
1423 2185 1626 2223 peccatum:

1277 2246 1292 2250 —
1319 2245 1335 2251 —
1362 2247 1378 2252 -
1405 2247 1420 2252 -
1447 2240 1462 2260 e
1487 2227 1520 2259 .τὲ
1547 2226 1675 2270 bruna,
1703 2241 1718 2261 e
1743 2229 1777 2261 la
1798 2228 1904 2271 soma.

1226 2277 1272 2310 Et
1296 2274 1339 2311 fic
1366 2275 1483 2312 foedat
1501 2277 1657 2325 regimen
1677 2277 1892 2314 Christianae
1913 2281 1979 2314 Re-

1226 2325 1373 2374 ligionis
1397 2353 1406 2362 .
1448 2329 1494 2362 Et
1531 2329 1610 2363 vere
1647 2337 1746 2376 turpe
1781 2328 1826 2364 est
1864 2329 1979 2364 videre

1227 2376 1444 2412 Sacerdotem
1486 2386 1644 2426 togatum
1686 2389 1857 2414 armatum
1882 2405 1890 2414 .
1932 2380 1978 2412 Et

1228 2425 1341 2462 subdit
1378 2429 1505 2471 Poeta,
1542 2428 1718 2475 quomodo
1753 2428 1826 2475 ipse
1852 2427 1977 2463 confir-

1227 2475 1340 2511 mavit
1366 2477 1498 2513 dif’tum
1526 2478 1664 2521 Marci,
1692 2479 1898 2514 aufi‘toritate
1919 2480 1978 2512 Sa-

1196 2545 1201 2558 ·
1228 2538 1302 2562 crae
1330 2527 1546 2575 Scripturae.
1575 2529 1676 2564 Dicit
1702 2540 1808 2576 ergo:

1782 2581 1808 2609 Ο
1836 2579 1928 2611 Mn*-
