2216 3105
401 223 479 265 351

340 266 483 306 avidus,
513 264 626 302 subito
653 267 771 305 dixit:
817 272 887 304 Deb
922 285 992 318 rogo
1017 285 1094 310 v‚os

338 317 433 352 dicite
460 317 565 360 mihi;
592 331 660 353 non
689 320 831 368 expe&
837 335 874 356 ns
901 322 1013 369 ipsum
1043 336 1096 357 re-

338 367 480 414 sponsu·-
484 382 563 404 um
602 378 640 404 ut
683 369 786 407 fecit·
826 370 897 407 Cui
926 373 1095 408 Guilliel-

338 431 435 454 mus:
455 420 587 454 Facite
612 421 705 467 pingi
733 422 899 456 Dominam
936 423 1096 457 Liberali—

337 479 457 504 tatem.
487 470 640 505 Hernius
670 480 750 506 tunc
778 472 899 507 audito
927 472 1095 508 scomma-

338 526 374 554 te
403 520 659 556 mordacissimo
698 521 884 557 transfixus
927 522 995 558 fuit
1023 532 1092 558 tam

338 568 423 605 forti
462 571 534 605 telo
575 571 827 613 verecundiae,
870 572 962 619 quod
1004 573 1095 620 quasi

331 620 494 655 'muravit
522 620 714 667 malignum
753 634 885 656 morem
926 623 1096 658 avaritiae

339 669 379 705 in
406 670 542 705 laudem
572 671 767 718 largitatis.
804 673 849 705 Et
886 671 979 707 dixit
1007 672 1095 708 fa'cie

339 719 559 755 inflammata
587 722 729 756 rubore:
769 724 840 768 Ego
860 722 978 766 faciam
1001 723 1097 769 pingi

338 771 454 809 talem,
483 772 563 815 quod
590 785 641 805 nec
667 785 741 811 vos,
779 786 831 806 nec
865 773 950 807 alius
982 773 1097 819 poterit

338 820 575 855 rationdtliter
600 822 718 861 dicere,
740 823 821 868 quod
846 836 1014 869 numquam
1041 824 1095 857 υἱ-

339 871 459 913 derina,
487 872 541 905 vel
567 873 705 906 noverim
734 873 851 919 Ipsam.
888 875 935 907 Et
963 874 1004 908 ab
1032 873 1095 908 illa

339 920 397 956 die
426 921 460 955 in
491 930 591 957 antea
627 931 743 958 tantae
780 922 849 958 fuit
888 923 1033 959 virtutis
1061 925 1094 958 &

339 971 515 1007 efficaciae
559 973 701 1008 verbum
744 973 974 1018 Guillielmi‚
1002 974 1094 1022 quod

338 1022 450 1070 postea
478 1022 546 1058 fuit
582 1023 764 1059 liberalior
789 1025 821 1059 8<
859 1025 992 1072 gratior
1018 1038 1096 1060 om-

339 1072 462 1108 nibus.
494 1075 574 1108 Non
603 1082 719 1109 tamen
748 1074 885 1116 credas,
925 1075 1017 1122 quod
1046 1074 1096 1110 fa—

341 1122 417 1158 &us
459 1122 499 1158 fit
536 1123 726 1172 prodigus,
769 1124 852 1160 ficut
891 1125 1000 1171 postea
1029 1124 1096 1162 fuit

339 1172 516 1209 Dominus
543 1172 694 1210 Carolus
723 1175 897 1210 Grimaldi
925 1176 966 1211 de
992 1176 1097 1211 domo

338 1223 418 1263 sua,
455 1223 516 1272 qui
544 1224 654 1260 fastus
681 1226 893 1273 Arcipyrata
933 1226 1097 1262 valentis—

338 1273 465 1316 simus,
495 1274 583 1320 apud
613 1275 774 1312 mirabile
800 1276 987 1312 Castellum
1014 1279 1098 1312 Μο-

341 1325 420 1360 naci
449 1324 628 1361 infestabat
655 1340 776 1362 omnes
806 1328 1008 1386 navigant-es
1041 1341 1099 1375 per

341 1387 436 1411 mare
482 1375 635 1416 Leonis,
681 1376 888 1412 formidatus
930 1377 1035 1413 etiam
1080 1391 1097 1412 a

340 1425 478 1474 magnis
508 1426 752 1475 Principibus,
788 1427 913 1462 nedum
951 1427 1098 1475 privatis

340 1474 630 1513 Mercatoribus,
673 1477 732 1512 Ad
771 1477 982 1526 propositum
1017 1491 1099 1526 ergo

339 1525 446 1566 vide,
475 1536 604 1574 quanta
645 1536 717 1563 arte
754 1527 822 1564 uti:
827 1542 866 1563 ur
907 1528 984 1563 heic
1023 1529 1098 1563 Au-

342 1576 446 1620 tior,
474 1577 535 1624 qui
565 1576 690 1626 fingit,
733 1578 824 1626 quod
853 1579 999 1621 Jacobus
1028 1581 1100 1614 Ru-

342 1625 497 1662 sticarius
533 1628 663 1675 allegat
701 1628 951 1664 Guillielmum
981 1628 1101 1665 Borse—

343 1676 458 1717 rium
488 1676 550 1725 qui
577 1678 673 1714 dolet
700 1678 741 1714 de
768 1677 984 1715 Curialitate
1025 1693 1101 1727 per-

341 1726 416 1762 dita
459 1727 496 1762 in
535 1728 648 1774 patria
684 1728 765 1767 sua,
802 1728 884 1776 quia
921 1729 992 1778 ipse
1029 1739 1101 1765 erat

343 1777 500 1824 optimus
527 1778 637 1821 Judex
665 1779 702 1814 in
732 1779 795 1814 tali
824 1779 943 1821 causa
981 1782 1014 1814 &
1044 1781 1101 1815 be—

344 1840 388 1862 ne
417 1838 562 1863 noverat
590 1829 839 1865 Curialitatem
877 1831 909 1864 &
939 1830 1101 1866 Curiales

342 1876 421 1913 suae
442 1878 594 1925 patriae,
624 1878 661 1915 δε
686 1879 755 1915 fuit
773 1879 854 1916 satis
875 1880 1014 1916 infestus
1040 1880 1102 1915 ho—

345 1927 404 1963 stis
439 1929 652 1969 Avaritiae.
694 1930 745 1965 ita
781 1931 872 1977 quod
910 1931 947 1966 in
989 1931 1102 1966 aliena

346 1979 483 2021 Terra,
522 1979 580 2014 ubi
618 1980 806 2028 plurimum
837 1981 944 2029 potest
971 1981 1103 2017 Avari-

348 2029 421 2070 tia
464 2029 676 2066 mirabiliter
700 2032 838 2077 expulit
874 2045 948 2067 eam
977 2032 1018 2067 de
1046 2046 1104 2080 pe-

320 2107 322 2109 .
348 2078 444 2115 &ore
472 2080 649 2126 hominis,
677 2082 714 2118 in
742 2095 813 2130 quo
837 2082 1021 2118 videbatur
1046 2096 1104 2131 pe-

348 2129 444 2165 nitus
471 2130 651 2168 indurata.

588 2185 651 2218 Al
688 2183 770 2228 Veis.
803 2196 864 2231 94.

401 2233 495 2266 Come
528 2234 598 2278 quel
638 2233 750 2267 Fiume
768 2258 780 2273 ,
820 2235 873 2269 che
909 2235 952 2269 ha
983 2235 1106 2282 proprio

502 2296 624 2316 CllWlan

400 2332 512 2365 Prima
537 2333 580 2365 da
609 2335 719 2366 Monte
747 2335 820 2376 Veso
845 2355 1030 2362 -----

348 2381 408 2416 Ad
436 2382 705 2417 declarationem
736 2384 830 2420 istius
851 2384 896 2419 est
923 2384 1105 2420 adverten—

350 2431 456 2474 dum,
485 2432 576 2472 quod
598 2433 689 2468 inter
711 2434 863 2470 Galliam
885 2436 918 2469 8<
941 2435 1080 2470 ltaliam
1095 2463 1104 2478 ,

351 2481 449 2527 supra
477 2481 807 2520 Montemferratum
838 2486 870 2520 8<
902 2485 1104 2528 januensem

350 2531 523 2569 ditionem
538 2560 549 2579 ‚
576 2534 621 2570 est
642 2533 773 2580 Mons,
801 2535 862 2584 qui
884 2535 1014 2573 dieitur
1034 2538 1105 2571 Ve-

681 209 1148 255 BENVENUTI
1186 212 1630 256 IMOLENSIS

1820 227 1899 268 352

1123 272 1334 311 A=xu1us‚
1372 272 1585 321 principium
1622 269 1763 307 Montis
1799 269 1960 319 Apenni-

1205 322 1267 358 ni.
1303 324 1357 358 Ex
1385 336 1456 370 quo
1483 322 1612 358 Monte
1639 322 1780 358 Vexulo
1807 320 1960 356 naicitur

1205 372 1336 408 nobilis
1373 372 1501 408 fluvius
1546 372 1676 412 Padus,
1717 371 1779 420 qui
1816 371 1957 419 colligit

1204 436 1324 459 ornnes
1352 437 1456 471 aquas
1496 422 1756 462 Lombardiae‚
1798 422 1958 457 cadentes

1205 486 1223 508 a
1264 472 1390 509 finistra
1435 473 1641 520 Apennini.
1684 472 1798 508 Modo
1838 485 1960 507 omnes

1206 523 1291 558 tales
1328 537 1435 570 aquae
1476 537 1545 558 non
1585 523 1745 558 derivant
1773 536 1832 570 per
1858 523 1889 557 se
1917 521 1959 556 ad

1207 586 1320 616 mare,
1357 574 1391 608 &
1433 573 1635 608 immediate
1660 600 1670 617 ‚
1716 573 1799 621 quia
1840 571 1960 607 omnia

1207 621 1352 657 fiumina
1394 622 1662 658 Pedemontium
1705 622 1743 658 ὃς
1787 623 1961 658 Lombar-

1207 672 1283 707 diae
1325 671 1440 719 primo
1485 671 1671 707 decurrunt
1711 672 1752 706 ad
1808 672 1959 706 Padum.

1136 727 1161 759 Β
1209 721 1343 757 Deinde
1373 721 1483 757 Padus
1520 730 1636 769 portat
1676 721 1795 756 omnia
1823 720 1860 755 in
1889 734 1961 755 ma-

1207 786 1260 807 re.
1290 772 1427 807 Primus
1455 781 1568 807 autem
1593 771 1742 815 fluvius,
1770 770 1831 818 qui
1852 771 1961 806 intrat

1208 822 1274 858 fine
1303 823 1396 858 Pado
1424 822 1460 857 in
1490 835 1603 861 mare,
1645 822 1689 857 est
1724 822 1865 869 quidam
1896 821 1960 856 flu-

1208 873 1307 915 vius,
1350 873 1411 920 qui
1439 882 1584 907 vocatur
1624 873 1728 907 Aries
1758 871 1824 907 sive
1852 873 1961 906 Mon-

1207 932 1332 966 tonus‚
1360 923 1421 970 qui
1443 922 1575 958 labitur
1595 923 1694 970 juxta
1714 922 1852 958 moenia
1873 925 1959 957 For-

1207 973 1288 1008 livii
1316 973 1353 1007 in
1383 972 1641 1017 Romandiola,
1686 975 1720 1008 &
1762 972 1851 1021 apud
1893 974 1962 1008 Ra-

1207 1035 1355 1058 vennam
1397 1022 1506 1057 intrat
1548 1036 1673 1066 mare,
1723 1021 1761 1058 &
1815 1031 1962 1058 vocatur

1205 1078 1306 1121 Aqua
1333 1077 1439 1119 ‚Quem
1465 1072 1502 1108 in
1523 1073 1720 1108 montibus.
1748 1072 1812 1108 Sed
1835 1072 1962 1120 postea-

1206 1137 1309 1172 quam
1338 1123 1467 1171 incipit
1502 1123 1702 1159 descendere
1739 1136 1781 1158 ex
1809 1123 1962 1170 Alpibus

1136 1178 1166 1211 C
1206 1175 1246 1209 ad
1285 1175 1455 1222 planum,
1497 1183 1644 1209 vocatur
1679 1173 1807 1209 Aries.
1848 1173 1962 1210 Modo

1206 1225 1246 1260 ad
1274 1224 1486 1273 propositum
1503 1251 1512 1259 .
1542 1225 1630 1259 Vult
1657 1223 1771 1260 dicere
1798 1224 1963 1268 Au&or‚

1206 1275 1298 1323 quod
1335 1275 1419 1310 sicut
1457 1273 1585 1310 fluvius
1631 1273 1857 1316 Montonus,
1898 1274 1963 1322 qui

1206 1325 1358 1361 nascitur
1393 1325 1430 1360 in
1472 1326 1587 1373 Alpe,
1628 1325 1760 1360 labitur
1800 1338 1858 1373 per
1885 1326 1962 1360 loca

1206 1375 1388 1411 montuosa
1416 1375 1509 1411 inter
1536 1374 1637 1418 saxa,
1673 1374 1797 1411 deinde
1824 1374 1964 1410 descen-

1205 1426 1258 1461 dit
1294 1439 1373 1461 cum
1411 1439 1538 1470 magno
1575 1438 1751 1462 murmure
1791 1425 1832 1461 ad
1862 1427 1964 1473 plana

1208 1477 1310 1519 loca,
1338 1478 1371 1511 &
1401 1484 1514 1510 mutat
1542 1489 1668 1510 nornen
1687 1503 1696 1518 ‚
1740 1476 1822 1522 quia
1850 1484 1964 1510 mutat

1209 1527 1355 1573 locu1n3
1399 1527 1452 1560 Ita
1480 1524 1538 1560 iste
1567 1525 1712 1560 Flavius
1742 1525 1933 1574 phlegeton
1953 1552 1964 1568 ‚

1208 1575 1267 1624 qui
1297 1575 1450 1611 nascitur
1477 1589 1495 1610 a
1523 1585 1708 1610 montanea
1751 1575 1836 1619 Ida,
1873 1574 1964 1610 labi-

1142 1629 1181 1661 Di
1207 1636 1262 1662 tur
1290 1626 1404 1675 primo
1432 1639 1491 1673 per
1519 1626 1628 1660 multa
1657 1626 1734 1660 loca
1761 1626 1828 1660 &c.

1325 1678 1386 1712 Ad
1412 1680 1507 1710 Cant.
1537 1678 1642 1710 XVII.
1674 1676 1756 1719 Vers.
1785 1678 1844 1720 58.

1259 1730 1290 1761 E
1318 1726 1389 1761 com’
1407 1727 1435 1760 io
1462 1727 1676 1772 riguardando
1702 1736 1753 1760 tra
1777 1725 1823 1758 lor
1841 1739 1965 1771 vegno,

1212 1779 1315 1813 Nunc
1344 1776 1481 1812 Austor
1508 1775 1672 1810 describit
1709 1775 1846 1823 aliqu-os
1876 1778 1964 1811 Foe-

1210 1837 1382 1862 neratores
1419 1827 1455 1862 in
1493 1825 1661 1874 speciali,
1701 1824 1739 1860 &
1783 1827 1966 1874 praecipue

1182 1878 1432 1913 'Florentinos
1470 1876 1572 1919 sum,
1614 1888 1761 1923 quorum
1802 1875 1853 1910 ibi
1891 1884 1965 1911 erat

1212 1928 1291 1963 satis
1333 1928 1442 1974 bonus
1484 1939 1664 1961 numerus,
1716 1925 1837 1961 Primo
1881 1939 1966 1973 ergo

1211 1978 1373 2013 describit
1410 1977 1593 2025 quemdam
1631 1975 1791 2011 Militem
1821 1976 1966 2011 Floren-

1212 2029 1348 2072 tinum,
1385 2028 1446 2076 qui
1483 2027 1606 2062 faetus*
1628 2026 1673 2062 est
1708 2025 1895 2061 ditiffimus
1923 2039 1965 2061 ex

1145 2078 1187 2110 E<
1212 2079 1331 2122 usura,
1373 2091 1475 2126 quem
1514 2077 1678 2113 describit
1714 2078 1757 2112 ab
1793 2086 1966 2111 armatura

1213 2130 1287 2165 suae
1315 2129 1447 2178 gentis.
1475 2128 1539 2164 Iste
1566 2127 1659 2163 enim
1688 2136 1761 2163 erat
1787 2127 1828 2163 de
1855 2126 1966 2162 Gian-

1213 2180 1377 2229 figliaciis
1419 2180 1459 2215 de
1496 2178 1697 2222 Florentia,
1740 2177 1802 2227 qui
1838 2177 1966 2212 habent

1214 2244 1275 2279 pro
1311 2243 1429 2266 eorum
1471 2228 1620 2277 insignio
1657 2230 1813 2265 Leonem
1851 2229 1966 2263 Azur-

1214 2295 1289 2317 rum
1317 2281 1355 2317 in
1383 2294 1506 2329 campo
1534 2279 1687 2315 citrino.
1730 2278 1831 2315 Dicit
1857 2288 1963 2326 ergo:

1265 2352 1538 2358 -------
1563 2345 1578 2364 e
1604 2331 1677 2366 vidi
1702 2342 1840 2376 azurro,

1215 2382 1357 2418 Scilicet
1386 2383 1562 2425 colorem,

1266 2434 1330 2467 Che
1355 2433 1392 2467 di
1417 2436 1501 2467 Leon
1528 2446 1611 2467 avea
1635 2431 1731 2474 saecla
1757 2444 1773 2463 e
1798 2438 1967 2475 contegno:

1128 2509 1136 2573 j
1174 2450 1187 2572 ji
1217 2483 1300 2518 Idest
1338 2483 1574 2531 apparentiam
1611 2481 1648 2516 &
1688 2479 1968 2517 continentiam,

1215 2533 1350 2569 scilicet
1377 2542 1493 2568 totum
1529 2544 1651 2579 corpus
1685 2529 1720 2566 d’
1730 2543 1772 2564 un
1807 2533 1907 2564 Leone
1934 2529 1968 2563 r’n

1855 2593 1920 2614 una
