2216 3105
481 220 496 248 1

407 219 568 309 Ξίἷνεηξα
594 284 783 293 -----

408 313 448 347 Si
466 314 565 355 stava
592 314 626 349 in
650 327 725 363 pace
751 338 766 343 —
793 339 809 345 —
835 339 851 345 —
878 340 895 346 -

358 362 416 398 ubi
447 376 538 400 nunc
576 364 680 402 habet
710 367 864 414 bellum,
902 369 1037 406 scilicet
1065 370 1116 406 ci-

357 412 456 449 vile:

407 467 876 511 --—·-sobrt'a,—---

355 513 514 558 scilicet,
552 516 589 552 in
619 517 738 563 vic‘tu,
770 520 830 556 ubi
858 520 964 557 modb
990 521 1035 558 est
1060 521 1116 558 in-

356 573 553 614 temperans
571 580 580 601 z

407 636 423 642 —
451 637 466 642 —
494 637 511 643 -
537 639 553 644 -
580 632 595 652 e
618 620 760 666 pudica,

355 665 518 708 scilicet,
556 668 592 704 in
631 670 705 705 vita
743 669 780 706 δε
817 670 1017 712 honestate,
1055 673 1115 709 ubi

354 717 462 752 mode>
490 718 534 752 est
561 719 760 767 impudica,
798 722 932 757 lubrica
949 747 960 762 ‚
997 725 1031 758 &
1058 723 1114 759 in-

354 765 492 802 honesta
509 781 517 802 ε

403 838 419 842 -
446 838 463 843 -
489 838 504 844 -
531 839 547 844 —
573 820 683 855 dentre
708 822 743 855 la
769 823 886 858 cerchia
911 824 1043 865 antica,

351 867 436 904 idest
454 895 463 911 ‚
493 867 584 904 intra
614 871 752 907 moenia
781 872 838 908 sua
866 874 976 922 prima
994 902 1002 910 .
1036 878 1111 911 Ha-

351 919 410 954 bet
437 919 531 954 enim
563 922 740 957 Florentia
769 932 837 959 tres
865 924 1035 961 circulos:
1072 940 1110 961 u—

349 981 434 1004 num
481 969 685 1007 interiorem
734 974 870 1022 alter03
924 975 1108 1012 secundum

349 1020 442 1067 quod
468 1019 536 1055 fuit
557 1021 697 1058 diverfis
723 1026 938 1072 temporibus
961 1028 1109 1073 amplia-

348 1079 415 1118 ta3
454 1069 538 1106 ficut
576 1070 613 1108 δε
658 1074 845 1114 Bononia,
888 1074 925 1111 ὃ(
969 1078 1107 1113 padua.

347 1121 462 1156 Mod&
491 1121 527 1156 in
566 1121 725 1159 inferiori
755 1125 886 1160 circulo
915 1127 959 1160 est
990 1128 1108 1163 Abba—

347 1170 399 1206 tia
427 1170 632 1208 Monasterii
662 1174 777 1209 Saanti
808 1176 1012 1219 Benedi&i‚
1049 1192 1108 1214 cu—

343 1222 398 1270 jus
418 1221 567 1258 Ecclefia
588 1223 718 1270 djcitur
735 1225 877 1261 Sanetus
895 1227 1107 1275 Stephanus,

347 1273 407 1308 ubi
437 1273 565 1309 certius
592 1274 624 1308 &
654 1275 851 1312 ordinatius
888 1278 1109 1324 pulsabantur

347 1322 453 1359 horae
489 1325 593 1371 quarn
633 1323 668 1359 in
706 1327 823 1373 aliqua
860 1328 929 1363 alia
958 1330 1107 1365 Ecclefia

347 1374 540 1410 Civitatis.
570 1377 670 1421 Quae
692 1385 808 1412 tamen
830 1377 934 1413 hodie
955 1379 998 1415 est
1026 1380 1106 1416 satis

344 1423 545 1460 inordinata
571 1427 603 1461 8<
632 1427 809 1474 negle&a,
838 1438 877 1463 ut
898 1429 996 1469 vidi.
1023 1431 1103 1466 dum

343 1475 498 1510 audirem
534 1477 796 1524 praeceptorem
829 1492 942 1513 meum
974 1482 1103 1516 Bocca-

342 1525 435 1560 cium
474 1525 515 1560 de
553 1525 755 1566 Certaldo,
791 1529 964 1576 legentem
1002 1530 1101 1566 istum

342 1575 498 1610 nobilem
530 1578 673 1612 Poetam
700 1577 738 1612 in
777 1579 952 1626 praediffia
980 1582 1102 1617 Eccle-

342 1624 406 1660 fia.
440 1625 519 1660 Ideo
546 1626 657 1661 dicit:

391 1675 473 1709 Ona’
490 1676 553 1710 ella
580 1697 809 1704 ------

340 1724 444 1767 idest,
474 1739 491 1760 a
517 1739 587 1772 quo
613 1727 747 1763 circulo
773 1728 937 1765 interiori
965 1731 1099 1778 praedi-

342 1774 397 1810 &a
424 1775 496 1823 ipsa
526 1777 706 1812 Florentia

388 1846 618 1853 ------
646 1828 740 1874 toglie
775 1842 886 1863 ancora
913 1843 928 1863 e
954 1834 1059 1876 Terqa
1085 1845 1100 1865 e

441 1878 537 1911 Nona
555 1901 567 1916 ‚

340 1927 371 1961 8<
400 1925 443 1962 fic
471 1925 512 1961 de
540 1925 620 1962 aliis
649 1926 769 1963 horis.

392 1980 465 2011 Non
492 1991 574 2012 uvea
599 1998 831 2006 ------

340 2027 431 2063 Heic
451 2027 686 2076 Caeciaguida
715 2027 843 2077 incipit
863 2043 1019 2067 enarrare
1039 2031 1097 2067 de-

341 2077 582 2126 pravationem
601 2092 737 2114 morum
751 2080 996 2117 modernorum
1014 2084 1097 2117 Flo-

338 2128 471 2164 rentiae
511 2142 710 2174 percurrens
738 2144 847 2166 vanos
885 2131 992 2177 gestus
1021 2146 1097 2168 mu—

338 2179 462 2214 lierum
493 2179 650 2224 suarum,
679 2180 816 2216 dicens:
847 2182 923 2230 Ipsa
953 2184 1096 2219 Floren-

338 2229 387 2264 tia
415 2239 572 2278 tempore
599 2244 678 2266 meo

386 2283 459 2314 Non
486 2295 568 2315 uvea
594 2283 747 2317 catenella
764 2309 774 2324 ,

336 2329 430 2373 Quia
458 2340 541 2366 tunc
570 2332 746 2368 Dominae
775 2334 1000 2370 Florentinae
1021 2348 1091 2369 non

338 2380 523 2427 portabant
551 2381 700 2428 jocalia,
730 2384 900 2424 monilia,
927 2386 960 2419 δὲ
985 2385 1091 2423 talia,

337 2428 428 2463 circa
458 2430 572 2475 pefftus
599 2435 631 2467 δ(
662 2433 824 2478 brachia,
851 2433 939 2471 ficut
965 2434 1091 2470 mode).

335 2481 382 2515 Et
409 2478 474 2514 hoc
502 2481 608 2516 etiam
637 2483 679 2518 fit
706 2483 822 2520 alibi:

383 2550 400 2556 ·-
426 2550 441 2555 —
467 2550 484 2556 -
511 2551 527 2557 -
555 2544 614 2566 non
641 2546 772 2569 corona,

680 205 1149 254 BENVENUTI
1206 210 1659 257 IMOLENSIS

1843 234 1925 275 752

1155 271 1188 305 A
1233 272 1315 307 Non
1343 271 1551 309 videbantur
1578 283 1662 310 tunc
1689 274 1891 312 Florentiae
1921 279 1987 313 Re<

1140 2088 1166 2120 E

1231 321 1352 370 ginae‚
1380 321 1465 359 ficut
1492 337 1582 360 nunc
1610 325 1684 369 ibi,
1712 323 1750 361 &
1773 325 1881 362 alibi.
1910 322 1991 363 Nec'

1230 372 1316 408 istud
1358 386 1485 410 novum
1508 401 1516 410 .
1559 377 1649 411 Nam
1692 377 1854 412 Lucanus
1890 376 1985 412 idem

1231 421 1321 458 dicit
1346 423 1388 459 de
1414 438 1540 460 corona
1570 429 1833 462 Romanarum:

1279 477 1351 509 Non
1375 476 1475 510 donne
1501 477 1688 523 contigiate,
1714 497 1730 503 -
1756 498 1772 503 -
1799 497 1816 502 -
1842 497 1858 503 -

1230 525 1311 570 quia
1339 538 1408 560 non
1439 527 1623 573 portabant
1647 527 1880 563 calceamenta
1901 540 1984 563 con-

1229 573 1370 615 tefiata‚
1399 589 1495 610 more
1523 576 1650 611 vilium
1680 577 1910 617 feminarum,
1942 578 1984 612 fi-

1229 635 1287 660 cut
1312 637 1427 673 nunc3
1457 625 1510 660 sed
1539 625 1642 661 hodie
1670 637 1811 672 portant
1836 627 1982 677 punfflas

1228 675 1268 710 ad
1297 676 1454 710 calceos:
1485 675 1577 722 quod
1605 676 1766 723 turpius:

1277 746 1293 751 —
1320 747 1336 752 -
1362 746 1379 752 -
1406 746 1421 752 ·-
1449 738 1508 759 „071
1536 735 1679 763 cantura,

1227 785 1424 823 argenteam
1454 783 1629 810 aureatam
1658 774 1743 811 ficut
1770 789 1881 813 nune.
1919 779 1982 814 Sed

1226 836 1318 861 certe
1363 825 1468 861 hodie
1518 835 1659 873 portant
1702 826 1895 862 cin&uram
1938 842 1982 864 ex

1226 875 1423 919 margaritis
1451 876 1519 911 five
1547 875 1651 924 perlis
1679 877 1876 913 contextis:

1275 931 1339 960 Che
1360 926 1435 971 fosse
1459 941 1480 962 a
1502 927 1598 961 vedcr
1620 927 1680 970 pia
1699 928 1748 961 che
1774 928 1807 962 la
1831 928 1980 972 persona.

1224 976 1327 1015 idest,
1356 976 1536 1025 plusquam
1567 977 1727 1024 personae
1747 977 1980 1025 dignitatem,

1224 1026 1315 1071 quafi
1354 1027 1476 1072 dicat,
1518 1028 1608 1063 ultra
1644 1027 1839 1063 decentiam
1876 1028 1979 1064 status

1222 1080 1255 1112 δ(
1277 1078 1493 1114 conditionis
1514 1091 1628 1114 earum
1642 1105 1651 1113 .
1672 1078 1766 1123 Quia
1786 1087 1869 1113 tunc
1891 1081 1979 1114 For—

1223 1128 1338 1164 nariae
1370 1142 1439 1164 non
1479 1129 1662 1177 portabant
1701 1129 1810 1177 perlas
1841 1128 1876 1164 in
1907 1130 1979 1163 cal-

1221 1179 1312 1222 ceis,
1340 1179 1424 1214 ficut
1453 1180 1557 1215 mod&
1584 1179 1636 1215 ibi
1663 1178 1817 1223 faciunt,
1847 1177 1883 1215 &
1906 1181 1978 1215 Ve-

1220 1229 1352 1269 netiis,
1381 1228 1418 1265 ἃ
1446 1233 1598 1273 Januae.

1269 1283 1341 1315 Non
1369 1281 1480 1320 {acerva
1507 1281 1654 1326 nascendo
1680 1301 1696 1307 -
1723 1301 1739 1307 -
1765 1301 1782 1307 -
1808 1301 1825 1307 -

1221 1331 1310 1366 Heic
1337 1329 1574 1380 Caeciaguida
1603 1330 1776 1377 descripto
1804 1330 1976 1378 superfluo

1217 1391 1341 1417 ornatu
1359 1382 1544 1418 mulierum
1561 1381 1842 1417 Florentinarum
1855 1409 1865 1424 ‚
1882 1395 1974 1418 nunc

1218 1431 1379 1467 describit
1405 1432 1556 1468 nimium
1588 1432 1737 1467 sumtum
1762 1432 1897 1467 dotium
1920 1446 1977 1468 ea-

1217 1482 1398 1518 rumdem.
1435 1485 1481 1516 Et
1517 1482 1607 1516 dicit
1641 1483 1733 1527 quod
1771 1490 1866 1527 pater
1902 1494 1973 1516 non

1219 1530 1462 1566 solicitabatur
1490 1532 1579 1565 circa
1611 1529 1721 1564 filiam
1751 1530 1945 1565 nascentem
1964 1556 1975 1570 ,2

1217 1581 1298 1628 quia
1327 1594 1396 1616 non
1426 1581 1655 1616 maritabatur
1681 1590 1762 1614 tunc
1783 1589 1855 1614 tam
1877 1579 1971 1620 cite»

1216 1644 1277 1666 nec
1305 1631 1475 1666 dabantur
1502 1641 1572 1665 tam
1603 1642 1746 1675 magnae
1774 1629 1896 1669 dotes,
1929 1629 1971 1664 fi-

1216 1690 1273 1716 cut
1300 1693 1419 1729 nuncg
1453 1680 1552 1715 Unde
1579 1679 1694 1714 dicit:

1265 1753 1281 1758 -
1308 1754 1323 1758 -
1350 1753 1366 1757 -
1392 1752 1408 1756 -
1435 1743 1525 1765 ancor
1549 1741 1652 1773 paura

1266 1786 1316 1816 La
1334 1780 1436 1827 figlia
1463 1781 1496 1814 al
1531 1782 1654 1827 padre,
1682 1799 1874 1806 -----

1215 1832 1298 1877 quia
1327 1830 1501 1879 quidquid
1532 1840 1627 1877 parer
1654 1829 1780 1871 habet,
1809 1829 1908 1865 vadit
1935 1830 1973 1865 in

1215 1882 1333 1918 dotem
1364 1881 1479 1918 filiae.
1507 1883 1554 1917 Et
1580 1880 1694 1916 reddit
1718 1879 1893 1917 rationem
1919 1880 1974 1916 di·-

1214 1947 1292 1969 cens
1312 1947 1320 1968 ε

1263 2006 1278 2011 -
1305 2006 1321 2010 -
1347 2005 1363 2011 -
1390 2004 1405 2009 -
1433 1984 1483 2018 ebe
1510 1982 1534 2016 'l
1560 1993 1658 2028 tempo
1685 1996 1699 2015 e
1725 1983 1759 2016 la
1784 1982 1854 2015 dote

1263 2037 1335 2069 Non
1359 2034 1498 2080 suggian
1534 2033 1639 2080 quitari
1664 2046 1680 2064 e
1706 2033 1820 2079 quindi
1847 2033 1880 2066 la
1906 2032 1966 2066 mi-

1185 2121 1187 2130 s
1307 2085 1402 2129 sum.

1185 2138 1187 2150 ⁴
1212 2134 1246 2170 Si
1270 2135 1322 2170 vis
1344 2135 1428 2170 bene
1453 2133 1652 2182 intelligere
1679 2132 1774 2168 istam
1804 2132 1966 2177 literam,

1211 2199 1297 2222 uuae
1318 2184 1552 2220 communiter
1577 2184 1622 2220 est
1648 2185 1736 2218 male
1761 2183 1964 2227 intellefila,

1184 2201 1371 2283 lciportet,
1408 2235 1500 2283 quod
1529 2234 1646 2270 reddas
1684 2232 1812 2278 fingula
1850 2233 1963 2280 fingu-

1212 2287 1277 2326 lis,
1305 2288 1338 2322 &
1368 2286 1410 2321 sic
1439 2285 1629 2321 construas:
1659 2284 1709 2318 che
1729 2283 1754 2317 ’l
1782 2294 1882 2329 tempo
1907 2297 1967 2317 mm

1210 2338 1323 2383 fuggia
1364 2338 1398 2371 la
1437 2336 1552 2379 misura
1587 2334 1721 2380 quinci;
1756 2333 1839 2368 idest
1875 2344 1970 2369 aetas

1211 2388 1344 2434 puellae
1383 2400 1452 2423 non
1494 2385 1649 2434 fugiebat
1690 2384 1881 2419 mensuram
1920 2397 1964 2419 ex

1210 2451 1276 2472 una
1305 2447 1430 2486 parte,
1458 2435 1542 2471 ficut
1570 2447 1689 2482 nunc3
1719 2447 1801 2469 nam
1833 2435 1969 2481 puellae

1209 2487 1363 2523 solebant
1401 2487 1528 2523 nubere
1564 2485 1601 2521 in
1629 2483 1796 2530 vigesimo
1824 2485 1880 2518 vel
1907 2484 1965 2519 vi-

1207 2537 1333 2586 gesimo
1361 2538 1489 2586 quinto
1509 2549 1620 2572 anno.
1649 2537 1752 2571 Nunc
1772 2537 1856 2617 gerp
1879 2533 1964 2568 duo—

1797 2595 1909 2617 CCImO
