2216 3105
295 208 380 246 409

597 191 844 233 COMMEN
851 192 897 234 T.
927 193 991 235 IN
1020 191 1154 235 DAN
1162 190 1248 232 TIS
1277 190 1518 234 COMOED.

1725 211 1813 250 4t0

241 251 280 287 in
316 253 443 285 Monte
484 249 647 293 Catelli,
690 249 784 285 misit
812 264 874 297 pro
902 261 998 298 patre
1031 253 1081 286 A2
1111 249 1270 299 paribus.
1313 252 1360 284 Et
1395 251 1478 297 quia
1516 253 1658 287 Vannes
1696 255 1872 290 accusavit

243 299 433 348 Rmnpini,
459 300 494 334 &
522 299 678 335 narravit
705 300 766 335 fibi
804 310 919 336 toturn
950 301 998 337 fa-

243 351 336 387 &um
355 376 364 385 .
394 351 458 384 Ille
484 349 638 385 reversus
666 350 826 386 celeriter
853 350 918 386 hoc
946 365 998 386 re—

241 400 327 437 tulit
364 399 549 435 Potestati.
587 400 662 445 Qui
706 401 855 436 Potestas
883 402 998 437 conti-

241 464 307 487 nue
335 450 411 498 capi
439 450 524 485 fecit
551 450 654 486 illum
683 453 843 487 Vannem
883 454 997 487 Nota-

239 501 332 538 rium
369 500 483 549 primo
524 502 646 536 Lunae
687 501 996 549 Quadrageffinaffi

241 564 348 599 quum
376 551 492 586 ivifl‘et
520 552 560 586 ad
590 565 697 587 unum
725 555 926 588 Sermonem
955 553 994 588 ad

241 603 356 638 locum
387 604 547 638 Fratrum
586 603 768 638 Minorum
787 630 795 638 .
838 603 912 649 Qui
941 617 996 638 ca-

241 661 320 701 ptus
356 652 400 688 est
435 665 515 688 cum
553 665 680 694 magno
716 666 891 689 murmure
919 667 996 689 om-

240 704 362 741 nium,
389 703 472 750 quia
500 712 572 738 erat
599 703 707 738 homo
730 705 838 739 bonae
865 703 994 740 famae.

240 752 424 789 hlaleficio
461 753 532 802 post
573 753 639 788 hoc
682 754 845 794 detegic„
892 756 996 790 multi

242 804 344 851 hujus
382 804 526 840 conscii·
555 804 783 853 aufugerunt.
829 805 996 842 Narravit

241 854 314 902 ipse
341 857 508 898 Vannes,
545 855 637 901 quod
675 855 770 903 saepe
809 869 886 891 cum
917 855 995 891 fidis

242 905 346 940 sociis
392 915 588 940 tentaverat
643 905 815 953 asportare
861 906 993 941 dictum

243 955 438 991 thesaurum
457 969 465 989 ε
496 955 550 990 sed
580 955 765 991 videbatur
785 956 845 991 fibi
868 956 997 1005 semper

241 1006 361 1041 videre
388 1006 559 1041 familiam
584 1006 784 1045 potestatis,
813 1020 900 1054 quae
921 1021 996 1055 per-

242 1056 402 1104 quirebat
429 1069 573 1091 ornnes.
601 1056 694 1092 scita
720 1059 839 1105 itaque
866 1058 996 1093 verita-

241 1116 304 1149 te,
340 1108 374 1141 &
402 1116 602 1154 recuperato
630 1107 810 1146 thesauro,
853 1108 996 1156 Rampi-

241 1170 306 1192 nus
333 1157 402 1192 fuit
429 1158 614 1196 liberatus,
651 1158 685 1192 &
715 1161 853 1193 Vannes
882 1161 996 1194 Nota-

242 1208 315 1243 rius
343 1207 536 1255 suspensus.
573 1210 621 1242 Et
647 1217 730 1243 nota
749 1237 757 1252 ,
796 1222 838 1244 ne
866 1208 996 1244 fallaris

242 1257 303 1292 sub
340 1258 555 1304 aequivoco,
607 1259 699 1304 quod
746 1268 814 1294 tres
857 1259 996 1294 fuerunt

242 1310 382 1342 Vannes
422 1307 460 1342 in
503 1307 564 1342 isto
606 1307 781 1342 maleficio
806 1333 816 1347 ,
863 1310 997 1345 scilicet

241 1360 381 1393 Vannes
431 1357 574 1397 Fuceii,
627 1358 832 1405 principalis
877 1359 997 1394 auffloz·

239 1407 346 1447 furti,
374 1409 407 1442 8:
436 1410 575 1442 Vannes
602 1407 643 1442 de
670 1409 704 1442 la
731 1411 855 1448 Nova,
883 1419 997 1444 reten-

239 1467 297 1493 tor
324 1457 430 1499 furti,
458 1459 491 1492 8<
520 1457 660 1504 quidam
691 1459 814 1493 tertius
856 1461 996 1494 Vannes

239 1508 280 1542 de
302 1508 499 1543 Laminona
522 1507 767 1551 Florentium,
794 1508 905 1544 socius
926 1509 996 1545 fur-

238 1559 293 1594 ti.
323 1560 427 1594 Nunc
455 1558 496 1593 ad
523 1557 688 1594 literam.
725 1558 827 1594 Dicit
855 1562 995 1596 Vannes

241 1609 362 1644 Fuccii
389 1607 464 1643 fur:

289 1658 387 1694 I'non
413 1656 493 1704 poffl)
520 1671 616 1705 negar
641 1678 869 1687 ------

240 1709 321 1757 quia
349 1707 372 1742 si
401 1708 548 1755 poffern,
577 1708 727 1745 libenter
746 1709 892 1746 facerem
914 1724 994 1760 pro-

239 1768 317 1806 pter
345 1758 614 1807 verecundiam3

290 1829 476 1835 -----
502 1810 593 1855 quel,
621 1810 671 1843 che
697 1820 732 1844 m
758 1811 860 1844 chiedt'
873 1837 882 1846 .

239 1858 399 1901 scilicet,
441 1858 554 1894 dicere
595 1859 661 1906 qud
687 1861 788 1908 culpa
813 1861 892 1896 heic
919 1860 991 1897 sum

237 1909 440 1948 damnatus,
485 1907 524 1944 &
570 1909 762 1946 cruciatus.
813 1913 861 1948 Et
914 1925 994 1948 ecce

238 1961 396 2007 culpam:

288 2012 325 2044 In
349 2010 409 2056 gite
428 2010 484 2053 son
511 2008 598 2055 meffl:
624 2021 731 2052 tanto,
759 2033 776 2039 -
801 2032 817 2039 -
843 2033 860 2039 -
885 2033 902 2040 -

238 2058 394 2099 scilicet,
421 2059 458 2095 in
487 2060 605 2108 bolgia
642 2063 724 2097 VH.
751 2062 865 2099 furum
882 2088 893 2103 ,
930 2064 989 2100 ubi

238 2109 424 2145 debuissem
465 2111 528 2145 effe
566 2111 692 2157 positus
737 2114 852 2148 multo
892 2113 990 2162 supe-

235 2159 328 2199 rius,
356 2159 489 2195 scilicet
514 2160 550 2195 in
571 2160 704 2197 circulo
722 2162 986 2213 violentorum3

285 2231 471 2236 -----
495 2210 636 2257 perch’io
657 2212 711 2255 sui

284 2262 392 2295 Ladro
417 2275 438 2295 a
463 2261 497 2295 la
522 2261 681 2307 Sagrestia
705 2261 755 2296 de’
766 2263 842 2298 belli
863 2265 987 2300 urredi.

236 2310 341 2350 idest,
369 2310 451 2358 quia
478 2309 610 2346 furatus
638 2311 688 2347 fui
717 2315 834 2360 pulcra
862 2315 987 2350 arnesia

232 2360 404 2396 Ecclefiae
431 2361 652 2397 Cathedralis
679 2362 720 2398 de
749 2364 912 2400 Pistorio.
940 2368 986 2400 Et

233 2412 396 2455 adverte,
424 2411 517 2459 quod
546 2426 604 2459 per
630 2414 876 2450 excellentiam
898 2415 986 2451 dicit

233 2463 351 2509 pulcra
368 2489 376 2497 .
404 2463 498 2506 Quia
526 2462 616 2498 forte
636 2463 672 2498 in
694 2474 768 2499 tota
791 2466 893 2501 Italia
914 2479 984 2501 non

230 2512 274 2548 est
301 2513 370 2548 alia
411 2513 568 2549 sacristia
605 2513 714 2550 ditior
740 2515 819 2554 ista,
862 2517 983 2552 ceteris

331 2567 418 2600 Tam.
439 2566 499 2600 III.

1041 702 1064 734 ω

1079 323 1083 532 Ι

1112 300 1170 339 se,
1206 300 1286 335 ideo
1322 300 1462 335 excusat
1491 300 1597 335 alium
1618 326 1628 340 ,
1670 303 1731 350 qui
1759 304 1871 341 fuerat

1111 350 1198 385 fals&
1226 349 1423 385 accusatus.
1452 350 1559 385 Unde
1586 351 1695 386 dicit:

1161 403 1193 434 E
1215 400 1402 444 falsamente
1425 401 1484 447 gia
1506 401 1545 444 su
1571 401 1693 447 apposto
1718 404 1844 443 altrut',

1110 449 1265 489 scilicet,
1305 451 1481 498 Rampino
1518 451 1716 499 praediHO.
1753 455 1798 488 Et
1826 453 1869 490 fic

1111 511 1216 539 nota,
1245 501 1339 548 quod
1367 500 1514 536 infamia
1550 501 1636 537 facit
1673 503 1765 538 credi
1794 517 1871 539 om-

1111 553 1170 586 nia
1199 553 1290 586 mala
1317 551 1357 586 de
1376 551 1542 596 homine,
1571 565 1658 600 quae
1679 565 1871 602 numquam

1114 601 1307 649 cogitavit.
1337 604 1434 638 Nota
1461 604 1568 638 etiam
1585 628 1595 642 ‚
1623 603 1715 650 quod
1745 618 1870 651 pravo-

1113 666 1188 687 rum
1218 652 1438 688 conversatio
1465 653 1603 689 inducit
1624 653 1802 689 hominem
1829 656 1871 691 ad

1113 713 1185 737 tam
1213 702 1391 738 infelicem
1421 703 1546 739 finem.
1577 706 1668 740 Nam
1700 706 1870 741 Notarius

1113 753 1198 797 iste,
1227 753 1288 800 qui
1316 764 1389 788 erat
1417 753 1524 788 homo
1553 754 1673 790 civilis
1701 754 1738 790 ὃ(
1760 755 1872 792 hono-

1113 814 1232 847 ratus,
1275 814 1396 839 contra
1433 806 1524 839 velle
1561 804 1658 840 suum
1688 805 1797 842 fafftus
1825 807 1871 843 est

1114 854 1284 901 particeps
1304 853 1414 893 furti,
1444 855 1537 901 quod
1560 868 1618 895 per
1639 855 1670 890 se
1690 869 1869 904 nunquam

1113 903 1331 942 somniasset,
1359 906 1393 939 δε
1422 915 1493 940 tam
1522 905 1648 941 infami
1673 917 1786 942 morte
1812 921 1871 956 pe—

1111 963 1241 990 remtus
1269 954 1335 990 est.

1162 1008 1226 1040 Ma
1250 1006 1360 1051 perche?
1384 1006 1421 1040 di
1447 1007 1495 1040 tal
1520 1006 1605 1047 *offla
1623 1017 1660 1041 tu
1680 1021 1739 1042 non
1762 1010 1871 1055 godi,-

1112 1055 1203 1090 Heic
1231 1058 1370 1091 Vannes
1399 1056 1619 1104 praediE'tus‚
1663 1058 1722 1106 qui
1751 1059 1869 1096 invite

1111 1107 1248 1141 dixerat
1283 1106 1435 1142 Auctori
1481 1106 1575 1142 suam
1623 1110 1868 1146 verecundiam

1113 1155 1357 1204 praeteritam,
1385 1157 1464 1192 ideo
1493 1171 1584 1193 nunc
1612 1158 1648 1194 in
1671 1159 1868 1197 vindi&am

1113 1207 1334 1254 praenuntiat
1361 1208 1422 1242 fibi
1450 1208 1614 1255 injuriam
1636 1210 1672 1244 in
1696 1210 1792 1246 brevi
1813 1211 1870 1248 fu-

1111 1267 1244 1292 turam.
1268 1258 1322 1292 Ad
1344 1258 1445 1306 hujus
1465 1257 1740 1307 intelligentiam
1764 1275 1869 1310 opor-

1112 1316 1164 1342 tet
1192 1308 1383 1354 praescire,
1426 1309 1518 1355 quod
1547 1309 1582 1344 in
1612 1310 1769 1347 MCCC.
1798 1326 1870 1360 quo

1112 1360 1219 1392 Anno
1250 1360 1379 1393 Dat-ires
1407 1358 1541 1404 incepit
1570 1359 1634 1395 hoc
1656 1363 1752 1407 Opus
1773 1376 1871 1410 egre-

1111 1407 1231 1453 gium,
1268 1407 1412 1443 Civitas
1445 1409 1583 1445 Pistorii
1620 1422 1692 1446 erat
1720 1412 1756 1447 in
1786 1414 1870 1450 satis

1113 1470 1238 1505 magno
1268 1457 1376 1493 flore.
1418 1461 1464 1493 Et
1492 1459 1528 1494 in
1557 1473 1595 1495 ea
1625 1471 1707 1496 tunc
1737 1465 1874 1509 praeci-e

1112 1521 1175 1555 pue
1204 1508 1345 1556 vigebat
1374 1511 1509 1544 Domus
1536 1512 1837 1549 Cancellariorurn
1857 1543 1868 1560 ,

1111 1571 1259 1605 quorum
1297 1558 1433 1594 familia
1475 1569 1548 1595 erat
1584 1562 1766 1598 numerosa
1794 1567 1870 1601 val-

1110 1609 1177 1651 de,
1220 1610 1269 1644 ita
1310 1609 1403 1656 quod
1432 1609 1579 1646 habebat
1608 1613 1698 1647 ultra
1727 1624 1868 1651 centum

1111 1658 1269 1694 homines
1298 1673 1339 1694 ex
1369 1673 1438 1695 uno
1466 1660 1654 1709 sanguine,
1681 1664 1713 1697 8<
1745 1674 1870 1711 potens

1110 1710 1201 1744 ultra
1228 1723 1349 1744 omnes
1372 1712 1526 1750 Dmnos,
1554 1713 1680 1748 nedum
1707 1715 1866 1761 pistorii,

1110 1759 1163 1794 sed
1193 1759 1303 1794 totius
1331 1760 1499 1796 Tusciae.
1529 1763 1568 1796 In
1597 1776 1663 1810 qua
1692 1774 1764 1800 erat
1793 1779 1866 1802 ma·-

1109 1823 1194 1857 gnus
1222 1810 1387 1845 Militum
1418 1824 1598 1847 numerus.
1629 1816 1762 1850 Domus
1783 1829 1866 1865 ergo

1109 1860 1167 1894 ista
1195 1874 1237 1895 ex
1266 1861 1330 1896 lite
1357 1862 1437 1896 nata
1464 1861 1557 1897 inter
1583 1877 1666 1903 eos,
1695 1878 1782 1912 quae
1809 1880 1867 1902 or-

1109 1920 1183 1945 tum
1212 1910 1335 1946 habuit
1363 1912 1404 1946 ab
1432 1925 1502 1947 uno
1530 1913 1698 1958 peffimo,
1727 1916 1768 1951 de
1795 1930 1864 1964 quo

1107 1961 1243 1996 dicetur
1269 1961 1305 1996 in
1335 1963 1438 1997 Cant.
1472 1965 1618 1998 XXXII.
1647 1965 1758 2000 divisa
1796 1968 1864 2002 fuit

1106 2011 1143 2046 in
1172 2011 1253 2046 duas
1276 2021 1406 2059 parteS,
1436 2012 1570 2049 scilicet
1598 2015 1708 2050 Albos
1733 2015 1770 2052 ἃ.
1796 2017 1861 2053 ΝΞ-

1106 2075 1206 2109 gros,
1234 2063 1268 2096 ὃ(
1296 2070 1372 2096 tota
1400 2062 1541 2099 Civitas
1569 2064 1680 2100 divisa
1708 2066 1752 2100 est
1781 2081 1858 2103 cum

1105 2111 1199 2146 illis.
1220 2112 1419 2148 Florentini
1440 2122 1555 2149 autem
1577 2114 1744 2152 timentes
1766 2130 1862 2165 prae—

1104 2162 1276 2210 judicium
1290 2164 1419 2198 Terrae
1433 2188 1441 2200 ‚
1458 2164 1723 2202 immiscuerunt
1737 2167 1767 2203 se
1779 2168 1860 2204 huic

1104 2211 1295 2248 discordiae
1321 2213 1501 2249 intestinae
1519 2242 1528 2258 ‚
1570 2214 1607 2250 ὅ(
1635 2225 1861 2255 extraxerunt

1104 2262 1145 2298 de
1175 2263 1321 2299 Pistorio
1342 2273 1524 2312 utramque
1549 2276 1704 2314 partem,
1732 2266 1770 2304 ὃς
1791 2270 1859 2304 rni-

1103 2313 1218 2349 serunt
1247 2314 1463 2350 Florentiam
1492 2315 1531 2350 ad
1570 2317 1744 2361 confinia,
1787 2328 1858 2355 tam

1105 2364 1198 2399 caeci
1224 2364 1358 2413 judices
1385 2378 1526 2405 eorum,
1554 2367 1636 2414 quia
1663 2367 1775 2404 statim
1799 2370 1858 2406 ista

1105 2414 1269 2462 contagio
1309 2414 1434 2451 infecit
1476 2430 1595 2452 eorum
1635 2418 1858 2455 Civitatem·

1106 2466 1143 2499 in
1187 2478 1254 2511 qua
1295 2465 1409 2501 statim
1451 2465 1562 2502 fafflae
1605 2467 1683 2504 sunt
1723 2470 1860 2505 eaedem

1068 2523 1074 2555 Ι
1103 2525 1242 2563 partes,
1284 2516 1325 2551 de
1361 2516 1487 2563 quibus
1515 2517 1650 2555 dietum
1690 2519 1734 2554 est
1763 2519 1862 2568 supra.

1160 2567 1195 2600 D
1223 2566 1242 2600 d
1700 2571 1806 2606 Cant.
