2216 3105
415 249 494 290 571
709 233 1163 279 BENVENUTI
1203 234 1641 282 JMOLENSJS
1836 251 1915 293 572

350 292 412 327 bat
433 291 698 329 conversatione
719 295 904 332 hominum
918 321 927 335 ‚
951 297 1007 332 vel
1029 296 1112 344 quia
1150 300 1182 336 A

350 342 549 391 Anglicus.
580 345 716 394 Anglia
744 346 839 381 enim
868 348 1015 396 angulus
1043 357 1111 382 ter-

351 405 407 428 rae
434 392 479 429 est
514 394 660 442 reposita
697 396 733 431 in
767 399 909 434 Oceano
935 398 1111 434 Occiden-

349 443 436 479 tali.
464 443 572 482 Unde
600 447 801 496 Vergilius:

399 519 423 535 ‚,
451 498 498 531 Et
530 498 658 544 penitus
693 510 756 533 toto
781 499 901 546 divisos
926 502 1005 536 Orbe
1031 502 1110 536 Bri-

451 557 586 584 tannes.

398 597 511 643 ⁸Questi
543 601 586 634 ha
621 599 669 634 ne‘
703 601 784 635 rami
811 601 884 646 suoi
918 601 1056 649 miglior'
1072 616 1108 637 u-

442 648 549 694 scita.

346 700 518 745 Scilicet,
557 703 631 737 Rex
670 701 846 737 Henricus
883 701 1032 745 Sicilia,
1070 702 1107 738 ὅ(

348 752 428 787 aliis
459 751 584 787 Infulis
613 752 796 788 meliorem
835 752 975 791 filium,
1011 752 1107 789 scili-

348 811 402 838 cet
431 802 655 845 Eduardum,
684 802 745 851 qui
773 812 857 838 tunc
887 803 1056 839 vivebat.

399 854 484 899 =Q-uel
501 881 509 897 ‚
538 854 589 888 che
612 853 671 901 ρι’ῑι
698 852 779 899 baffi)
794 875 809 880 -
825 875 840 880 —
856 876 871 880 -
887 875 902 880 —

346 906 440 940 Heic
470 903 599 940 ultimo
627 904 802 940 Sordellus
830 905 992 942 nominat
1020 905 1106 941 ulti-

348 968 445 991 mum
483 955 644 1003 spiritum
683 955 832 992 minoris
868 956 1018 1005 gradus.
1048 957 1105 992 Ad

348 1007 445 1056 cujus
466 1007 707 1055 cognitionem
729 1006 773 1042 est
793 1006 991 1047 sciendum,
1012 1007 1105 1054 quod

348 1057 408 1093 iste
435 1056 503 1093 fuit
530 1057 761 1093 Guillielmus
794 1057 960 1093 Marchio
996 1060 1105 1094 Mon-

348 1107 540 1147 tisferrati,
577 1108 634 1143 vir
670 1106 768 1144 ferox
795 1109 829 1143 8<
868 1108 1014 1152 crudus,
1052 1118 1104 1143 ta-

348 1172 428 1194 men
456 1168 580 1207 potens
607 1157 645 1194 ἃ,
674 1159 813 1194 valens.
841 1158 915 1205 Qui
943 1159 1012 1195 fuit
1040 1158 1106 1194 ali-

347 1210 488 1257 quando
515 1209 731 1257 Capitaneus
759 1210 958 1245 Mediolani
983 1219 1104 1245 contra

348 1260 517 1309 Papiam.
557 1261 618 1295 Iste
647 1261 754 1295 Anno
788 1260 934 1296 Domini
971 1259 1106 1296 MCC-

349 1314 425 1347 XC.
452 1324 559 1359 quum
589 1310 706 1346 ivisset
727 1324 805 1347 cum
836 1311 953 1359 paucis
974 1311 1014 1346 ad
1040 1310 1106 1347 Ci-

346 1362 496 1398 vitatem
518 1362 778 1405 Alexandriae,
807 1361 1040 1397 Alexandrini
1065 1362 1104 1397 ad

346 1413 548 1449 instantiam
586 1411 806 1457 Astenfium,
842 1413 969 1460 quibus
1006 1412 1104 1448 Mar-

347 1464 429 1500 chio
465 1473 538 1499 erat
578 1463 777 1507 inimicus,
818 1472 982 1512 ceperunt
1025 1476 1102 1498 eum

346 1514 564 1563 proditorie,
602 1514 754 1561 acceptis
782 1514 918 1562 magnis
947 1513 1103 1562 pecuniis

346 1567 388 1601 ab
416 1564 637 1604 Astenfibus,
674 1564 735 1612 qui
773 1565 851 1600 lunt
889 1563 1103 1612 pecuniosio-

345 1630 397 1651 res
434 1615 598 1651 omnibus
638 1614 772 1650 Italicis
799 1642 808 1657 ,
849 1614 972 1650 ceteris
1012 1615 1104 1662 pari-

345 1667 430 1710 bus,
457 1665 540 1713 quia
568 1665 646 1700 sunt
673 1664 821 1700 maximi
850 1664 1028 1701 Usurarii.
1058 1668 1102 1700 Et

345 1725 503 1753 mortuus
531 1715 575 1752 est
608 1716 645 1751 in
672 1729 808 1751 carcere
845 1716 1099 1761 praediffiorum

344 1767 529 1816 captivus.
567 1768 682 1801 Immo
711 1779 797 1801 unus
825 1765 931 1801 Civis
960 1766 1102 1801 saltavit

344 1817 532 1853 crudeliter
568 1816 666 1865 super
694 1830 817 1864 corpus
854 1816 1030 1855 defunRi,
1067 1818 1100 1851 &

343 1868 437 1916 cepit
474 1875 578 1915 caput
614 1867 686 1915 ejus
723 1880 800 1902 cum
840 1867 1026 1910 manibus,
1063 1865 1100 1902 ἃ

343 1917 505 1964 percuffit
533 1917 574 1953 ad
603 1926 753 1953 terram.
783 1917 1020 1953 Alexandrini
1050 1932 1101 1953 re-

342 1978 510 2018 putantur
536 1967 697 2004 homines
723 1968 830 2003 nimis
858 1968 1035 2003 temerarii
1065 1968 1099 2003 in

341 2019 580 2062 Lombardia,
615 2019 700 2067 quia
737 2018 988 2054 interfecerunt
1016 2019 1102 2060 Epi—

342 2070 485 2116 scopum
515 2069 635 2105 suum.
662 2072 738 2118 Ego
766 2069 889 2109 credo,
918 2070 1010 2117 quod
1036 2070 1102 2105 Ci-

342 2121 435 2157 vitas
471 2120 561 2156 facta
599 2119 640 2156 sit
667 2134 709 2155 ex
738 2120 943 2156 colluvione
974 2120 1102 2155 multa-

342 2185 419 2207 rum
448 2171 606 2221 gentium
622 2199 631 2215 ‚
660 2180 698 2206 ut
722 2170 859 2206 dicetur
886 2170 976 2206 infra
997 2172 1101 2207 Cant.

344 2225 480 2258 XVIII.
509 2222 567 2258 Ad
604 2221 745 2257 literam
776 2234 859 2270 ergo
895 2221 986 2257 dicit
1022 2224 1102 2257 Sor-

343 2274 455 2309 dcllus
473 2287 481 2308 τ

393 2325 497 2369 Qud,
532 2326 585 2359 che
615 2318 676 2371 pit}
711 2321 793 2369 buffo
819 2332 869 2357 tra
895 2322 986 2365 costor
1011 2322 1036 2357 s'
1052 2332 1104 2358 at-

445 2385 550 2413 terra,

345 2424 454 2461 Ponit
481 2438 559 2460 eum
587 2424 789 2462 hamorem,
826 2422 910 2470 quia
936 2435 1006 2458 non
1034 2422 1106 2458 fuit

346 2485 464 2512 tantae
500 2474 686 2523 dignitatis
712 2473 751 2509 ἃ
781 2473 981 2521 potestatis,
1019 2473 1103 2508 ficut

348 2525 542 2575 praedic'ti.
570 2527 616 2560 Et
643 2525 665 2559 si
694 2524 763 2560 fuit
791 2524 953 2572 superbus
971 2551 981 2568 ,
1017 2524 1104 2560 bene

349 2576 556 2613 humiliatus
582 2575 627 2611 est
662 2575 700 2611 in
729 2575 803 2610 vita
829 2576 863 2609 ἃ
900 2574 937 2610 in
967 2583 1102 2611 morte.

1275 298 1469 330 Guardana'o
1497 297 1530 331 in
1551 296 1623 341 sust>
1638 318 1653 322 -
1670 317 1686 322 —
1700 317 1714 321 -
1731 317 1746 323 -

1224 344 1380 387 scilicet,
1408 348 1448 382 ad
1477 349 1626 384 Coeium
1656 361 1698 382 ex
1727 345 1940 391 devotione,

1274 417 1383 425 --··—
1410 400 1426 432 ὲ·
1453 400 1644 446 Gnigliet'mo
1671 398 1853 443 Ivfarchefe.

1226 446 1286 483 Iste
1314 451 1582 498 cognominatus
1610 449 1655 485 est
1682 451 1950 499 Spata-Longa.

1274 502 1335 533 Per
1361 501 1410 534 cui
1425 522 1439 526 -
1454 522 1470 527 —
1485 522 1500 527 -
1517 522 1532 527 -

1223 547 1325 587 idest.
1355 561 1496 600 propter
1523 551 1621 597 cujus
1649 560 1851 600 capturam,

1273 621 1287 626 -
1305 621 1320 626 -
1336 622 1351 626 -
1368 622 1384 627 -
1412 602 1458 640 (ῥ’
1484 601 1692 647 Aleffandria
1707 624 1722 628 -
1739 623 1754 628 —
1771 624 1787 629 -

1224 649 1380 695 scilicet,
1418 652 1636 686 Alexandria
1672 653 1759 686 della
1784 652 1904 699 Paglia
1941 650 1976 687 in

1222 700 1458 739 Lombardia,
1485 700 1631 736 Civitas
1660 702 1761 736 valde
1789 714 1903 741 nova,

1272 771 1287 776 —
1303 771 1317 776 -
1335 771 1349 776 ·
1365 764 1380 784 e
1406 755 1440 785 la
1460 751 1521 796 sua
1544 764 1660 797 guerra

1222 800 1327 845 idest,
1356 800 1458 850 ipsius
1488 801 1752 846 Alexandriae,

1274 854 1326 886 Fa
1349 853 1485 899 pianger
1512 852 1709 896 R'Ionferrato
1723 866 1744 895 ,-

1222 902 1317 947 Quia
1346 903 1514 951 spoliatus
1543 902 1587 938 est
1615 903 1774 938 Domino
1805 902 1888 948 su0,
1918 903 1981 953 qui

1223 963 1380 988 mortuus
1408 954 1453 990 est
1479 953 1547 989 sine
1575 953 1698 989 herede
1727 953 1879 989 masculo
1896 982 1905 998 ,
1945 956 1980 990 δε

1223 1002 1394 1039 hereditas
1442 1004 1600 1053 pervenit
1642 1004 1683 1039 ad
1726 1006 1978 1052 Imperatorem

1221 1054 1654 1104 Constantinopolitanum
1670 1082 1678 1097 ,
1706 1054 1767 1102 q'ui
1797 1055 1919 1090 habuit
1941 1070 1980 1090 u-

1221 1118 1300 1140 nam
1344 1106 1455 1141 filiam
1493 1105 1697 1141 Guillielmi
1714 1133 1723 1141 .
1765 1105 1821 1140 Est
1862 1115 1979 1141 autem

1220 1156 1475 1193 Monsferratus
1513 1157 1550 1193 in
1588 1155 1716 1192 finibus
1744 1156 1979 1192 Lombardiae

1220 1208 1394 1243 Contrata
1436 1221 1580 1243 amoena
1607 1235 1617 1251 ‚
1659 1207 1788 1242 habens
1834 1206 1978 1243 infinita

1220 1257 1368 1294 castella
1396 1258 1434 1295 in
1461 1259 1613 1294 collibus
1640 1257 1837 1294 fertilibus.

1270 1329 1378 1335 -———
1405 1324 1421 1343 e
1447 1309 1630 1354 Canavese.

1219 1357 1394 1395 Contrata
1422 1360 1467 1396 est
1494 1359 1710 1395 contermina
1745 1357 1976 1393 Montiserra-

1220 1419 1278 1449 to,
1308 1424 1396 1458 quae
1424 1411 1599 1446 clauditur
1625 1423 1644 1445 a
1664 1409 1796 1444 duobus
1825 1409 1976 1444 brachiis

1219 1459 1398 1503 fluminis,
1435 1461 1529 1509 quod
1556 1460 1687 1495 dicitur
1717 1462 1831 1499 Dura,
1860 1473 1878 1495 a
1907 1468 1976 1495 ter-

1219 1512 1269 1546 tia
1298 1521 1393 1559 parte
1431 1511 1606 1546 clauditur
1643 1509 1761 1551 Pado,
1799 1523 1817 1545 a
1854 1521 1977 1557 quarta

1218 1565 1260 1596 ab
1288 1561 1461 1610 Alpibus,
1489 1562 1522 1596 ὃς
1552 1561 1655 1596 habet
1681 1560 1772 1595 forte
1799 1559 1882 1596 CC.
1903 1559 1977 1596 Ca-

1218 1612 1332 1648 stella.
1359 1614 1460 1657 Quae
1483 1611 1527 1647 est
1553 1612 1662 1646 etiam
1693 1611 1793 1646 valde
1823 1611 1975 1646 fertilis.

1187 1681 1189 1689 π
1219 1665 1263 1698 Et
1291 1662 1363 1711 ipsa
1391 1662 1552 1697 fimiliter
1580 1664 1695 1710 plorat
1723 1670 1872 1697 mortem
1901 1663 1976 1697 Do-

1219 1712 1309 1748 mini
1338 1712 1409 1748 sui.

1344 1765 1406 1798 Ad
1431 1766 1526 1798 Cant.
1560 1764 1648 1797 VIII.
1679 1761 1762 1807 Vers.
1788 1774 1851 1809 43.

1268 1817 1300 1848 E
1327 1814 1468 1848 Sordello
1493 1827 1588 1848 anco.
1624 1812 1676 1846 Or’
1695 1813 1871 1848 avallmmo
1897 1813 1980 1847 omat'

1269 1869 1335 1900 Tra
1375 1866 1405 1898 le
1440 1863 1558 1911 grand’
1579 1862 1680 1898 ombre
1704 1887 1714 1902 ‚
1755 1877 1771 1897 e
1807 1864 1979 1911 parleremo

1319 1917 1362 1950 ad
1387 1914 1462 1961 effe.

1219 1965 1305 2001 idest
1322 1991 1331 2005 ‚
1367 1967 1554 2013 loquemur
1581 1963 1758 2012 aliquibus
1785 1977 1828 1999 ex
1857 1963 1978 1999 nostris

1222 2016 1378 2055 Italicis,
1407 2024 1446 2051 ut
1474 2014 1629 2064 patebit,
1658 2017 1704 2050 Et
1731 2013 1877 2064 affignat
1897 2028 1978 2050 cau-

1221 2066 1312 2106 sam,
1337 2066 1420 2113 quia

1271 2118 1421 2163 Graqioso
1439 2116 1494 2162 fia
1519 2117 1567 2150 lor
1590 2115 1716 2150 vedertl
1741 2115 1840 2163 affat'.

1222 2168 1330 2206 idest,
1358 2168 1442 2216 quia
1469 2167 1538 2202 erit
1566 2166 1649 2203 satis
1676 2176 1837 2215 gratum,
1865 2166 1977 2202 immo

1221 2217 1451 2267 gratissimum
1480 2217 1576 2261 istis,
1604 2217 1723 2253 videre
1748 2217 1835 2253 duos
1862 2226 1979 2253 tantos

1224 2272 1346 2305 poetas
1364 2297 1374 2313 ‚
1420 2268 1482 2317 qui
1529 2268 1657 2318 poffint
1699 2267 1810 2304 facere
1847 2268 1891 2304 de
1931 2268 1980 2304 eis

1225 2320 1429 2356 memoriam
1457 2318 1496 2355 ἃ
1534 2319 1689 2363 famam,
1727 2317 1812 2354 ficut
1848 2319 1979 2367 sapien-

1223 2370 1372 2406 tiffimus
1406 2373 1481 2406 Rex
1517 2371 1693 2406 Robertus
1729 2369 1918 2405 honoravit
1944 2369 1978 2402 δε

1224 2422 1396 2457 laureavit
1423 2420 1649 2457 noviffimum
1680 2423 1821 2456 Poetam
1844 2421 1977 2454 Petrai·-

1224 2472 1323 2507 cham
1342 2496 1351 2511 ‚
1389 2472 1450 2520 qui
1487 2472 1618 2520 ubique
1654 2470 1742 2507 facit
1767 2471 1854 2506 altas
1881 2481 1976 2504 com-

1224 2523 1464 2559 mendationes
1489 2524 1532 2559 de
1558 2536 1620 2558 eo.

1867 2624 1931 2657 Ad
