2216 3105
316 229 418 317 67223d
442 283 537 315 Cant.
563 282 716 315 XXVIII.
745 280 828 324 Vers.
852 291 908 326 34.

298 331 418 376 Co'pie
440 331 590 372 rislrem‘,
617 344 632 364 e
652 343 703 364 con
719 331 771 376 gli
791 331 870 363 occhi
887 330 1011 375 paffaI.

251 384 356 419 Poeta
384 381 494 417 noster
521 380 684 416 describit
714 380 911 415 mirabilem
938 382 1009 416 Do-

249 433 406 476 minam,
434 444 537 479 quam
563 430 693 478 reperit
712 430 762 466 ibi
784 440 981 466 cantantem
999 460 1008 476 ,

249 482 286 518 &
315 482 415 518 flores
443 482 690 530 colligentem.
730 483 776 516 Et
804 481 845 516 ad
873 481 1009 517 intelli-

248 532 395 581 gendam
424 533 524 580 plene
545 532 640 567 istam
665 531 821 568 nobilem
852 542 982 579 partem
998 561 1007 577 ,

249 584 334 618 volo
362 582 499 631 primo,
528 593 562 619 te
583 592 725 626 notare,
753 582 846 630 quod
868 582 1008 619 Auaestor

249 646 341 669 nunc
367 634 517 670 ostendit
553 633 585 669 se
613 633 732 669 videre
759 634 800 669 de
830 632 923 669 fabio
961 634 1007 669 il-

248 684 318 719 lam
339 684 554 728 Dominam,
581 697 685 731 quam
715 683 867 732 superius
895 684 1006 719 finxe-

249 743 303 768 rat
339 733 371 769 se
407 734 530 770 vidisse
568 734 605 770 in
649 733 770 769 somno
811 734 848 769 in
885 735 1004 770 eodem

250 783 373 820 habitu
400 786 434 820 8<
462 785 540 820 astu
559 811 568 819 .
606 787 704 821 Haec
739 784 786 820 est
822 798 904 833 ergo
935 787 1007 820 Co-

249 833 380 870 mitiffa
406 835 598 871 Mathildis
614 860 624 874 ‚
661 848 749 883 quae
775 835 903 870 devota
931 834 1006 871 filia

253 884 373 927 Petri,
404 898 465 933 pro
493 896 603 921 matre
631 884 781 921 Ecclefia
808 885 939 934 semper
965 885 1006 921 de

248 932 401 971 hostibus
429 936 688 984 triumphavit.
727 936 789 971 Ista
817 949 898 984 ergo
927 949 1006 983 pro-

249 994 326 1032 pter
353 987 598 1022 excellentiam
628 987 705 1023 suae
733 986 877 1022 virtutis
905 985 1007 1022 indu—

249 1034 343 1070 citur
370 1035 446 1072 heic
465 1063 475 1080 ‚
513 1047 552 1073 ut
579 1038 701 1073 doceat
718 1065 728 1080 ‚
764 1038 797 1072 δε
826 1037 1006 1075 ostendat,

251 1085 385 1120 animas
424 1099 583 1134 purgatas
620 1087 812 1124 ascensuras
840 1088 879 1122 ad
911 1086 1007 1123 Coe-

250 1135 348 1179 lum,
376 1146 536 1183 oportere
565 1138 705 1174 transire
732 1152 791 1187 per
817 1137 1004 1173 Ecclesiam

250 1185 319 1220 Dei
346 1186 583 1228 militantem,
613 1188 787 1225 mediante
814 1187 1007 1224 balneatio-

249 1247 292 1270 ne
320 1236 464 1273 duarum
493 1252 684 1286 aquarum,
722 1253 809 1287 quae
846 1239 924 1274 heic
952 1238 1007 1274 in-

249 1286 459 1323 veniuntur.
489 1290 586 1325 Sicut
610 1292 703 1326 Cato
732 1290 875 1338 ponitur
893 1289 930 1324 in
951 1289 1006 1324 in-

249 1336 360 1374 troitu
390 1339 588 1385 Purgatorii
611 1342 651 1376 ad
680 1341 948 1388 praeparandum
971 1353 1006 1374 a-

247 1385 362 1421 nimas
390 1387 430 1422 ad
456 1389 629 1426 ascensum
652 1391 784 1426 montis
812 1404 871 1439 per
897 1390 1006 1426 lotio—

246 1448 326 1471 nem
355 1436 456 1474 faciei
475 1465 483 1474 .

365 1491 432 1520 Ad
455 1491 551 1523 Cant.
579 1494 684 1525 XXX.
714 1491 796 1532 Verfi
826 1502 887 1537 34.

296 1536 329 1568 Ε
357 1536 386 1569 lo
407 1536 521 1579 spirito
540 1539 622 1579 mlo,
649 1540 700 1574 cbe
714 1541 775 1588 gia
794 1551 914 1575 cotanto
933 1539 1004 1578 &⁹6-

246 1584 351 1620 Nunc
389 1587 494 1622 Poeta
529 1588 703 1630 ostendit,
740 1591 918 1638 quomodo
946 1592 1004 1628 de-

243 1634 383 1670 venerit
428 1636 465 1671 in
512 1639 752 1687 cognitionem
801 1642 971 1678 Beatricis
994 1670 1002 1678 .

245 1683 308 1717 Sed
347 1684 388 1718 ad
436 1687 627 1732 pleniorem
665 1691 906 1739 cognitionem
945 1707 1004 1729 eo-

244 1745 343 1772 rum,
371 1747 458 1781 quae
483 1735 562 1772 heic
590 1736 628 1773 &
656 1739 693 1775 in
721 1741 878 1788 sequenti
905 1742 1003 1778 Can-

245 1791 283 1817 tu
325 1783 489 1821 dicuntur
529 1787 570 1823 de
607 1788 667 1824 ista
705 1790 862 1827 Beatrice
887 1819 897 1835 ‚
938 1806 1001 1828 vo-

243 1833 281 1867 lo
318 1842 352 1868 te
398 1834 483 1870 scire
508 1860 518 1875 ,
565 1839 658 1885 quod
705 1854 813 1888 quum
859 1841 1001 1888 quidam

245 1883 375 1939 Pulcus
402 1886 653 1929 Portunarius,
689 1890 907 1927 honorabilis
935 1891 1001 1929 Ci-

244 1943 298 1967 vis
328 1935 552 1977 Florentiae,
589 1939 631 1976 de
660 1954 756 1977 more
793 1941 919 1978 faceret
947 1957 1001 1978 ce-

244 1983 370 2021 lebrari
419 1988 626 2025 convivium
669 1990 840 2027 Calendis
883 1994 972 2039 Maji
991 2022 1000 2037 ,

245 2036 448 2072 convocatis
493 2038 623 2076 vicinis
669 2055 747 2078 cum
793 2042 1000 2080 dominabus

245 2096 387 2128 eorum,
418 2089 548 2124 Dantes
569 2100 652 2126 tunc
674 2094 835 2139 puerulus
858 2096 918 2129 IX.
940 2108 1000 2129 an-

243 2146 392 2191 norum,
420 2136 583 2184 sequutus
610 2151 743 2188 patrem
771 2143 867 2178 suum
895 2145 999 2180 Aldi-

243 2184 426 2241 gherrurn,
463 2189 524 2235 qui
562 2200 635 2226 erat
671 2205 759 2228 unus
786 2193 828 2228 de
855 2207 999 2230 numero

244 2247 471 2272 conv1varum
489 2266 497 2280 ‚
526 2240 619 2275 vidit
644 2255 661 2276 a
689 2242 766 2278 casu
794 2243 887 2279 inter
914 2245 999 2280 alias

243 2286 376 2341 puellas
403 2289 590 2331 puellulam
617 2290 726 2327 filiam
749 2293 893 2342 praefati
916 2297 999 2330 Ful·

243 2347 274 2369 ει
292 2359 302 2373 ,
339 2337 394 2372 cui
424 2352 550 2375 nomen
578 2351 651 2377 erat
678 2344 820 2380 Beatrix
837 2373 846 2386 ,
876 2345 998 2382 aetatis

242 2386 344 2421 VIII.
373 2401 540 2425 annorum
557 2419 565 2434 ,
594 2393 702 2429 mirae
728 2395 998 2442 pulcritudinis,

241 2434 296 2492 sed
327 2439 470 2485 majoris
498 2440 707 2480 honestatis.
744 2448 844 2491 Quae
883 2445 997 2482 subito

241 2488 394 2524 intravit
430 2503 489 2526 cor
524 2493 618 2533 eius,
659 2494 708 2530 ita
751 2496 843 2541 quod
887 2496 995 2545 postea

237 2548 430 2589 numquam
456 2543 591 2580 receffit
618 2545 659 2581 de
686 2547 788 2582 corde
814 2548 897 2591 luo,
934 2547 995 2583 do-

606 219 908 264 COMMENT.
939 222 1004 266 IN
1033 219 1259 264 DANTIS
1286 219 1528 262 COMOED.

1046 282 1077 316 A

1039 1172 1073 1210 C
1081 1182 1083 1196 :

1113 293 1175 315 nec
1203 279 1266 315 illa
1295 278 1416 322 vixit,
1454 278 1522 313 sive
1550 291 1592 313 ex
1621 276 1870 314 conformitate

1113 329 1371 377 complexionis
1394 356 1404 372 ,
1445 330 1477 363 δε
1518 341 1680 369 morum,
1722 328 1788 364 sl'e
1826 341 1869 363 cx

1113 380 1273 429 singulari
1303 379 1487 414 influentia
1509 379 1619 414 coeli.
1648 381 1693 414 Et
1715 393 1792 414 cum
1814 392 1869 414 ae-

1111 440 1184 467 tate
1219 430 1390 467 continuo
1427 428 1687 476 multiplicatae
1725 429 1801 464 sunt
1833 443 1869 464 a·

1112 481 1266 517 morosae
1304 479 1489 516 flammae.
1532 481 1586 515 Ex
1628 492 1698 527 quo
1738 481 1868 514 Dantes

1110 541 1205 567 totus
1233 531 1371 568 deditus
1402 531 1487 575 illi,
1523 542 1746 578 quocumque
1774 529 1868 572 iret,

1111 582 1300 631 pergebat,
1338 582 1478 618 credens
1506 581 1541 616 in
1571 580 1684 616 oculis
1711 580 1784 629 ejus
1813 580 1868 616 vi-

1109 633 1187 668 dere
1215 632 1383 669 summam
1422 631 1657 668 felicitatem.
1698 632 1764 666 Pro
1800 643 1869 678 qua

1108 684 1304 729 lacrymas,
1334 683 1500 732 vigilias,
1530 683 1562 717 8<
1593 681 1752 718 infinitas
1781 681 1868 717 tulit
1900 716 1906 718 a

1109 747 1259 779 poenas.
1296 736 1432 770 Tamen
1461 736 1577 769 Amor
1615 732 1697 767 talis
1735 731 1868 779 semper

1110 783 1178 819 fuit
1205 783 1476 824 honestiffimus,
1504 785 1589 819 adeo
1612 792 1651 818 ut
1675 794 1867 830 numquam

1109 835 1306 881 apparuerit
1335 835 1466 882 signum
1494 832 1673 870 libidinosi
1703 832 1797 868 acius
1828 833 1867 867 in

1109 894 1247 919 amante
1275 887 1332 921 vel
1361 895 1497 920 amata.
1537 887 1615 920 Hoc
1643 893 1760 919 autem
1797 882 1866 918 fuit

1109 934 1335 970 certiffirnum
1378 935 1634 983 prognosticum
1676 933 1714 969 ἅ
1759 946 1867 981 augu-

1108 984 1199 1020 rium
1228 985 1337 1021 futuri
1365 986 1515 1024 amoris,
1553 998 1655 1033 quem
1685 983 1866 1019 habiturus

1107 1044 1180 1071 erat
1207 1035 1248 1071 ad
1277 1049 1437 1085 magnam
1475 1034 1670 1071 Beatricem
1710 1033 1837 1068 sacram
1856 1060 1867 1077 ,

1107 1085 1147 1120 ad
1185 1099 1287 1134 quam
1317 1095 1389 1122 erat
1427 1100 1553 1135 pronus
1581 1099 1599 1120 a
1628 1095 1773 1120 natura.
1812 1087 1865 1120 Ex

1108 1135 1161 1170 his
1190 1147 1288 1184 potes
1318 1136 1460 1177 videre,
1488 1135 1581 1184 quod
1611 1138 1717 1171 Poeta
1746 1135 1866 1182 aliqua

1108 1185 1196 1221 dicit
1226 1187 1401 1223 Historice
1421 1215 1430 1232 ‚
1460 1188 1578 1236 aliqua
1607 1185 1796 1235 allegorice
1824 1185 1865 1220 de

1108 1237 1266 1273 Beatrice
1295 1237 1351 1273 sua
1368 1264 1377 1273 .

1342 1289 1404 1324 Ad
1431 1289 1513 1333 Vers.
1545 1290 1626 1324 128.

1155 1337 1259 1372 Fu’io
1285 1353 1306 1373 a
1331 1339 1380 1373 lui
1406 1352 1473 1372 men
1496 1352 1566 1373 cara
1586 1352 1600 1372 e
1620 1352 1686 1372 men
1711 1338 1864 1385 graditu-

1104 1389 1150 1422 Et
1171 1387 1248 1423 heic
1268 1398 1373 1428 nota,
1400 1389 1492 1436 quod
1521 1388 1605 1424 ficut
1633 1389 1754 1424 scribit
1775 1390 1865 1424 Boc-

1104 1438 1218 1473 cacius
1246 1438 1282 1473 in
1311 1439 1371 1474 suo
1399 1440 1543 1475 Libello
1570 1439 1611 1474 de
1636 1439 1710 1474 vita
1730 1440 1764 1474 &
1787 1451 1863 1473 mo-

1103 1488 1198 1523 ribus
1227 1489 1377 1533 Daritis,
1415 1489 1557 1525 Beatrix
1595 1489 1687 1537 quafi
1725 1489 1762 1525 in
1792 1488 1861 1524 fine

1107 1540 1236 1574 XXIV.
1259 1539 1340 1574 anni
1369 1540 1501 1575 redivit
1520 1540 1561 1575 ad
1590 1539 1739 1589 gloriam
1766 1553 1863 1587 prae-

1103 1588 1305 1623 destinatam
1336 1589 1472 1624 meritis
1500 1590 1567 1626 suis
1588 1617 1596 1625 .
1626 1589 1738 1638 Cujus
1767 1603 1862 1625 mor-

1103 1647 1138 1673 te
1160 1640 1290 1674 Dantes
1319 1639 1386 1675 fuit
1407 1640 1467 1675 diu
1490 1640 1528 1676 in
1556 1640 1719 1688 planflu,
1748 1641 1861 1685 lacry-

1105 1688 1202 1732 mis,
1242 1688 1279 1725 ἃ
1309 1703 1491 1730 moerore,
1533 1691 1618 1726 adeo
1659 1690 1750 1738 quod
1789 1690 1861 1725 sola

1104 1750 1217 1774 morte
1238 1740 1423 1776 videbatur
1443 1741 1533 1789 poffe
1554 1741 1687 1788 juvari.
1715 1743 1768 1776 Ex
1790 1753 1861 1788 quo

1104 1788 1214 1824 faf’tus
1250 1790 1295 1825 est
1331 1791 1563 1834 macilentus,
1600 1791 1785 1829 bat-butus,
1822 1789 1859 1826 δί

1106 1840 1204 1874 velut
1240 1839 1347 1875 homo
1388 1840 1576 1875 silvestris.
1613 1840 1787 1876 Tamdem
1824 1853 1860 1875 e-

1105 1888 1332 1925 xhortatione
1352 1889 1489 1926 suorum
1511 1890 1614 1926 duxit
1633 1903 1778 1925 uxorem
1791 1914 1801 1928 ,
1821 1888 1860 1925 δί

1105 1939 1223 1986 coepit
1250 1938 1283 1975 se
1303 1940 1382 1975 dare
1411 1939 1560 1988 publicis
1587 1940 1716 1975 officiis
1738 1938 1775 1975 ἃ
1797 1939 1860 1974 ho-

1105 1989 1248 2025 noribus
1275 1990 1312 2025 in
1342 1990 1397 2025 sua
1426 1990 1639 2038 Republica,
1677 1988 1715 2025 &
1752 2002 1860 2037 quum

1106 2050 1272 2080 poterat,
1312 2041 1488 2076 interdum
1531 2040 1677 2089 poeticis
1715 2041 1860 2075 vacabat

1105 2088 1143 2126 δί
1165 2091 1386 2138 eloquentiae
1413 2091 1454 2127 ad
1483 2091 1660 2139 superbam
1690 2090 1860 2139 gloriam.

1214 2145 1278 2176 Ad
1302 2145 1396 2176 Cant.
1426 2144 1547 2177 XXXI.
1578 2141 1660 2185 Vers.
1686 2152 1749 2187 43.

1157 2192 1284 2226 Udendo
1309 2193 1339 2226 le
1364 2192 1493 2231 Sirene,
1514 2192 1562 2232 sie
1585 2193 1643 2235 pit}
1665 2192 1766 2234 forte.

1106 2242 1198 2277 Heic
1233 2251 1344 2281 nota,
1384 2242 1476 2290 quod
1518 2242 1758 2286 Hieronymus
1794 2240 1861 2276 hoc

1105 2292 1216 2335 dicit,
1240 2293 1321 2339 quia
1344 2292 1383 2327 ad
1404 2302 1541 2340 tempus
1562 2292 1762 2327 admonitus
1784 2293 1860 2329 oul-

1106 2342 1279 2378 critudine
1300 2341 1503 2378 secularium
1526 2342 1756 2378 Scientiarum
1771 2369 1781 2386 ‚
1809 2340 1863 2377 fa—

1105 2393 1265 2428 stidiebat
1305 2395 1440 2428 Sacram
1478 2394 1690 2442 Scripturam
1714 2417 1725 2432 ‚
1764 2391 1860 2437 cujus

1104 2443 1215 2478 sermo
1242 2443 1425 2479 videbatur
1452 2442 1513 2479 fibi
1541 2444 1719 2479 incultus.
1757 2442 1860 2478 Unde

1105 2494 1215 2536 postea
1257 2507 1362 2541 quum
1408 2493 1563 2529 animum
1602 2492 1779 2529 convertit
1815 2492 1857 2527 ad

1104 2544 1248 2584 divina,
1275 2543 1386 2580 sermo
1421 2544 1495 2592 ejus
1529 2544 1640 2580 faEius
1678 2544 1722 2580 est
1760 2543 1858 2579 cibus

1683 2596 1805 2642 Ange-
