2216 3105
285 221 369 262 429

579 202 878 246 COMMENT.
909 205 973 247 IN
1002 200 1134 247 DAN
1140 199 1227 241 TIS
1254 197 1496 243 COMOED.

232 264 427 302 Billorum.
464 261 527 298 Sed
555 263 693 298 Aufior
729 262 890 297 nominat
926 277 982 299 eos
1015 266 1049 299 A

233 329 252 352 a
278 317 355 350 loco
384 313 542 356 notiori,
579 313 620 348 de
656 327 726 360 quo
753 312 983 348 denominan-

232 374 289 400 tur
316 365 422 412 vulgo
449 364 482 398 &
511 362 646 405 ipsimet
674 363 706 398 se
732 363 982 399 denominant.

231 416 279 449 Et
307 413 483 461 specificat
520 424 705 461 utrumque
742 413 933 448 Mastinum
966 427 983 448 a

231 464 381 511 quodam
410 463 572 512 singulari
600 464 679 499 achi
699 464 885 509 tyrannico
907 464 984 499 vio·

231 514 379 551 lentiae.

282 566 346 600 Che
375 565 458 609 fecer
490 565 528 598 di
563 567 744 612 Montagna
780 566 804 600 it
840 565 904 599 mal
927 578 984 613 go-

331 628 446 650 UeYnon

233 664 291 701 Ad
319 665 410 712 quod
440 664 637 707 sciendum,
668 665 760 713 quod
790 665 985 713 Montagna

232 716 277 750 est
306 715 482 762 proprium
513 716 579 751 viri
607 729 752 752 nomen.
782 718 865 752 Fuit
891 718 984 751 enim

235 765 433 813 Montagna
463 767 592 801 nobilis
623 766 732 801 Miles
761 766 802 801 de
833 766 985 801 Pareita-

234 816 281 850 tis
309 815 349 850 de
377 817 545 851 Arimino
563 844 571 860 ,
603 830 760 864 princeps
789 818 894 864 partis
921 817 986 851 Gi-

236 866 404 901 bellinae.
443 869 555 911 Q—uem
586 877 723 913 captum
754 881 829 902 cum
860 868 986 914 quibu-

236 916 327 951 sdam
360 917 439 952 aliis
477 917 659 952 Ix'lalatesta
697 918 842 952 tradidit
879 917 986 952 custo-

236 967 399 1001 diendum
422 967 645 1002 Matatestino
671 966 766 1003 filio.
794 968 908 1003 Postea
931 981 986 1015 pe-

237 1017 299 1052 tiit
316 1019 356 1052 ab
376 1031 416 1052 eo
431 1047 438 1057 ,
459 1018 541 1065 quid
565 1018 692 1053 fastum
715 1018 795 1053 effet
815 1019 856 1052 de
879 1018 987 1053 Mon-

238 1076 339 1115 tagna
358 1094 366 1102 .
403 1069 473 1103 Cui
502 1068 560 1103 iste
588 1068 789 1116 respondit:
828 1070 988 1109 Domine,

238 1118 280 1160 est
300 1118 360 1162 sub
380 1117 456 1162 fida
482 1119 644 1161 custodia:
680 1122 730 1154 Ita
759 1121 839 1166 quod
860 1119 893 1160 st
918 1120 988 1153 vel—

236 1168 280 1201 let
298 1172 335 1215 Je
356 1169 527 1214 suffocare,
555 1183 614 1202 non
639 1170 754 1216 potest,
778 1170 924 1216 quamvis
944 1169 989 1210 fit

232 1217 329 1263 juxta
364 1232 465 1254 mare.
502 1221 549 1254 Et
584 1221 663 1254 dum
702 1220 828 1255 iterum
858 1219 894 1255 &
923 1220 989 1255 ite-

236 1281 312 1302 rum
357 1277 486 1314 peteret
530 1267 566 1303 Sc
609 1270 791 1315 replicaret
811 1297 820 1311 ‚
862 1271 985 1305 dixit:

237 1320 326 1351 Certe
351 1319 481 1359 dubito,
517 1321 598 1364 quod
624 1319 734 1361 nescies·
770 1320 868 1365 ipsum
896 1320 990 1362 custo-

235 1366 321 1402 dire.
349 1367 593 1403 Malarestinus
621 1378 743 1403 notato
773 1371 904 1413 verbo,
941 1369 988 1404 fe-

235 1417 285 1452 cit
313 1417 421 1465 ipsum
461 1418 695 1465 Montagnam
733 1418 876 1454 maE’tari
909 1433 986 1454 cum

236 1467 439 1514 quibusdam
470 1469 568 1502 aliis.
598 1468 651 1503 Ita
680 1469 764 1503 bene
784 1478 887 1503 vocat
906 1469 988 1503 Mn-

234 1517 428 1552 Iatestinum
468 1517 658 1553 Mastinum
698 1532 828 1553 novum
857 1520 899 1554 ab
927 1519 988 1554 isto

235 1580 359 1615 genere
387 1567 599 1610 violentiae,
627 1567 665 1604 ὅ(
686 1570 727 1603 ab
753 1569 821 1604 alia
851 1570 987 1618 pejore,

235 1618 277 1652 de
304 1630 371 1666 qua
407 1618 541 1654 dicetur
577 1619 613 1653 in
652 1618 808 1666 sequenti
845 1622 986 1655 Cantu.

236 1669 308 1702 Ubi
338 1668 443 1702 etiam
476 1668 559 1703 facit
590 1670 807 1705 mentionem
834 1670 875 1706 de
903 1672 988 1706 Ari-

235 1718 352 1752 mino.
381 1717 463 1752 Ideo
491 1718 598 1753 dicit:

287 1769 337 1801 LA
363 1775 442 1802 dove
463 1769 587 1815 sogtion
604 1796 613 1813 ‚
646 1769 707 1812 san
732 1769 781 1803 de’
797 1770 888 1804 denti
915 1771 989 1816 suc-

336 1818 423 1852 chio.

236 1865 345 1909 idest,
384 1868 507 1917 sugunt
543 1870 577 1904 δί
615 1879 776 1919 mergunt
805 1869 987 1907 facultates

234 1917 416 1953 hominum
455 1920 492 1954 in
520 1920 680 1956 Civitate
707 1920 891 1966 Arimini,
928 1923 986 1958 ubi

237 1967 347 2003 solent
376 1969 513 2017 sugere.

286 2022 336 2053 La
371 2021 461 2053 Cim&
495 2021 531 2054 di
573 2024 734 2066 Lmone,
775 2037 790 2056 e
828 2024 865 2057 di
902 2027 987 2059 San-

336 2079 444 2104 terno.

234 2117 327 2154 Heic
357 2119 491 2155 Au8mr
517 2120 680 2157 describit
704 2122 786 2158 duas
814 2123 898 2159 alias
918 2123 985 2160 Ci-
1010 2156 1013 2175 ὃ

234 2169 364 2204 vitares
395 2171 668 2215 Romandiolae,
696 2172 830 2208 scilicet
852 2177 983 2209 Faven-

233 2219 345 2263 tiam,
387 2218 424 2254 ἃ
466 2221 614 2256 Imolam
653 2236 671 2257 a
708 2223 865 2258 Domino
906 2224 984 2261 suo.

233 2271 280 2304 Et
308 2271 386 2305 vult
413 2269 566 2306 finaliter
592 2272 730 2308 dicere.
767 2273 872 2319 Quod
903 2274 983 2310 Ma-

233 2319 420 2367 ghinardus
460 2323 612 2370 Paganus
649 2322 717 2358 fuit
752 2324 882 2360 nobilis
915 2327 985 2361 Ca-

232 2370 393 2406 stellanus
421 2371 457 2406 in
480 2373 659 2408 montibus
687 2373 783 2422 supra
811 2374 981 2411 Imolam.

232 2421 306 2466 Qui
351 2421 406 2456 sua
447 2423 619 2468 probitate
660 2422 698 2459 ἃ
735 2423 905 2461 felicitate
941 2440 982 2462 ex

232 2484 341 2518 parvo
382 2473 577 2508 Castellano
614 2472 724 2509 facins
760 2475 804 2510 est
840 2489 982 2524 magnus

229 2522 405 2558 Dominus
432 2523 469 2559 in
507 2524 766 2570 Romandiola,
804 2527 853 2562 ita
889 2527 982 2574 quod
1009 2541 1011 2547 ⁴

1021 716 1047 747 {5³

1026 1165 1052 1198 ζ’)

1066 560 1255 595 χ(Εἰνὲῐῑῑιῐετ
1293 563 1478 596 Ravennae
1515 562 1557 596 ab

1066 611 1188 650 ilenta
1216 610 1271 646 die
1309 613 1388 646 XII.
1428 612 1666 648 Novembris.
1706 614 1852 660 Propter

1702 216 1789 258 430

1091 259 1214 294 habuit
1241 268 1309 294 tres
1345 259 1552 301 Civitates,
1589 258 1722 295 scilicet
1760 264 1846 295 For—

1091 309 1243 352 livium,
1272 309 1502 354 Faventiam,
1531 308 1569 344 &
1588 309 1760 351 Imolam,
1789 309 1845 346 sed

1092 372 1162 394 non
1197 372 1318 394 omnes
1355 359 1477 395 fimul.
1515 359 1622 394 Unde
1658 359 1701 394 est
1737 359 1847 394 scien-

1092 409 1196 451 dum,
1233 409 1325 456 quod
1363 409 1399 444 in
1428 408 1627 445 MCCXC.
1655 410 1847 457 Stephanus

1092 460 1133 494 de
1153 458 1383 495 Ghinazzano
1406 462 1604 503 Romanus,
1622 458 1754 495 Comes
1777 464 1848 495 Ro-

1094 509 1291 545 mandiolae
1320 524 1381 557 pro
1411 512 1501 559 Papa
1519 538 1528 555 ‚
1566 510 1634 546 fuit
1663 521 1781 558 captus
1810 510 1848 546 in

1594 561 1667 596 illis
1702 561 1742 596 de
1783 562 1849 596 Po-

1095 661 1187 708 quod
1216 660 1469 709 Maghinardus
1491 664 1646 711 Paganus
1672 662 1764 710 cepit
1785 663 1850 697 (ἶί-
1882 709 1885 712 ¹

1095 721 1244 746 Vitatem
1281 712 1494 748 faventiae.
1531 716 1577 748 Et
1614 712 1850 749 Bononienses

1095 763 1264 797 continuo
1306 761 1366 797 sub
1407 772 1502 798 certo
1544 763 1641 799 cursu
1684 773 1849 812 ceperunt

1095 812 1292 847 Civitatem
1320 813 1474 855 Imolae,
1502 812 1540 849 ἃ
1561 824 1746 861 rapuerunt
1766 814 1850 849 stec—

1095 871 1193 905 cata,
1230 861 1268 897 &
1306 862 1550 911 splanaverunt
1587 864 1733 901 foveas.
1773 865 1851 900 Post

1095 913 1177 947 haec
1207 914 1297 960 Papa
1325 913 1418 948 misit
1445 914 1624 950 Comitem
1651 915 1850 951 Bandinum

1095 963 1136 997 de
1172 961 1379 999 Comitibus
1415 964 1542 1000 Guidis
1579 965 1620 1000 de
1665 968 1850 1010 Romena,

1096 1011 1305 1061 Episcopum
1343 1015 1565 1058 Aretinum,
1607 1015 1667 1063 qui
1710 1017 1851 1052 reduxit

1095 1065 1240 1098 Terram
1278 1063 1319 1099 ad
1357 1065 1592 1100 obedientiam
1630 1079 1689 1114 per
1732 1080 1852 1114 pacem

1097 1113 1134 1149 ἃ
1162 1114 1384 1149 concordiam
1402 1143 1411 1151 .
1447 1117 1556 1151 Anno
1584 1121 1666 1152 vero
1694 1116 1854 1164 sequenti

1096 1165 1151 1199 die
1180 1166 1312 1200 XXIII.
1343 1166 1568 1205 Decembris,
1597 1168 1654 1202 die
1683 1168 1852 1204 Domini-

1097 1227 1134 1249 ca
1161 1241 1170 1258 ‚
1215 1215 1256 1249 de
1297 1216 1400 1251 noete
1441 1216 1553 1252 dicius
1595 1217 1851 1266 Maghinardus

1097 1278 1173 1299 cum
1205 1265 1407 1312 quibusdam
1439 1268 1650 1311 Nobilibus,
1681 1267 1773 1304 furto
1795 1283 1851 1305 ce-

1098 1315 1149 1355 pit
1176 1316 1373 1351 Civitatem
1404 1317 1554 1353 Forlivii
1592 1318 1627 1353 in
1662 1332 1727 1366 qua
1757 1321 1852 1369 cepit

1096 1367 1276 1400 Comitem
1306 1366 1575 1414 Aghinulphum
1601 1369 1642 1403 de
1673 1372 1851 1416 Romena,

1096 1414 1235 1450 fratrem
1263 1415 1350 1451 diffi
1378 1417 1562 1466 Episcopi.
1593 1419 1727 1455 Deinde
1752 1422 1851 1458 obse-

1095 1465 1147 1499 dit
1175 1463 1364 1500 Caesenam
1383 1494 1392 1509 ,
1430 1468 1490 1502 ubi
1521 1477 1593 1503 erat
1621 1469 1690 1517 ipse
1717 1470 1852 1508 Comes

1099 1516 1370 1552 Romandiolae.
1401 1517 1477 1552 Post
1505 1517 1587 1554 haec
1612 1522 1719 1555 Anno
1746 1522 1851 1569 quin-

1098 1577 1164 1608 to,
1208 1565 1342 1602 scilicet
1384 1570 1490 1602 Anno
1532 1570 1680 1605 Domini
1723 1573 1853 1609 MCC—

1098 1619 1227 1651 XCVI.
1265 1616 1518 1665 Pviaghinardus
1556 1619 1683 1655 habens
1720 1622 1852 1659 bellum

1098 1680 1173 1701 cum
1188 1668 1460 1703 Bononiensibus
1478 1680 1617 1718 propter
1629 1672 1825 1709 Forlivium
1841 1702 1850 1718 ‚

1098 1718 1192 1764 cujus
1228 1718 1426 1753 dominium
1465 1729 1547 1754 tunc
1585 1722 1749 1758 tenebant
1781 1725 1851 1759 Bo·-

1097 1767 1276 1803 nonienses
1288 1796 1298 1809 ‚
1316 1768 1399 1804 fecit
1416 1770 1755 1808 confoederationem
1773 1787 1852 1810 cum

1097 1820 1220 1852 Azone
1250 1818 1316 1854 HI.
1352 1818 1561 1856 hlarchione
1599 1822 1722 1858 Estenfi
1743 1852 1751 1867 ‚
1789 1825 1852 1871 qui

1096 1868 1256 1903 similiter
1290 1870 1430 1917 parabat
1468 1872 1595 1906 bellum
1631 1883 1750 1909 contra
1781 1876 1850 1910 Bo-

1096 1918 1307 1963 nonienses,
1348 1920 1389 1955 de
1426 1934 1495 1968 quo
1536 1922 1670 1958 dicetur
1712 1926 1848 1971 plenius

1099 1970 1296 2017 Purgatorii
1328 1972 1431 2005 Cant.
1462 1974 1505 2006 V.
1533 1974 1687 2008 Secundo
1716 1974 1848 2011 Calen-

1096 2020 1153 2054 das
1181 2020 1319 2068 Aprilis
1347 2021 1447 2056 venit
1475 2035 1552 2057 cum
1580 2024 1734 2059 exercitu
1765 2039 1849 2062 con-

1070 2080 1148 2117 ¹tra
1177 2071 1352 2114 Imolam,
1389 2085 1493 2117 quam
1531 2074 1694 2110 tenebant
1731 2077 1847 2111 Bono-

1095 2120 1249 2164 menses,
1278 2130 1316 2156 ut
1343 2121 1476 2157 difflmm
1504 2123 1572 2159 est.
1611 2126 1755 2173 Recepit
1784 2127 1847 2162 Ci-

1096 2171 1244 2207 vitatem
1281 2185 1350 2206 non
1388 2171 1455 2208 slne
1491 2187 1618 2223 magno
1653 2175 1780 2212 damno
1813 2179 1848 2213 δε

1094 2222 1259 2257 dedecore
1287 2223 1577 2264 Bononienffirm,
1615 2239 1763 2273 quorum
1792 2242 1846 2264 ce-

1095 2273 1147 2320 pit
1168 2286 1327 2320 magnam
1349 2274 1613 2310 multitudinem
1628 2304 1636 2318 ,
1657 2290 1744 2324 quae
1765 2287 1846 2314 tunc

1093 2332 1165 2358 erat
1187 2324 1237 2358 ibi
1259 2323 1350 2358 circa
1372 2335 1521 2372 quatuor
1539 2327 1692 2362 millium
1709 2355 1716 2362 .
1743 2331 1846 2365 Nunc

1093 2374 1133 2408 ad
1162 2373 1373 2422 propositum
1391 2401 1399 2409 .
1437 2375 1574 2411 Auc‘ior
1601 2377 1764 2414 describit
1792 2381 1847 2427 ip-

1094 2424 1164 2459 sum
1195 2424 1468 2473 Naghinardum
1496 2440 1514 2462 a
1542 2426 1649 2475 Signo
1685 2428 1744 2464 suo
1763 2457 1772 2471 ,
1809 2429 1846 2464 ὅ(

1092 2475 1174 2510 duas
1203 2475 1381 2510 Civitates
1399 2504 1407 2518 ‚
1446 2490 1529 2523 quas
1567 2480 1706 2515 tenebat
1734 2493 1751 2514 a
1780 2478 1844 2515 flu-

1067 2508 1071 2564 l
1094 2525 1247 2560 minibus
1276 2525 1342 2561 suis
1360 2551 1368 2564 .
1397 2526 1540 2563 dicens:

1153 2577 1181 2610 E
1210 2589 1227 2610 e
1282 2588 1301 2610 z

1658 2580 1808 2614 Conduce
