2216 3105
427 205 512 249 479

371 299 470 335 vium
510 303 774 350 apponebantur
823 306 892 342 tria
937 308 1104 345 mensalia
1121 337 1128 345 .

370 349 529 387 Primum
557 366 707 401 quorum
735 356 968 405 colligebatur
987 373 1047 408 per
1067 360 1129 396 do-

369 399 532 438 micellos
557 427 568 443 ,
614 404 914 445 discumbentibus
965 411 1128 447 convivis

368 451 574 494 nobilibus,
616 454 654 492 &
692 470 770 493 cum
799 460 962 496 omnibus
1003 462 1128 510 jocali-

369 501 451 543 bus,
480 504 591 544 vafis,
620 508 774 544 cultellis
802 510 913 546 aureis
942 511 980 547 ἃ
1009 526 1128 561 argen-

367 553 460 593 teis,
505 556 781 603 projiciebantur
824 573 882 607 per
924 561 1128 599 fenestram.

367 605 564 641 secundum
593 607 765 649 mensale,
803 610 840 645 in
869 624 939 659 quo
968 613 1127 649 comede<

368 653 453 689 bant
481 658 624 704 epulas,
653 658 876 709 servabatur;
906 661 1067 699 similiter
1093 665 1126 699 &

367 705 539 746 tertium,
568 720 638 755 quo
666 711 846 757 tergebam
874 724 1021 749 manus.
1063 717 1128 749 Fa·—

368 754 508 792 ciebant
536 768 653 794 autem
682 759 814 796 cibaria
853 762 950 798 varia
984 763 1128 800 insolita

368 802 406 841 δί
434 805 617 856 incognita
645 810 807 847 humanis
850 812 985 863 ufibus;
1039 828 1127 863 quo-

365 856 495 901 modo,
523 857 561 895 &
590 861 767 907 qualiter,
796 863 935 913 nescio;
965 865 1127 912 quamvis

368 906 563 944 audiverim
594 912 724 950 narrari
747 915 858 950 multa
879 914 920 950 de
940 915 1011 960 eis,
1039 929 1127 963 quae

365 958 424 993 vel
467 958 549 995 fista
590 960 669 997 sunt
686 988 694 1002 ‚
737 966 793 999 vel
839 965 990 1001 aliorum
1032 967 1126 1003 dieta

365 1007 525 1045 fuerunt.
562 1014 803 1061 Explorabant
831 1024 947 1051 autem
975 1017 1126 1066 diligen-

365 1067 439 1104 ter,
466 1063 607 1109 quando
634 1064 799 1101 veniebat
827 1067 956 1114 aliquis
982 1080 1126 1116 magnus

364 1110 570 1152 Dominus,
614 1116 669 1150 vel
697 1116 754 1151 vir
782 1124 932 1165 magnae
947 1119 1127 1154 ‘nobilita-

363 1159 430 1196 tis.
459 1164 504 1197 Et
532 1173 651 1200 euntes
679 1163 736 1202 illi
765 1166 802 1202 in
830 1168 1010 1204 occursum
1030 1197 1039 1214 ,
1068 1170 1126 1205 de-

364 1210 538 1249 ducebant
566 1215 669 1252 illum
709 1230 788 1253 cum
818 1232 943 1268 magna
980 1220 1127 1256 celebri-

365 1270 438 1298 tate
466 1264 507 1299 ad
536 1278 656 1302 eorum
694 1269 864 1315 palatium
884 1295 893 1309 ,
936 1284 1015 1306 cum
1054 1284 1127 1306 ma-

364 1326 431 1361 gna
460 1327 608 1363 pompa,
635 1319 669 1352 &
695 1318 914 1355 honorabant
935 1335 1037 1366 eum,
1064 1321 1127 1357 do—

363 1372 486 1401 nantes
515 1379 809 1418 muneramagna
860 1372 893 1406 8<
937 1386 1037 1408 cara.
1081 1375 1126 1408 Et

363 1414 443 1450 heic
473 1416 569 1453 suum
599 1419 775 1467 potiffime
803 1421 990 1469 posuerunt
1018 1422 1123 1458 finem

364 1465 599 1504 insaniffimae
638 1471 812 1514 vanitati,
854 1485 941 1519 quae
985 1473 1124 1508 duravit

364 1515 476 1553 :solum
507 1532 566 1566 per
592 1520 710 1555 decem
741 1521 896 1558 menses.
929 1525 1021 1558 Nam
1051 1523 1125 1559 cito

364 1568 581 1605 devenerunt
608 1570 649 1606 ad
669 1571 851 1619 inopiam,
879 1571 917 1608 ἃ.
942 1572 1026 1608 faeti
1048 1573 1126 1609 su'nt

365 1618 483 1655 fabula
512 1621 634 1668 vulgi,
678 1623 831 1670 paritura
860 1623 992 1672 semper
1018 1624 1124 1660 risum

368 1669 410 1703 ad
439 1671 646 1706 memoriam
675 1673 892 1708 audientium
910 1701 918 1709 .
949 1675 1049 1710 Unde
1076 1675 1126 1711 fa-

366 1719 442 1755 &ae
470 1720 548 1756 sunt
587 1722 674 1758 duae
710 1723 907 1760 cantiones
945 1725 1127 1773 placibiles

366 1770 408 1805 de
435 1769 512 1819 eis3
556 1785 703 1819 quarum
745 1775 852 1809 altera
881 1775 1041 1811 continet
1067 1776 1128 1812 de-

365 1820 466 1856 licias
490 1835 632 1867 corum,
654 1825 687 1858 8<
709 1824 960 1861 deleeiationes
980 1840 1125 1876 eorumg

366 1873 474 1908 altera
503 1877 587 1908 vero
623 1875 842 1911 calamitates
881 1877 915 1911 8(
943 1876 1127 1919 miserias,

367 1936 451 1970 quas
479 1923 633 1960 habituri
663 1935 780 1962 erant.
811 1929 903 1962 Nam
932 1928 973 1962 de
998 1929 1047 1963 rei
1069 1942 1128 1964 ve—

368 1974 473 2009 ritate
501 1975 612 2022 aliqui
641 1990 761 2012 eorum
803 1976 945 2013 iverunt
981 1979 1021 2013 ad
1050 1981 1128 2015 Ho-

369 2024 492 2073 spitale
505 2052 513 2060 .
533 2025 626 2062 Ideo
657 2027 792 2064 Auffior
811 2029 928 2064 voluit
948 2029 1128 2066 dimittere

369 2076 591 2113 memoriam
617 2077 699 2114 aliis
740 2078 777 2114 in
819 2081 1048 2127 exemplum,
1089 2090 1129 2117 ut
1172 2078 1199 2110 Ε

368 2126 583 2163 considerato
621 2128 719 2169 fine,
765 2143 870 2177 quem
911 2130 1128 2176 habuerunt,

370 2176 432 2212 fibi
461 2188 627 2215 caveant.
669 2182 798 2228 Sponte
825 2179 892 2216 hoc
920 2182 1023 2230 tetigi
1053 2183 1128 2218 bre-

371 2227 464 2263 viter
505 2228 584 2264 heic
619 2230 662 2265 de
703 2230 861 2266 vanitate
897 2233 1126 2279 quorumdam

372 2278 567 2315 Senenfium
597 2280 635 2315 in
664 2280 886 2329 particulari.
914 2283 977 2317 Sed
1005 2283 1047 2319 de
1067 2297 1127 2319 va-

370 2328 483 2364 nitate
519 2344 639 2366 eorum
681 2330 717 2365 in
770 2332 950 2367 communi
991 2333 1128 2370 dicetur

368 2379 476 2416 Cant.
504 2383 601 2416 XIH.
632 2382 850 2430 Purgatorii.
881 2385 985 2418 Nunc
1013 2384 1054 2419 ad
1081 2385 1127 2420 li—

369 2440 502 2466 teram.
532 2431 634 2468 Dicit
661 2432 819 2477 Auffmr,
848 2434 940 2480 quod
962 2435 1128 2482 Magister

370 2480 575 2529 Capochius
621 2482 798 2530 respondit
838 2483 921 2524 fibi,
967 2485 1155 2535 adjurans;

368 2545 449 2571 eum
477 2542 598 2569 contra
624 2533 809 2571 Senenses:

1152 2532 1155 2551 Ι

693 193 1164 241 BENVENUTI
1224 199 1678 244 IMOLENSIS

369 249 456 284 rales
492 248 751 294 observantias,
788 254 829 290 ad
870 269 975 293 omne
1002 258 1126 294 convi-
1167 260 1197 294 A

1202 1671 1211 1899 ---—-—-—-————

1860 207 1947 259 480

1289 281 1560 289 -------
1587 265 1715 297 Tranne
1742 262 1771 296 lo
1797 264 1941 303 Stricca,

1237 309 1348 349 Idest‚
1376 311 1499 360 excipe
1526 312 1641 351 mihi.
1677 311 1716 348 ἃ
1753 313 1915 361 excipere
1943 312 2002 350 de-

1239 361 1296 397 bes
1332 361 1486 408 Stricca‚
1522 363 1616 412 quod
1653 376 1781 399 nomen
1823 364 1868 401 est
1897 364 1999 401 unius

1239 412 1411 448 Senenfis:

1291 464 1356 497 Che
1376 464 1469 511 seppe
1491 465 1548 509 sar
1573 466 1602 499 le
1628 475 1794 512 temperate
1814 466 1920 513 spese.

1238 514 1284 548 Et
1312 514 1485 561 loquitur
1511 515 1645 552 ironice
1691 515 1728 552 ὅ(
1766 516 1920 556 irrifive,
1960 531 1999 553 ac

1239 563 1260 598 fi
1288 562 1409 608 dicar,
1438 565 1498 612 qui
1521 565 1605 601 fecit
1632 567 1816 603 immensas
1838 569 1870 602 8<
1893 581 1998 602 vanas

1237 614 1420 662 expensas.
1442 617 1489 649 Et
1508 616 1670 651 nominat
1690 617 1798 654 alium
1819 618 1959 654 dicens:

1288 668 1320 699 E
1349 665 1472 698 Niccolb
1486 677 1508 707 ,⁴
1531 686 1888 693 ---------

1239 715 1386 762 Supple:
1425 715 1458 749 8<
1496 714 1619 763 excipe
1661 715 1750 750 mihi
1780 715 1996 753 Nicolaum.

1238 764 1302 800 Iste
1345 764 1414 799 fuit
1451 778 1537 800 unus
1573 766 1615 800 de
1657 765 1927 814 Bonsignoribus
1957 768 1998 803 de

1241 814 1360 859 Senis,
1388 828 1492 862 quem
1521 815 1687 852 describit
1714 830 1732 852 a
1759 830 1852 854 nova
1872 817 1997 854 inven-

1239 864 1357 905 tione,
1385 865 1470 900 mali
1499 866 1632 907 moris,
1660 867 1803 903 dicens:

1288 935 1517 942 ------
1543 918 1594 951 che
1620 918 1653 952 la
1678 918 1808 960 costuma
1835 919 1914 954 rt'cca

1289 969 1352 1001 Del
1379 966 1537 1010 Garofano
1561 968 1666 1015 prima
1691 969 1877 1016 discoperse.

1237 1017 1311 1062 Qui
1349 1013 1481 1066 pffimus
1517 1017 1554 1053 id
1596 1019 1748 1067 reperit.
1803 1022 1850 1055 Et
1890 1028 1997 1067 nota,

1237 1067 1330 1115 quod
1358 1068 1471 1116 aliqui
1498 1068 1621 1104 dicunt
1638 1094 1648 1109 ,
1677 1069 1769 1117 quod
1797 1070 1857 1106 iste
1886 1071 1998 1107 Nico-

1237 1120 1311 1154 laus
1353 1118 1503 1154 faciebat
1525 1143 1535 1158 ,
1578 1120 1749 1156 famulum
1793 1121 1997 1158 affistentem

1238 1169 1403 1205 mundare
1439 1169 1502 1205 fibi
1531 1170 1767 1207 Garofanum.
1810 1172 1873 1208 Sed
1910 1172 1999 1209 istud

1237 1220 1281 1255 est
1309 1220 1433 1256 vanius
1460 1220 1602 1266 dicere,
1639 1234 1744 1269 quam
1772 1221 1879 1258 fuerit
1907 1222 2000 1259 face—

1237 1284 1290 1306 re.
1321 1271 1401 1306 Alii
1429 1270 1575 1315 dicunt,
1613 1273 1707 1319 quod
1735 1272 1885 1308 faciebat
1912 1274 1998 1322 poni

1235 1321 1458 1357 Gariofolum
1486 1321 1523 1357 in
1552 1323 1696 1372 affatis3
1738 1323 1802 1359 Sed
1838 1323 1898 1359 ista
1925 1337 1997 1360 non

1235 1371 1350 1407 fuisset
1386 1372 1549 1408 inventio
1586 1387 1698 1413 nova,
1743 1387 1806 1410 nec
1846 1374 1995 1423 expensa

1237 1435 1380 1470 magna.
1421 1423 1500 1458 Alii
1529 1422 1678 1467 dicunt,
1715 1424 1807 1471 quod
1846 1425 1998 1461 faciebat

1236 1472 1333 1507 affari
1364 1472 1567 1512 Phafianos,
1597 1472 1634 1509 ὅ(
1662 1476 1824 1521 Capones
1852 1475 1892 1509 ad
1916 1488 1997 1523 pru-

1237 1536 1295 1557 nas
1333 1522 1440 1558 fafflas
1477 1536 1519 1558 ex
1562 1523 1814 1571 Cariophylis.
1855 1527 1901 1560 Et
1930 1525 1996 1560 hoc

1236 1573 1338 1608 credo
1366 1586 1486 1609 verum
1503 1601 1511 1609 .
1540 1574 1636 1619 Quia
1664 1574 1724 1609 ista
1753 1574 1821 1610 fuit
1849 1576 1996 1623 expensa

1181 1637 1196 1657 ,ἒ
1235 1623 1412 1664 maxima,
1442 1624 1637 1660 —noviffime
1676 1624 1860 1660 vanissima
1896 1625 1997 1661 adin—

1233 1684 1361 1712 venta.
1393 1675 1491 1710 Sicut
1518 1676 1551 1709 δέ
1581 1675 1670 1710 aliae
1697 1675 1824 1710 fimiles
1853 1689 1994 1712 narran-

1237 1734 1312 1760 tur.
1351 1721 1426 1770 Qui
1467 1724 1644 1760 faciebant
1680 1725 1784 1773 coqui
1827 1727 1997 1763 Florenos

1236 1776 1273 1810 in
1311 1774 1454 1823 sapore,
1496 1773 1534 1811 ὃς
1576 1775 1659 1810 illos
1700 1785 1912 1824 apponentes
1939 1778 1996 1814 ori

1237 1825 1424 1874 sugebant‚
1461 1824 1499 1861 ἃ
1540 1826 1781 1875 abjiciebant.
1823 1829 1870 1862 Et
1906 1827 1995 1864 dicit

1238 1876 1427 1925 signanter.
1596 1901 1599 1903 -
1912 1886 1913 1892 ¹

1288 1930 1338 1961 Ne
1364 1927 1482 1966 Porto,
1523 1929 1604 1961 dove
1630 1928 1679 1962 tal
1697 1928 1781 1972 seme
1805 1927 1998 1975 s’appt'cca:

1239 1978 1279 2014 In
1307 1977 1468 2013 Civitate
1496 1980 1683 2017 Senarum,
1719 1979 1778 2013 ubi
1817 1991 1905 2014 vana
1933 1992 1996 2027 gu-

1238 2027 1353 2063 lofitas
1381 2028 1549 2064 seminata
1570 2028 1643 2064 cito
1664 2030 1816 2075 pullulat
1851 2031 1883 2064 8<
1920 2043 1996 2076 ger-

1240 2079 1371 2114 minat.
1413 2081 1459 2114 Et
1499 2079 1541 2115 de
1568 2078 1617 2115 rei
1646 2079 1796 2114 veritate
1823 2079 1905 2115 haec
1932 2081 1997 2116 Ci-

1239 2130 1331 2165 vitas
1372 2130 1416 2165 est
1458 2131 1557 2165 velut
1599 2130 1719 2165 hortus
1738 2157 1747 2172 ,
1790 2129 1913 2166 florida
1956 2129 1993 2166 &

1241 2194 1405 2216 amoena.
1432 2184 1480 2216 Et
1508 2180 1622 2216 subdit
1643 2180 1862 2229 Capochius.
1891 2183 1935 2216 Et
1956 2188 1995 2216 ut

1240 2231 1314 2267 cito
1341 2231 1478 2267 dicam:

1290 2285 1322 2317 Ε
1349 2294 1461 2318 tranne
1486 2283 1521 2318 la
1547 2282 1675 2331 brt'gata
1699 2302 1887 2310 -----

1239 2333 1343 2379 Quafi
1372 2334 1487 2369 dicat:
1517 2334 1677 2383 excipere
1696 2347 1767 2369 non
1788 2333 1888 2369 debes
1901 2331 1994 2381 arti-

1239 2383 1319 2419 ficia
1347 2385 1517 2420 vanitatis
1536 2412 1545 2427 ‚

1287 2454 1514 2462 ------
1543 2436 1575 2470 in
1591 2437 1642 2470 cbe
1660 2434 1793 2481 dssperse

1287 2486 1401 2521 Caccia
1419 2485 1577 2531 d’Ascian
1601 2487 1636 2522 la
1660 2486 1784 2533 Vigna,
1818 2497 1833 2518 ε
1852 2484 1886 2519 la
1910 2497 1994 2531 gran

1331 2537 1449 2581 fronda
1464 2563 1473 2571 .

1835 2581 1946 2635 Idest3
