2216 3105
410 241 489 282 579

347 295 429 320 runt
456 285 612 322 conradi
639 286 710 324 viri
739 291 915 327 valentes.
954 291 1038 328 Ideo
1066 291 1107 327 ad
1141 293 1175 326 A

346 335 541 372 tollendam
595 338 924 387 aequivocationem
952 369 963 386 ‚
1021 356 1108 391 quae
1132 339 1133 349 ¹

348 386 471 422 multis
508 386 647 425 inducit
676 403 854 436 errorem,
892 392 977 429 ficut
1014 403 1108 442 patet

348 437 386 472 in
414 436 640 479 Caesaribus.
673 441 918 491 Scipionibus,
946 446 979 479 δε
1009 446 1108 480 mille

349 488 512 525 Familiis
558 490 745 528 illustrium
767 521 777 538 ,
821 493 884 530 ille
927 496 1108 532 Conradus

348 537 462 574 dicit.

395 592 470 625 Non
491 591 549 636 fim
574 592 741 637 l'antico‚·
766 617 782 622 -
808 617 824 622 -
849 616 866 623 -
892 618 910 623 —

346 640 409 688 qui
437 640 505 677 fuit
533 643 633 678 valde
661 644 856 682 virtuosus.

397 712 415 717 ·-
440 713 457 718 -
483 713 500 718 -
525 714 542 718 -
570 697 633 727 Ma
658 695 695 728 di
720 697 769 729 lm·
793 697 929 740 diftefi;

348 754 409 790 per
444 742 573 777 reetam
615 744 746 780 lineam
790 746 989 795 sanguinis.
1032 751 1107 784 Nec
1144 746 1195 778 ss'

347 791 572 840 degeneravit
608 795 649 830 ab
678 809 740 841 eo,
778 797 862 833 ficut
890 799 1028 835 Aufilor
1054 799 1108 835 di-

348 842 398 877 cit
426 843 463 878 in
491 845 596 880 Cant.
625 847 843 893 praecedenti
871 848 913 885 de
940 849 1025 885 filiis
1062 850 1106 886 il-

349 893 525 930 lustrium.
556 895 663 932 Unde
690 899 872 935 Conradus
900 900 1015 948 tangit
1043 900 1107 936 fin-

349 945 502 993 gularem
530 946 645 983 aestum
671 948 815 985 virtutis
843 950 942 996 suae,
966 951 1104 988 dicens:

399 994 450 1030 A’
478 996 551 1031 miei
574 999 680 1044 portal
704 999 728 1033 l'
744 1014 852 1046 amor,

349 1044 459 1090 idest,
488 1047 692 1091 caritatem.

399 1118 415 1123 —
442 1118 458 1123 -
484 1118 501 1124 -
528 1120 546 1125 -
571 1100 621 1134 che
648 1103 702 1147 qui
728 1102 866 1147 raffina.

349 1147 456 1192 Idest,
493 1148 555 1196 qui
593 1150 731 1187 inducit
767 1167 822 1189 me
859 1154 899 1190 ad
938 1156 1109 1205 Purgato-

348 1198 462 1238 rium,
489 1199 550 1235 ubi
578 1201 694 1237 anima
722 1203 908 1249 affinatur,
935 1205 1020 1242 ficut
1048 1221 1108 1242 au·
1144 1199 1173 1233 C

349 1262 425 1284 rum
453 1249 491 1285 in
519 1250 621 1298 igne.
656 1252 762 1290 Unde
789 1265 895 1300 nota,
923 1257 1016 1304 quod
1044 1271 1108 1293 no-

349 1310 444 1335 tatur
470 1301 511 1337 de
537 1302 600 1337 isto
628 1305 814 1351 Conrado,
843 1307 936 1354 quod
965 1308 1107 1344 veniens

350 1352 390 1386 ad
414 1361 562 1389 mortem
583 1353 651 1390 fine
677 1357 795 1403 prole,
821 1358 940 1393 omnia
962 1358 1018 1394 sua
1039 1361 1108 1395 Ca-

349 1403 445 1437 stella
470 1403 657 1440 condivifit
682 1406 774 1443 inter
795 1406 986 1445 Consortes
1012 1409 1108 1450 suOS,

352 1451 387 1488 δί
414 1454 551 1501 praedia
575 1455 744 1500 donavit,
771 1458 959 1495 exhortans
983 1474 1040 1496 eos
1068 1461 1107 1495 ad

351 1504 537 1540 custodiam
567 1507 880 1556 concordiamque.
918 1513 964 1545 Et
991 1519 1107 1546 tamen

351 1554 522 1591 discordia
545 1555 650 1592 hodie
670 1560 895 1595 conturbavit
915 1560 1010 1596 istam
1036 1564 1109 1596 Do-

351 1618 467 1641 mum.
497 1606 594 1642 Sicut
622 1606 659 1643 &
687 1608 779 1656 quasi
808 1619 936 1647 ceteras
966 1613 1108 1648 Italiae.

352 1656 433 1691 Alii
469 1664 586 1692 tamen
617 1669 798 1705 exponunt
835 1660 930 1696 istam
970 1663 1107 1698 literam

351 1706 486 1746 aliter,
525 1706 563 1743 ἃ.
601 1708 754 1752 dicunt,
794 1711 886 1758 quod
928 1713 1110 1748 conradus

353 1758 430 1792 vult
457 1758 594 1798 dicere,
623 1760 715 1806 quod
744 1760 780 1795 in
810 1771 947 1797 tantum
977 1763 1110 1799 amavit

353 1806 428 1843 suos
448 1835 457 1851 ,
495 1807 532 1843 Ec
561 1811 814 1847 exaltationem
846 1814 979 1848 Domus
1008 1813 1084 1850 suae
1102 1842 1110 1857 ‚

353 1858 445 1905 quod
483 1861 640 1908 neglexit
676 1875 780 1909 opera
816 1863 1019 1908 meritoria,
1056 1864 1112 1899 in—

353 1918 469 1945 tentus
497 1910 588 1946 circa
617 1913 846 1959 temporalia,
867 1913 909 1949 de
935 1928 1006 1962 quo
1032 1915 1112 1951 heic

356 1959 531 2006 exspeem
559 1962 717 2010 purgari.

405 2015 451 2051 o,
476 2013 549 2056 diffi
575 2013 811 2052 tui‚-----

358 2060 451 2096 Heic
480 2064 586 2099 Poe'ta
614 2064 716 2111 ponit
743 2064 836 2101 suam
858 2065 1111 2116 responsionem

358 2111 399 2147 ad
425 2111 648 2150 Marchionis
675 2115 907 2162 petitionem,
935 2116 971 2153 ὃ(
998 2119 1114 2153 extol·
1155 2107 1183 2139 E

357 2162 402 2198 lit
429 2164 578 2212 gloriam
608 2165 684 2201 suae
718 2169 851 2202 Domus
879 2181 920 2203 ex
960 2169 1112 2215 generali

357 2213 448 2249 fama
476 2215 636 2251 omnium
668 2216 877 2253 hominurn.
917 2218 1024 2254 Unde
1059 2218 1115 2254 di-

359 2264 430 2300 cit:
470 2267 554 2311 Diffi
579 2267 646 2309 lui,
686 2267 796 2308 idest,
832 2268 889 2304 illi
917 2268 1110 2305 Conrado:

360 2320 387 2349 O
412 2316 622 2353 admirative
649 2318 809 2365 loquitur
826 2345 835 2354 .

409 2389 424 2393 —
441 2389 455 2394 -
472 2389 486 2394 -
505 2389 520 2394 —
544 2379 601 2415 per
625 2369 651 2402 li
677 2369 775 2411 vostri
800 2368 888 2416 paefi

407 2419 535 2453 Giamai
561 2432 621 2453 non
647 2419 715 2461 fui:

358 2467 523 2508 S:ilicet,
551 2482 610 2517 per
630 2470 769 2505 Vallem
798 2472 959 2506 Macrae.
987 2472 1035 2505 Er
1053 2483 1114 2506 ve-

358 2532 434 2554 rum
471 2518 580 2554 dicit:
619 2519 700 2567 quia
737 2520 772 2556 in
811 2518 975 2557 MCCC.
1013 2534 1114 2556 num-

360 2583 463 2619 quam
492 2569 604 2607 fuerat
630 2570 702 2606 ibi.
732 2571 794 2607 Sed
833 2572 904 2620 post
941 2571 1115 2621 expulfio-
1141 2576 1144 2586 ¹

1149 1655 1179 1687 (3

724 229 1162 274 BENVENUTI
1207 232 1619 278 IMOLENSIS

1836 242 1918 294 580

1219 304 1297 327 nem
1335 293 1427 329 suam
1465 294 1538 330 cito
1574 294 1644 330 fuit
1678 293 1751 332 ibi.
1788 298 1851 333 Sed
1887 299 1976 335 licet

1219 356 1290 379 non
1316 343 1440 380 fuerim
1478 345 1530 381 ibi
1567 345 1818 393 personaliter,
1855 357 1973 384 tamen

1219 394 1339 431 audivi
1366 395 1498 444 semper
1525 409 1605 433 vera
1632 397 1673 433 de
1701 398 1819 434 Domo
1847 399 1973 435 vestra.

1221 444 1321 481 Unde
1348 446 1456 482 dicit:

1269 516 1316 523 ——
1332 518 1347 523 —
1363 518 1379 523 —
1404 511 1456 532 ma
1482 499 1562 533 dove
1581 498 1614 540 fi
1638 499 1778 535 dimora.

1220 546 1332 591 Idest‚
1360 547 1397 583 in
1425 561 1492 595 qua
1520 560 1616 596 parte
1645 549 1687 585 fit
1713 549 1909 587 habitatio,

1269 601 1331 632 Per
1356 609 1441 632 tutta
1469 602 1597 646 Europa
1623 621 1640 627 -
1667 622 1682 627 -
1709 622 1726 627 -

1221 648 1280 683 ubi
1308 648 1352 683 est
1380 649 1533 684 maxime
1560 650 1665 685 Orbis
1693 650 1908 689 Christianus
1926 679 1934 691 .

1270 719 1286 724 -
1303 720 1317 724 -
1333 719 1349 724 ·-
1376 698 1461 731 ch'et‘
1476 711 1534 731 non
1555 699 1628 739 fian
1653 700 1784 745 palefi?

1223 747 1324 786 idest,
1362 748 1500 795 publice
1529 748 1698 797 cognita,
1736 759 1876 798 propter
1911 751 1977 787 sm-

1221 800 1374 847 gularem
1404 798 1573 834 virtutem
1604 799 1821 836 vestrorum?
1846 804 1893 839 Et
1917 802 1977 838 de-

1220 850 1328 884 clarat
1356 848 1408 888 se,
1436 848 1573 885 dicens:

1271 903 1321 934 La
1343 900 1457 943 fama,
1484 901 1535 934 che
1560 905 1595 936 la
1620 901 1724 944 vostra
1750 902 1834 948 Casa
1858 917 1951 939 onora
1967 928 1977 942 2

1220 950 1332 995 idest,
1374 950 1615 986 honorabilem
1657 952 1771 989 reddit
1806 953 1846 989 in
1882 954 1977 990 testi-

1221 1001 1381 1037 monium
1409 1001 1575 1037 virtutis.

1269 1054 1372 1087 Grida
1398 1052 1410 1086 i
1435 1053 1565 1100 Signori
1585 1078 1595 1091 ,
1620 1074 1637 1080 ·
1664 1075 1680 1080 -
1707 1075 1723 1081 -

1219 1103 1323 1143 idest,
1352 1103 1504 1139 celebrat
1527 1104 1561 1138 ὃ(
1589 1104 1767 1153 praedicat
1792 1105 1975 1141 Marchio-

1219 1168 1277 1190 nes
1304 1153 1519 1202 Malaspinas
1537 1181 1545 1196 ,

1270 1227 1286 1232 -
1303 1227 1317 1232 -
1334 1227 1347 1232 -
1376 1219 1391 1239 ε
1413 1205 1510 1252 grida
1533 1205 1566 1239 la
1592 1207 1776 1246 Contrada,

1270 1258 1307 1291 52
1335 1256 1386 1291 che
1413 1269 1449 1290 ne
1479 1256 1518 1301 sa
1544 1256 1595 1290 chi
1621 1270 1680 1290 non
1707 1258 1746 1291 vi
1777 1257 1818 1301 su
1844 1270 1973 1293 ancora.

1220 1309 1264 1343 Et
1292 1307 1335 1342 fic
1363 1306 1481 1348 fama,
1518 1319 1623 1355 quam
1660 1320 1780 1343 omnes
1817 1307 1973 1345 famant,

1219 1371 1287 1393 non
1310 1358 1354 1393 est
1373 1357 1521 1393 omnino
1549 1357 1705 1406 perdita,
1732 1367 1771 1393 ut
1789 1359 1868 1393 vult
1890 1356 1975 1393 Phi-

1218 1408 1407 1456 losophus.

1269 1462 1316 1493 Et
1343 1459 1371 1492 io
1397 1458 1435 1492 vi
1457 1458 1568 1505 giuro.
1595 1479 1612 1484 -
1639 1480 1655 1485 -
1681 1480 1698 1485 -

1220 1509 1311 1545 Heic
1341 1511 1446 1544 Poeta
1474 1508 1511 1542 in
1539 1508 1701 1555 singulari
1729 1509 1877 1545 extollit
1899 1511 1975 1544 Do-

1221 1573 1314 1595 mum
1353 1557 1605 1594 Marchionum
1643 1572 1661 1594 a
1697 1558 1832 1607 duplici
1860 1559 1976 1594 virtu·

1221 1621 1255 1646 te
1272 1635 1283 1650 ,
1320 1623 1406 1658 quae
1435 1608 1590 1644 maxime
1618 1611 1791 1657 competit
1818 1609 1906 1645 viris
1933 1609 1979 1645 il-

1221 1661 1401 1699 lustribus,
1430 1659 1564 1694 scilicet
1592 1659 1805 1695 Liberalitas
1825 1658 1863 1695 ἃ,
1891 1662 1979 1695 Pro-

1223 1712 1335 1753 bitos,
1373 1709 1457 1744 adeo
1493 1709 1586 1756 quod
1614 1709 1720 1744 etiam
1759 1709 1896 1757 aliquos
1923 1710 1981 1746 vi-

1223 1761 1329 1796 tiosos
1358 1759 1512 1795 reddidit
1539 1758 1734 1808 gloriosos.
1770 1762 1816 1795 Et
1845 1760 1981 1808 adjurat

1223 1812 1265 1847 fic
1293 1810 1386 1854 esse,
1424 1823 1483 1858 per
1518 1809 1552 1845 id
1590 1810 1682 1855 quod
1721 1811 1874 1846 maxime
1909 1810 1982 1847 fuit

1224 1863 1399 1911 adjuratus
1426 1874 1444 1895 a
1472 1860 1655 1896 Conrado.
1684 1860 1791 1896 Unde
1819 1861 1933 1896 dicit:

1275 1916 1320 1948 Et
1348 1913 1376 1946 io
1401 1912 1442 1946 vi
1462 1912 1573 1958 gimo,
1599 1910 1626 1944 s’
1642 1912 1670 1944 io
1695 1911 1731 1945 di
1752 1911 1846 1958 sopra
1870 1912 1981 1951 vada,

1225 1963 1384 2006 scilicet,
1421 1962 1462 1996 ad
1498 1961 1671 1997 summum
1709 1960 1850 1997 Montis
1877 1963 1980 2011 opera

1227 2012 1402 2061 Vergilii,
1430 2013 1464 2046 8<
1491 2011 1602 2061 gratia
1631 2012 1725 2058 Dei,

1276 2065 1341 2098 Che
1366 2063 1472 2105 vostra
1493 2073 1647 2110 gente—-
1663 2083 1681 2089 —

1226 2116 1330 2158 idest,
1358 2112 1486 2162 genefis
1503 2141 1513 2158 ,
1549 2112 1646 2149 suum
1674 2127 1781 2162 genus
1808 2112 1981 2163 Mal-aspi*

1227 2179 1375 2209 norum,

1277 2238 1322 2244 --
1338 2238 1356 2243 -
1382 2225 1495 2250 onrata
1520 2229 1581 2249 non
1602 2215 1634 2256 [ι’
1652 2215 1781 2263 sregfa,

1227 2268 1330 2312 idest,
1358 2266 1530 2303 honorata
1552 2279 1622 2302 non
1643 2265 1828 2302 deornatur
1848 2267 1881 2302 δε
1902 2265 1982 2315 spo»

1227 2320 1336 2354 liatur

1280 2369 1345 2405 Det
1383 2369 1490 2416 pregtb
1527 2369 1567 2403 de
1608 2369 1644 2403 la
1681 2368 1783 2413 Barsa
1820 2382 1837 2402 e
1872 2368 1911 2402 de
1949 2367 1983 2400 la

1329 2421 1464 2466 spada.

1229 2469 1332 2510 idest,
1359 2468 1605 2507 Liberalitatis
1631 2468 1669 2505 ὃ(
1698 2465 1910 2504 Probitatis„

1455 2522 1517 2555 Ad
1544 2520 1626 2564 Vers.
1654 2520 1758 2554 ultim.

1280 2575 1322 2606 Se
1347 2570 1425 2614 συνῇ)
1449 2570 1489 2604 dt'
1507 2570 1649 2616 gt'udicio
1672 2581 1733 2603 non
1757 2566 1933 2610 s'arresta.

1872 2617 1935 2653 Iste
