2216 3105
430 210 515 250 mx

371 266 445 289 ram
475 253 590 288 istam.
626 251 686 288 Ad
723 267 826 301 quam
854 267 946 289 nunc
974 262 1125 289 reverte—
1162 253 1195 287 A

369 316 423 338 re.
445 303 546 339 Dicit
566 317 647 352 ergo
667 306 787 339 Frater
803 305 1005 340 Catellanus
1028 306 1122 338 Dan-

367 352 424 388 ti:
465 356 541 390 Nos
576 354 645 390 duo
679 355 785 398 Presi,
826 354 909 390 idest
945 354 1047 389 eleffii
1084 353 1121 390 &

369 404 531 452 accepti,
560 405 706 448 insieme,
736 405 777 440 ad
806 418 912 440 unum
941 404 1120 443 officium,

367 453 409 488 ad
438 467 545 490 unum
573 455 699 494 finem,
726 458 770 490 da
795 466 851 490 tua
878 459 996 498 Terra,
1025 455 1119 490 scili-

367 512 424 539 cet
452 505 630 540 Flotentia
656 506 714 541 tufi
742 506 872 553 patrici,

417 558 479 589 Per
504 556 664 600 confer-var
683 556 745 600 sua
767 566 841 602 pace
866 576 1053 582 -----

367 617 454 652 quae
489 614 563 640 erat
603 614 686 640 tunc
713 605 750 640 in
779 604 934 652 periculo
962 604 999 640 δε
1029 604 1118 652 peri-

366 654 569 691 clitatione.
596 657 643 690 Et
670 668 748 690 ecce
774 654 952 702 quomodo
980 654 1118 690 fuerunt

365 705 484 740 vocati
512 719 529 740 a
558 704 772 740 Florentinis
791 731 801 746 ‚

413 758 506 789 Come
532 754 605 795 [ποῖ’
624 753 695 800 effer
720 756 795 789 tolto
821 754 953 788 un'uom
974 755 1116 801 solingo,

362 803 467 849 idest,
495 804 670 840 solitarius
687 832 696 849 ‚
725 804 838 840 solus.
867 803 972 850 Quasi
1000 804 1116 848 dicat,

362 854 447 890 ficut
490 855 577 890 solet
613 855 731 891 vocari
774 854 989 890 Florentiam
1029 868 1116 890 unus

362 904 454 940 solus
482 905 630 940 Potestas
648 933 657 949 ,
699 918 790 941 nunc
831 904 970 940 fuerunt
997 904 1114 940 vocati

363 955 432 991 duo
468 955 510 991 ad
551 956 706 1004 regimen
742 954 934 992 Civitatis.
971 957 1017 990 Et
1045 968 1113 990 non

363 1019 515 1054 exponas
551 1007 698 1053 solingo,
741 1005 849 1045 idest,
890 1004 1114 1044 solitarium,

362 1055 448 1091 ficut
468 1056 579 1104 aliqui
600 1064 802 1104 exponunt,
824 1055 978 1091 dicentes
992 1082 1000 1098 ,
1021 1056 1114 1102 quod

363 1106 551 1153 aliquando
579 1106 665 1141 solet
690 1106 867 1149 accidere,
895 1105 987 1152 quod
1008 1105 1114 1141 homo

362 1155 538 1191 solitarius
580 1156 784 1192 abstrahitur
819 1170 837 1191 a
864 1155 1054 1191 solitudine
1081 1157 1114 1191 ὃς

360 1206 531 1254 religione
558 1207 600 1242 ad
628 1206 788 1242 sedandas
816 1205 1003 1241 discordias
1020 1233 1030 1248 ‚
1057 1208 1114 1241 vel

361 1257 597 1306 gubernandas
624 1257 814 1305 dignitates
831 1281 841 1296 ,
868 1256 953 1292 ficut
981 1256 1114 1292 dietum

360 1307 405 1342 est
441 1307 539 1355 supra
574 1307 615 1343 de
651 1306 849 1343 Coelestino
885 1309 989 1343 Cant.
1018 1309 1114 1342 XIX.

361 1357 424 1393 Sed
460 1357 504 1393 fic
541 1357 695 1393 dicentes
731 1357 895 1406 ignorant
935 1357 1110 1392 historiam

359 1407 464 1443 sagii.
502 1407 609 1443 Unde
645 1417 750 1446 nota,
787 1407 880 1454 quod
916 1406 1009 1442 inter
1045 1407 1112 1442 alia

359 1467 540 1506 praecepta
582 1459 734 1505 Regulae
769 1457 911 1492 istorum
953 1459 1111 1491 Fratrum

358 1507 403 1543 est
440 1521 567 1546 unum,
610 1507 745 1542 scilicet
780 1507 873 1554 quod
914 1519 985 1541 non
1027 1507 1112 1542 affu-

357 1567 456 1593 mant
484 1556 623 1606 publica
650 1556 801 1599 Officia,
837 1555 899 1591 nifi
929 1570 991 1603 pro
1020 1557 1110 1592 bono

356 1607 472 1656 pacis,
513 1607 597 1642 ficut
624 1606 731 1655 heic;
772 1608 805 1641 8<
844 1607 935 1653 quod
963 1619 1032 1641 non
1061 1607 1108 1642 fe-

355 1666 432 1693 rant
460 1670 578 1698 arma,
607 1656 669 1692 nifi
700 1670 760 1705 pro
788 1656 980 1692 defenslone
1010 1657 1107 1693 Fidei

353 1709 387 1742 8<
409 1706 661 1742 Ecclefiasticae
684 1706 878 1742 libertatis,
905 1709 952 1742 Et
972 1707 1107 1747 subdit,

353 1757 532 1804 quomodo
572 1757 728 1792 fecerunt
774 1757 1014 1801 contrarium,
1054 1758 1107 1792 di-

353 1820 452 1843 cens:

401 1878 630 1884 ------
657 1860 689 1891 E
710 1857 828 1900 summo
853 1857 916 1891 tali
931 1884 941 1900 ,

349 1892 455 1949 idest,
483 1908 569 1943 tales
596 1907 867 1943 conservatores
896 1906 988 1954 pacis
1006 1934 1015 1951 ‚

399 1956 458 1992 Ch‘
478 1970 569 1992 :mcor
598 1957 630 1999 fi
660 1968 737 2004 pare
773 1958 895 1992 intorno
929 1958 986 1992 dal
1023 1961 1105 1992 Gar-

447 2008 562 2054 clinga.

347 2057 450 2103 Quafi
480 2058 598 2093 dicat:
630 2057 740 2093 adhuc
768 2066 934 2105 apparent
962 2057 1102 2106 vestigia

346 2118 502 2143 veterum
546 2107 724 2143 ruinarum
761 2108 988 2151 Florentiae,
1016 2122 1101 2155 qua—

345 2171 422 2193 rum
464 2157 594 2193 fuimus
637 2158 810 2193 Auffiores
827 2184 835 2193 .
879 2158 1100 2206 Guardingus

344 2208 439 2243 enim
468 2216 540 2242 erat
567 2221 609 2242 eo
635 2216 792 2254 tempore
821 2221 886 2242 una
907 2210 1099 2248 Comi-ata,

343 2257 405 2292 ubi
427 2256 565 2292 fuerunt
586 2259 722 2292 Domus
743 2257 960 2293 Ubertorum
977 2282 987 2297 ,
1013 2271 1099 2305 quae

342 2307 588 2355 principaliter
615 2306 752 2342 fuerunt
773 2306 959 2342 destructae
979 2321 997 2342 a
1020 2307 1099 2343 fun-

341 2356 535 2395 damentis,
557 2357 655 2403 juxta
675 2356 837 2391 Sanssum
861 2358 1000 2392 Petrum
1019 2360 1098 2393 Sca-

340 2407 499 2445 radium,
551 2407 649 2454 juxta
692 2406 867 2441 Palatium
916 2407 1096 2448 Priorum,

341 2457 401 2492 ubi
428 2456 515 2491 stant
551 2456 656 2491 hodie
689 2457 827 2492 Leones
869 2457 1066 2494 Florentiae
1086 2485 1094 2493 .

340 2507 405 2543 Sed
441 2507 483 2543 de
518 2506 619 2543 omni
653 2519 690 2543 re
728 2506 801 2542 cito
837 2505 881 2542 est
917 2506 1123 2545 vindiffia„

1165 712 1199 745 ω

1189 1552 1191 1598 ζ
1219 1568 1280 1589 rem
1302 1555 1459 1602 peffimam
1481 1557 1585 1600 sacis.

705 192 1657 237 BENVENUTIIMOLENSIS
1840 198 1928 251 &4

1236 254 1328 288 Nam
1378 253 1597 302 Loderingus
1646 251 1873 293 Gibellinus‚
1923 253 1985 303 qui

1233 301 1344 338 fuerat
1371 303 1490 348 causa,
1527 304 1619 351 quod
1658 304 1793 340 nobiles
1829 305 1984 352 Guelphi

1232 352 1272 388 de
1300 354 1478 390 Florentia
1506 356 1781 402 expellerentur,
1818 356 1852 390 δ(
1889 354 1982 402 quod

1231 416 1350 439 eorum
1388 404 1522 440 Palatia
1558 405 1829 449 destruerentur,
1872 405 1982 452 postea

1231 453 1299 489 fuit
1325 454 1486 502 expulsus
1513 455 1554 490 de
1583 455 1760 490 Florentia
1798 468 1875 490 cum
1913 455 1981 490 suis

1231 503 1473 543 consortibus,
1515 504 1551 540 ἃ
1580 505 1658 540 aliis
1687 505 1864 540 nobilibus
1891 505 1981 540 Ghi-

1200 590 1202 595 .
1232 554 1394 639 beniFis'
1430 556 1463 590 ὃς
1502 555 1630 602 palatia
1670 569 1788 591 eorum
1825 555 1981 591 funditus

1199 614 1201 625 ¹
1229 617 1309 639 ever
1326 618 1343 639 a
1359 631 1367 639 .

1403 607 1564 649 Quorum
1593 605 1711 640 ruinae
1739 606 1848 641 adhuc
1878 619 1982 653 appa-

1228 662 1304 690 rent
1341 654 1520 689 Bononiae
1562 654 1659 700 juxta
1686 655 1845 690 Studium
1874 655 1982 703 Legi-

1198 703 1371 740 3starum.
1409 703 1586 739 Catellani
1628 704 1664 738 in
1706 713 1822 739 totum
1849 704 1981 739 defece-

1197 753 1330 803 flunt,
1371 767 1433 789 nec
1471 752 1605 800 aliquid
1642 762 1782 802 apparet
1822 754 1863 788 de
1903 754 1980 798 eis,

1198 807 1199 810 ’
1227 803 1289 838 nisi
1317 804 1442 839 Turris
1470 803 1550 839 satis
1579 804 1671 848 alta,
1699 817 1786 852 quae
1806 803 1902 853 saepe
1928 803 1980 839 so-

1198 896 1199 899 *
1225 854 1275 889 let
1302 853 1503 890 fulminari.

1462 906 1524 939 ,Ad
1552 905 1633 950 Vers.
1663 917 1743 941 120.

1277 955 1468 1001 ‚Qsmlunque
1491 954 1578 1001 paffa
1596 980 1605 994 ,
1633 969 1711 989 come
1738 955 1766 989 ei
1788 955 1862 1002 pesa
1885 956 1975 1001 pria.

1197 996 1198 1000 Ἰ
1227 1005 1292 1039 Per
1327 1005 1392 1038 hoc
1429 1013 1544 1040 autem
1573 1005 1709 1041 Αιιὸὶοι·
1746 1007 1862 1052 pulcre
1890 1005 1977 1053 figu-

1196 1098 1198 1101 Υ
1225 1064 1298 1091 rar,
1335 1054 1427 1101 quod
1456 1055 1643 1103 hypocrisis
1684 1055 1777 1090 istius
1805 1054 1873 1090 suit
1900 1055 1978 1090 fun-

1224 1104 1424 1140 damentum
1453 1105 1612 1141 omnium
1651 1107 1841 1140 malorum.
1882 1105 1977 1150 Quia

1224 1154 1335 1202 ipsum
1359 1155 1554 1191 Dominum
1572 1155 1721 1191 nostrum
1740 1155 1852 1199 Jesurn
1870 1155 1976 1191 Chri-

1195 1202 1197 1240 1'
1223 1204 1330 1244 stum,
1359 1215 1528 1253 quantum
1557 1206 1593 1242 in
1621 1205 1653 1242 se
1680 1206 1724 1241 est
1741 1230 1750 1244 ‚
1779 1205 1974 1253 capiunt&

1193 1277 1195 1287 1
1223 1255 1423 1304 decipiunt.

1463 1259 1555 1293 Nam
1583 1256 1642 1292 sub
1670 1258 1786 1292 colore
1815 1257 1897 1291 boni
1925 1255 1974 1290 fa-

1223 1305 1321 1341 ciunt
1367 1320 1491 1354 magna
1530 1307 1655 1342 damna
1695 1308 1729 1341 &
1765 1315 1973 1341 nocumenta

1222 1356 1320 1392 aliis.
1362 1357 1459 1392 Sicut
1500 1357 1641 1405 quidam
1681 1355 1882 1392 Cardinalis
1911 1369 1972 1390 vo-

1191 1432 1193 1437 .
1221 1406 1294 1440 lens
1321 1407 1485 1446 obviare,
1521 1420 1564 1442 ne
1600 1407 1741 1454 quidam
1770 1404 1972 1441 Canonicts

1220 1455 1336 1490 Sancii
1366 1456 1459 1491 Petri
1488 1466 1751 1504 promoveretur
1778 1455 1818 1490 ad
1845 1454 1972 1490 Cardi-

1219 1506 1375 1540 nalatum
1404 1505 1497 1541 dixit
1526 1509 1657 1555 Papae:
1695 1510 1792 1540 Pater
1827 1505 1966 1547 Sanft'e,
1964 1519 1972 1526 ·

1626 1560 1712 1591 Nam
1748 1555 1884 1596 Ecclefia
1910 1559 1970 1590 Pe-

1218 1605 1261 1638 tri
1288 1608 1456 1640 remanebit
1481 1607 1583 1651 desole
1587 1618 1620 1641 ra
1647 1606 1693 1644 ·
1718 1606 1858 1649 deserta,
1895 1606 1970 1651 quja

1218 1656 1304 1689 homo
1339 1656 1392 1698 rste
1426 1656 1467 1698 es¹
1503 1667 1595 1703 pater
1631 1657 1673 1689 &⁴
1705 1667 1855 1702 purorms
1883 1655 1970 1695 istius

1218 1705 1332 1739 nobilis
1357 1706 1528 1747 Ecclesiae,
1569 1706 1705 1751 diligens
1731 1705 1838 1746 Custos
1863 1707 1969 1738 Suda-

1218 1755 1282 1793 rii,
1320 1766 1365 1793 ω
1392 1756 1527 1789 omnium
1555 1770 1652 1789 r’zemm
1689 1756 1848 1799 sacrarum
1875 1755 1970 1788 Beati

1216 1805 1323 1840 Petri.
1368 1807 1421 1840 Ita
1457 1805 1541 1841 fecit
1569 1805 1767 1841 Cardinalis
1795 1805 1836 1839 de
1865 1806 1969 1839 Prato

1216 1854 1252 1889 in
1282 1855 1453 1891 elec‘iione
1480 1855 1679 1891 Clementis
1708 1858 1752 1890 V.
1774 1864 1812 1890 ut
1833 1854 1968 1889 dietum

1215 1904 1260 1939 est
1286 1905 1322 1940 in
1351 1908 1454 1941 Cant.
1482 1908 1578 1941 xix.
1606 1908 1652 1941 Et
1679 1905 1730 1940 ita
1758 1904 1883 1953 poffem
1913 1904 1968 1939 di-

1215 1968 1288 1990 cere
1315 1954 1356 1991 de
1384 1956 1503 1991 mille.

1445 2007 1506 2040 Ad
1533 2006 1615 2050 Vers.
1647 2018 1730 2053 140.

1260 2055 1319 2090 Poi
1343 2054 1438 2101 diffie.
1467 2057 1544 2091 Mal
1569 2067 1703 2092 contava
1729 2057 1763 2090 la
1790 2055 1938 2102 bIfiagna.

1209 2104 1296 2141 Idest
1322 2105 1408 2141 falso
1435 2107 1572 2142 dicebat
1600 2107 1709 2145 illud,
1738 2106 1830 2153 quod
1859 2119 1962 2153 expe-

1208 2155 1326 2192 diebat
1353 2156 1476 2201 nobis,
1518 2157 1600 2204 quia
1638 2157 1810 2192 fallaciter
1836 2155 1961 2192 docue—

1207 2214 1260 2241 rat
1297 2220 1377 2251 eos,
1414 2207 1506 2255 quod
1542 2207 1634 2242 irent
1684 2206 1725 2242 ad
1761 2206 1961 2249 dexteram,

1208 2256 1291 2304 quia
1317 2257 1519 2293 invenirent
1546 2259 1663 2301 viam,
1691 2256 1728 2293 &
1745 2256 1960 2292 mentieban-

1208 2316 1287 2355 tur3
1330 2307 1386 2343 sed
1424 2309 1589 2344 volebant
1630 2309 1790 2343 reducere
1830 2319 1887 2341 eos
1922 2305 1959 2340 in

1208 2358 1370 2404 laqueum
1407 2360 1440 2394 8<
1477 2359 1626 2394 retinere
1666 2358 1705 2393 in
1745 2357 1852 2393 Curia
1878 2355 1957 2397 sua,

1208 2406 1292 2443 ficut
1319 2409 1363 2443 est
1390 2408 1431 2444 de
1458 2419 1530 2445 arte
1558 2407 1850 2445 Baratteriorum›
1878 2416 1958 2439 cum

1209 2458 1398 2494 mendaciis
1439 2459 1593 2495 detinere
1631 2458 1788 2494 homines
1823 2455 1883 2490 diu
1919 2453 1957 2489 in

1178 2509 1335 2552 Curia.
1356 2510 1461 2554 Quod
1482 2510 1616 2558 optime
1636 2507 1819 2544 confirmat
1839 2517 1957 2589 exlem-

1849 2568 1869 2604 Ρ
1887 2568 1908 2590 o
