2216 3105
416 237 497 278 559

354 280 543 328 praesumit
570 282 603 317 &
632 281 781 332 insurgit
809 292 930 319 contra
958 286 1111 342 Impera-

353 339 486 365 torem.
525 333 571 367 Et
608 333 692 369 bene
721 333 891 382 judicium
929 335 1029 370 venit
1056 334 1111 370 su—

354 393 414 425 pra
450 381 584 418 difflum
620 383 857 426 Marcellum,
894 398 973 420 nam
1002 399 1110 444 quum

354 431 480 467 Caesar
507 434 772 470 clementiffime
800 435 952 471 donasset
973 435 1033 471 fibi
1055 435 1110 471 vi-

353 489 425 516 tam
441 509 450 524 ,
478 483 620 542 quidam
650 484 765 521 servus
785 485 858 534 ejus
879 485 1110 522 crudeliffime

352 532 472 580 gladio
492 534 644 574 eripuit.

403 583 473 617 fio·
468 597 561 629 τῆνα
588 599 630 619 m
632 600 652 620 a
678 607 949 614 -------

353 634 459 668 Poeta
511 634 644 676 noster,
693 649 736 671 ne
778 635 938 672 videatur
976 637 1108 672 oblitus

352 682 429 718 luae
458 685 679 725 Florentiae,
718 685 760 721 de
787 699 854 733 qua
890 686 982 722 nihil
1009 687 1108 722 dixe-

353 742 406 769 rat
444 733 553 769 adhuc
593 734 629 770 in
657 711 720 770 ssto
750 736 980 784 purgatorio,
1023 737 1109 772 facit

351 782 535 842 specialem
579 784 795 821 invectivam
843 795 963 822 contra
1003 800 1108 831 eam,

352 847 455 881 quam
486 834 578 871 inter
604 836 782 872 Civitates
803 836 928 872 Italiae
954 837 1108 884 praesens

351 885 535 932 negotium
564 886 699 935 tangit.
739 889 785 922 Et
812 886 1006 934 alloquitur
1034 901 1108 923 eam

351 935 481 983 pulcris
510 935 779 982 scommatibus,
808 938 978 973 continuo
997 937 1110 973 ironi-

353 998 458 1034 zans;
488 987 577 1022 unde
605 987 719 1023 dicit:

402 1038 562 1083 Fiorenza
603 1039 686 1077 mia,

453 1098 540 1123 tenta
567 1087 638 1126 (stc.

587 1142 651 1174 Ad
677 1140 759 1184 Vers.
793 1152 872 1186 142.

403 1188 492 1234 Verso
520 1189 556 1224 di
582 1199 632 1233 te,
660 1191 710 1224 che
731 1190 784 1234 fai
810 1201 899 1225 tanto
920 1190 1026 1235 sottt'lt'

400 1240 657 1280 Provedimenti,
685 1240 763 1276 ch'a
783 1254 889 1286 mezzo
911 1243 1087 1276 Novembre

402 1293 474 1325 Non
486 1304 607 1337 gtunge
622 1292 692 1337 quel
703 1315 713 1330 ,
740 1293 790 1325 che
805 1302 840 1325 tu
854 1291 887 1326 d'
899 1291 1110 1336 Ottobrefili.

352 1340 455 1387 Quasi
484 1341 598 1381 dicat,
636 1341 729 1388 quod
757 1341 947 1389 aliquando
975 1345 1111 1377 Statura

352 1394 385 1426 ὃς
423 1390 677 1426 Ordinamenta
719 1401 778 1427 tua
819 1405 889 1427 non
933 1392 1112 1428 servantur

352 1455 411 1489 per
439 1441 589 1477 mensem
630 1455 709 1477 cum
751 1442 923 1477 dimidio.
967 1445 1013 1478 Et
1041 1456 1111 1477 non

352 1492 514 1527 videatur
554 1492 622 1527 tibi
665 1492 841 1528 irridenda
884 1492 1112 1539 metaphora,

352 1542 435 1590 quia
463 1542 508 1577 est
536 1541 700 1590 propria.
730 1543 819 1576 Vult
847 1542 939 1576 enim
970 1542 1109 1577 dicere:

353 1595 468 1641 Opera
505 1601 564 1627 tua
592 1592 670 1627 sunt
709 1591 880 1635 feminea,
918 1590 954 1626 ὃ(
993 1605 1112 1639 parum

356 1642 502 1680 durant,
530 1643 563 1676 δε
592 1641 665 1676 cito
693 1651 924 1688 rumpuntur,
955 1651 992 1676 ut
1013 1642 1112 1677 filum

354 1691 533 1735 mulieris,
585 1691 673 1727 licet
718 1691 903 1727 videantur
952 1691 1114 1729 subtilia.

355 1746 402 1778 Et
430 1742 495 1777 hoc
524 1741 676 1777 declarat
705 1750 848 1790 petens:

406 1797 537 1839 chante
563 1793 648 1826 volte
674 1812 987 1819 --------

358 1842 462 1882 idest,
491 1842 673 1877 multoties
690 1867 699 1881 ‚

407 1913 593 1920 -----
620 1893 684 1927 Del
712 1901 832 1936 tempo,
861 1892 911 1926 che
936 1892 1116 1933 rimembre‚

360 1943 464 1987 idest,
492 1952 648 1991 tempore
677 1942 789 1978 nostro
817 1942 1005 1978 recordaris
1022 1971 1031 1987 ,

411 1994 479 2029 Has·
506 2004 540 2028 tu
567 2003 686 2028 mutato

411 2049 537 2091 Legge,
564 2065 791 2071 ------

362 2095 456 2141 Quia
484 2094 583 2130 omni
611 2094 667 2130 die
696 2093 785 2129 fiunt
822 2093 873 2129 ibi
911 2106 1022 2130 novae
1051 2098 1118 2131 Re-

362 2145 613 2193 formatione83
636 2145 728 2192 quod
749 2144 793 2179 est
810 2144 987 2186 peffimum
1003 2170 1010 2183 ,
1033 2159 1119 2192 quo-

364 2197 457 2232 niam
476 2224 486 2239 ‚
514 2204 552 2231 ut
579 2195 668 2230 dicit
698 2194 949 2243 Philosophus,
976 2195 1117 2241 affixas&-

363 2261 394 2281 re
421 2258 540 2282 mutare
567 2249 685 2293 Leges,
713 2246 754 2287 efl
779 2244 937 2290 affitescere
964 2259 1022 2279 non
1050 2247 1119 2281 obe-

364 2299 430 2331 dire
457 2295 619 2344 Legibus-3
661 2296 741 2331 ideo
778 2298 889 2343 Leges
917 2295 1023 2331 etiam
1052 2298 1118 2333 mi-

364 2361 427 2383 nus
455 2348 564 2382 bonae
592 2346 669 2381 sunt
697 2345 900 2382 servandae.

414 2418 599 2424 -----
627 2400 779 2436 Moneta,
807 2418 822 2423 —
849 2418 864 2422 -
891 2417 908 2423 ·-
934 2418 950 2423 -
977 2417 992 2424 -

363 2448 459 2495 Quia
487 2460 594 2483 novas
622 2447 783 2496 pecunias
810 2446 990 2486 fecerunt,

413 2518 726 2527 --------
753 2497 799 2534 &³
823 2496 932 2541 Officio
958 2519 974 2524 -
1001 2519 1015 2523 —
1042 2520 1058 2525 -

364 2549 459 2596 Quia
497 2561 587 2584 nunc
624 2548 818 2592 Consules,
860 2560 951 2582 nunc
987 2547 1117 2584 Antia-

364 2615 452 2641 nos,
480 2611 570 2636 nunc
600 2598 733 2634 Priores
762 2597 975 2635 habuerunt.

732 1039 789 1074 ben
832 1039 908 1084 puni
942 1037 1013 1085 effer
1040 1053 1109 1074 con-

698 222 1166 268 BENVENUTI
1202 227 1646 272 IMOLENSIS

1148 286 1192 320 A

1864 241 1917 277 60

1272 307 1585 315 --------
1612 303 1627 323 e
1652 289 1809 332 Costume.
1837 247 1856 289 5

1221 337 1316 383 Quia
1351 350 1464 374 mores
1491 349 1673 375 mutantur
1707 340 1759 376 ibi
1787 340 1827 376 de
1854 341 1910 377 die
1936 342 1974 377 in

1220 388 1335 432 diem,
1380 389 1462 436 quia
1506 390 1704 426 Florentini
1746 390 1973 427 discurrentes

1221 451 1279 486 per
1305 439 1471 474 mundum
1489 466 1500 483 ,
1537 449 1715 488 reportant
1754 441 1869 476 varios
1896 454 1973 477 rno-

1221 502 1271 524 res
1316 488 1590 548 alienigenarum
1626 491 1663 527 in
1701 491 1856 540 partibus
1884 491 1974 535 suis,

1220 537 1355 575 scilicet
1390 539 1427 574 in
1465 541 1613 587 patriam
1649 541 1766 586 suam,
1810 550 1849 577 ut
1876 550 1973 591 potes

1222 589 1338 625 videre
1365 589 1403 624 in
1432 590 1638 626 mulieribus
1665 605 1808 627 eorum.

1333 643 1396 675 ..Ad
1420 642 1515 674 Cant.
1540 652 1574 686 7.
1596 642 1678 684 Vers.
1705 645 1763 689 89.

1271 693 1326 725 Da
1361 688 1461 771 ἵιιεβο
1495 687 1592 734 balzo
1631 692 1743 737 meglio
1775 692 1828 738 gli
1862 692 1925 728 atti
1952 706 1965 726 c

1320 752 1361 773 vo
1377 749 1402 772 tt

1270 789 1460 832 Conoscerete
1486 788 1541 823 voi
1566 789 1603 823 di
1628 789 1707 824 tutti
1732 791 1863 837 quanti,

1270 840 1337 873 Che
1363 853 1399 873 ne
1425 838 1458 872 la
1477 840 1563 874 lama
1584 840 1646 885 gila
1672 851 1722 875 tra
1749 841 1800 886 effi
1825 841 1951 876 accoltt'.

1222 889 1330 932 Idest,
1367 889 1471 936 quam
1499 888 1522 924 s1
1549 890 1662 925 effetis
1690 890 1867 939 aggregati
1896 903 1977 927 cum

1220 940 1269 975 eis
1306 939 1399 974 intra
1435 939 1535 975 illam
1574 940 1759 989 planitiem
1789 949 1976 980 cavatam,

1220 990 1260 1025 ad
1297 989 1554 1029 denotandum,
1596 991 1688 1038 quod
1716 991 1807 1026 fama
1834 991 1977 1027 istorum

1220 1040 1395 1076 interdum
1423 1040 1535 1088 magis
1562 1040 1660 1076 sonat
1680 1055 1698 1076 a
1719 1042 1843 1089 longe,
1871 1042 1977 1089 quam

1221 1104 1238 1126 a
1267 1104 1396 1140 prope,
1423 1090 1524 1138 juxta
1551 1090 1641 1126 illud
1669 1091 1878 1127 Claudiani.

1272 1168 1296 1184 φ,
1324 1162 1339 1167 -
1367 1162 1384 1167 -
1411 1162 1427 1167 -
1443 1162 1469 1181 .-
1496 1141 1612 1174 minuit
1634 1142 1811 1186 praesentia
1838 1142 1979 1186 famam.

1271 1192 1390 1231 Calui,
1418 1191 1469 1225 che
1492 1192 1553 1235 pits„
1574 1191 1659 1232 stede
1684 1193 1749 1227 alto
1759 1211 1942 1231 -----

1222 1241 1313 1277 Heic
1341 1242 1514 1277 Sordellus
1542 1241 1704 1278 nominat
1741 1241 1882 1290 spiritus
1910 1242 1979 1278 ele-

1221 1292 1348 1328 &iores
1367 1321 1375 1337 ,
1390 1293 1423 1327 &
1444 1292 1558 1339 primo
1576 1292 1860 1341 principaliorem
1879 1291 1979 1327 Prin-

1222 1343 1358 1390 cipem,
1400 1342 1536 1378 scilicet
1573 1356 1679 1377 unum
1710 1345 1978 1390 Imperatorem.

1223 1393 1280 1428 Ad
1298 1394 1395 1441 cujus
1416 1392 1657 1440 cognitionem
1678 1391 1722 1426 est
1739 1391 1854 1440 primo
1870 1391 1980 1426 scien—

1223 1444 1327 1486 dum,
1364 1442 1457 1490 quod
1496 1441 1699 1487 Rodulphus
1742 1455 1864 1489 genere
1891 1443 1978 1477 Ger-

1225 1505 1365 1531 manus,
1402 1491 1554 1530 Comes,
1591 1501 1688 1539 pater
1715 1491 1884 1534 Atheni,
1922 1491 1979 1526 sua

1226 1542 1399 1591 probitate
1440 1541 1550 1576 faetus
1594 1541 1638 1576 est
1666 1543 1748 1576 Dux
1786 1540 1982 1588 potentissi—

1225 1606 1319 1628 mus.
1351 1594 1443 1628 Nam
1470 1591 1655 1639 acquisivit
1676 1591 1850 1627 Austriam
1865 1619 1874 1635 ‚
1895 1604 1982 1639 quae

1226 1643 1370 1678 vacabat
1398 1651 1511 1677 morte
1540 1643 1670 1684 Ducis,
1699 1641 1759 1688 qui
1788 1641 1899 1676 fuerat
1923 1641 1981 1676 de—

1226 1693 1397 1740 capitatus
1435 1691 1597 1726 fimiliter
1633 1704 1710 1726 cum
1753 1691 1982 1726 Conradino.

1227 1743 1335 1789 Cujus
1364 1741 1448 1776 fecit
1477 1743 1610 1775 Ducem
1650 1741 1838 1775 Albertum
1868 1740 1984 1776 filium

1230 1793 1346 1827 suum.
1386 1793 1432 1825 Et
1460 1791 1619 1839 regnavit
1649 1790 1853 1838 Rodulphus
1881 1790 1981 1826 annis

1230 1845 1304 1877 XX.
1332 1843 1379 1876 Et
1401 1841 1530 1876 eleffius
1551 1843 1743 1887 Imperator
1763 1840 1886 1876 habuit
1906 1854 1984 1889 gra—

1231 1907 1271 1928 ve
1299 1893 1431 1927 bellum
1459 1904 1537 1926 cum
1577 1893 1669 1938 Rege
1706 1890 1894 1926 Bohemiae
1923 1904 1984 1937 po·

1233 1942 1423 1978 tentiffimo
1485 1944 1592 1976 Anno
1647 1940 1795 1976 Domini
1857 1942 1985 1975 MCC-

1231 1994 1416 2029 LXXVH.
1445 1991 1519 2036 Qui
1549 1991 1705 2039 potentia
1732 1990 1769 2025 ὅ(
1806 1991 1986 2037 opulentia

1232 2044 1287 2078 sua
1314 2041 1561 2090 indignabatur
1588 2054 1703 2090 parem
1729 2040 1809 2076 fibi.
1841 2042 1984 2088 Propter

1232 2108 1262 2139 q·
1258 2093 1322 2129 uod
1354 2091 1557 2140 Rodulphus
1585 2105 1663 2126 cum
1692 2104 1819 2139 magno
1851 2089 1888 2126 ὃς
1917 2090 1985 2126 for-

1233 2145 1261 2179 ti
1298 2142 1454 2178 exercitu
1490 2142 1560 2177 ivit
1601 2150 1721 2177 contra
1763 2154 1866 2177 eum.
1912 2140 1986 2176 Cui

1235 2197 1308 2230 Rex
1338 2202 1498 2241 potenter
1525 2193 1699 2235 occurrit,
1742 2190 1779 2227 ἃ
1808 2191 1988 2227 commiffo

1233 2244 1402 2280 acerrimo
1419 2242 1553 2290 proelio
1570 2242 1663 2278 inter
1686 2251 1757 2278 tam
1777 2241 1881 2277 fortes
1906 2254 1988 2290 gen—

1232 2304 1307 2335 tes,
1336 2297 1411 2329 Rex
1439 2293 1627 2329 Bohemiae
1647 2293 1720 2328 acie
1746 2301 1917 2341 peremtus
1944 2291 1988 2326 est

1233 2359 1310 2381 cum
1340 2343 1587 2393 magnastrage
1613 2345 1822 2380 bellatorum
1839 2369 1847 2378 .
1872 2344 1918 2377 Et
1944 2341 1988 2377 fic

1235 2399 1392 2444 Regnum
1421 2394 1610 2429 Bohemiae
1645 2394 1745 2430 venit
1785 2393 1844 2428 sub
1871 2393 1991 2441 jugum

1235 2446 1433 2492 Rodulphi.
1453 2445 1516 2480 Sed
1537 2445 1648 2492 postea
1668 2444 1753 2480 fecit
1774 2455 1889 2490 pacem
1912 2454 1990 2477 curn

1234 2496 1310 2532 filio
1339 2495 1444 2544 Regis
1483 2495 1639 2539 mortui,
1680 2494 1717 2530 ἃ
1760 2493 1843 2530 fecit
1878 2491 1992 2540 ipsum

1238 2546 1357 2583 venire
1393 2547 1433 2581 ad
1470 2545 1502 2581 se
1543 2545 1716 2583 sedentem
1758 2543 1796 2579 in
1832 2542 1907 2578 sede
1935 2555 1992 2590 per

1870 2605 1943 2628 me—
