2216 3105
288 203 389 271 -453—
416 265 433 271 -
458 264 474 270 —
501 265 516 271 —
542 244 578 278 di
605 246 666 279 Val
690 245 726 279 di
752 248 895 292 Μαένα.

238 297 336 332 Haec
363 294 478 330 Vallis
514 296 709 343 appellatur
748 295 852 331 hodie
880 296 994 332 Luni—
1019 304 1021 331 2

239 346 317 381 sana
344 358 362 379 a
389 344 550 380 civitate
577 347 699 381 Lunae
727 345 965 394 antiquiffima
982 374 993 391 ‚
1019 337 1022 389 l,

238 396 280 430 de
306 408 373 442 qua
399 394 532 431 dietum
554 395 599 431 est
618 396 724 432 alibi.
754 398 794 432 In
819 410 886 444 qua
907 399 994 432 Val-

237 446 272 481 le
311 445 471 481 habitant
511 446 737 482 Marchiones
775 447 1022 496 Malaspinaef

187 512 189 514 ·
240 494 494 543 antiquissimi,
531 496 572 531 de
608 498 734 545 quibus
776 497 817 534 fit
859 499 994 534 mentio

240 545 278 582 &
305 547 559 582 commentatio
587 561 712 596 magna
739 548 776 583 in
805 551 910 584 Cant.
933 551 994 584 IX.

241 596 460 645 purgatorii.
496 599 620 633 Macra
648 607 764 634 autem
792 600 837 635 est
866 599 994 635 fluvius

238 646 454 695 impetuosus
471 675 480 692 ‚
521 648 582 696 qui
618 649 751 684 labitur
777 663 837 698 per
864 650 994 685 diFtam
1021 670 1023 675 .

241 698 403 737 Vallem,
431 708 470 733 ut
496 699 632 734 dicetur
658 699 709 735 ibi
737 698 775 735 ἅ
803 699 910 736 alibi.

290 748 378 782 Ch'&
403 749 439 782 di
465 748 583 784 torbidi
610 750 721 784 nuvoli
747 752 910 790 involuto,

241 798 347 837 mest,
384 799 446 847 qui
482 813 591 848 vapor
627 800 886 837 turbationibus
924 801 996 837 bel-

238 849 340 885 licis.

291 903 324 935 E
351 914 403 935 con
430 901 575 948 tempesta
603 902 770 949 impetuosa
798 902 840 936 &
866 916 971 949 agra,

241 951 337 996 Quia
365 964 491 999 magno
512 952 645 1000 impetu
667 952 775 988 irruet
796 962 916 988 contra
938 953 997 988 Pi-

240 1001 382 1037 storium
399 1026 409 1041 ,
437 1000 475 1037 ἃ
504 1015 599 1037 more
627 1003 861 1051 tempestatis,
898 1003 997 1039 illius

242 1061 381 1100 gentem
403 1052 590 1099 prosternet
610 1052 824 1102 impetuose.
853 1056 900 1090 Et
919 1067 997 1090 ecce

240 1101 476 1149 tempestatem
507 1103 616 1138 belli:

293 1155 393 1198 ξορρ-,τ
419 1164 524 1199 campo
549 1154 644 1187 Picen
664 1153 716 1198 fia
743 1156 927 1190 combnttuto
941 1168 961 1197 ‚-

242 1202 350 1245 mest,
377 1202 414 1238 in
442 1216 524 1250 agro
553 1203 745 1240 Pistorienfi
775 1219 887 1254 pugna
918 1204 998 1241 fiet.
1024 1200 1027 1266 ἱ

240 1253 288 1286 Et
316 1252 392 1287 heic
419 1263 501 1287 nota
518 1278 528 1291 ,
557 1254 648 1300 quod
679 1254 825 1290 Picenus
845 1257 997 1304 appella·
1024 1269 1027 1275 ‘

241 1311 300 1337 tur
341 1301 445 1338 hodie
486 1305 547 1338 illa
587 1304 685 1351 regio
729 1306 874 1349 Italiae,
911 1319 998 1353 quae

240 1365 333 1387 nunc
371 1353 565 1399 appellatur
600 1355 761 1389 Max-chia
799 1357 996 1391 Anconita-

240 1415 304 1438 na.
333 1404 379 1437 Et
409 1403 574 1437 Picenum
604 1406 796 1451 appellatus
833 1405 877 1440 est
905 1419 998 1440 cam-

240 1466 304 1502 pus
340 1453 428 1500 apud
473 1453 678 1493 Pistorium,
719 1455 757 1489 in
798 1468 868 1501 quo
909 1456 995 1490 olim

239 1503 432 1538 debellatus
473 1502 542 1538 fuit
583 1502 769 1548 Catilina,
821 1513 860 1540 ut
902 1515 998 1554 patet

240 1553 328 1599 apud
357 1553 576 1589 Sallustium.
617 1557 664 1590 Et
700 1565 739 1591 ut
775 1554 904 1595 fertur,
946 1557 996 1592 ibi

240 1604 285 1638 est
321 1603 425 1639 hodie
466 1603 679 1645 Castellum,
717 1606 810 1652 quod
851 1616 998 1642 vocatur

240 1654 441 1690 Picentium
478 1656 582 1702 longe
610 1669 628 1690 a
667 1656 816 1692 Pistorio
843 1670 903 1706 per
929 1657 997 1693 tria

240 1703 430 1739 milliaria.

266 1755 328 1788 Ad
356 1757 450 1789 Cant.
477 1757 577 1790 XXV.
601 1756 682 1795 Vers.
706 1756 971 1803 antipenultimo:

292 1807 340 1838 Et
359 1818 411 1838 era
430 1806 522 1851 quei,
549 1805 600 1839 che
620 1806 669 1851 sol
686 1806 792 1841 de’tre
811 1809 994 1855 compagm',

292 1856 357 1888 Che
383 1867 501 1889 vermer
523 1856 651 1901 prima,
691 1870 750 1891 non
777 1871 829 1892 era
856 1869 994 1893 mutam.

241 1904 357 1949 Quia,
386 1914 424 1940 ut
452 1905 566 1953 patuit
593 1906 712 1955 supra,
741 1916 808 1943 tres
829 1907 915 1944 socii
936 1922 995 1956 ap—

241 1965 427 2000 paruerunt
455 1956 553 1992 slmul
581 1957 696 2004 primo
723 1958 901 1998 Aussori,
929 1959 996 1995 {ci-

242 2004 327 2040 licet
366 2007 544 2054 Angelus,
581 2007 721 2048 Bofius‚
757 2010 791 2043 8<
830 2009 994 2049 Faenius,

243 2068 391 2102 quorum
420 2057 487 2091 duo
516 2058 582 2104 jam
613 2057 691 2093 sunt
719 2059 872 2099 mutati,
901 2059 995 2095 scili-

243 2115 299 2140 cet
339 2108 528 2152 Angelus,
569 2106 608 2142 ἃ
648 2108 794 2144 Bolius.
838 2110 1022 2145 Restabat'

242 2168 324 2203 ergo
354 2156 494 2192 Puffiius
523 2157 639 2197 solus,
679 2158 721 2194 de
757 2160 854 2207 cujus
882 2169 995 2195 muta-

243 2205 341 2241 tione
377 2206 515 2242 *auc-{or
559 2221 629 2243 non
668 2209 823 2245 intendit
859 2210 1020 2250 dicere‚1

242 2256 323 2303 quia
353 2256 434 2292 satis
462 2257 506 2292 est
524 2258 652 2293 ostensa
677 2259 807 2303 triplex
829 2260 993 2296 transfor-

241 2307 353 2342 matio
389 2307 426 2342 in
468 2307 603 2355 triplici
642 2308 752 2357 specie
779 2309 912 2348 furum.
949 2313 995 2347 Et

241 2357 370 2392 ultimo
398 2357 575 2403 specificat
595 2359 726 2404 alium,
753 2361 815 2407 qui
840 2370 912 2396 erat
933 2375 995 2397 nu-

241 2420 301 2455 per
326 2418 514 2444 renovatus
542 2410 579 2444 in
606 2409 697 2454 hoc,
725 2410 859 2447 scilicet
887 2414 998 2447 Guer-

239 2459 311 2493 tius
353 2459 394 2494 de
436 2459 736 2497 Cavalcantibus.
789 2461 850 2497 Iste
889 2463 998 2498 Miles

1021 739 1026 820 l

589 186 834 228 COMMEN
843 187 889 228 T.
920 187 985 230 IN
1013 185 1145 232 DAN
1153 185 1239 227 TIS
1267 185 1508 229 COMOED.

1028 250 1063 284 A

1020 719 1024 729 ι
1041 699 1069 733 B

1024 1181 1025 1187 ,
1041 1153 1069 1186 C

1039 2058 1065 2091 E

1716 204 1744 244 4
1755 205 1769 232 Ῑ
1785 217 1787 220 ⁴

1075 276 1077 281 .
1105 244 1175 280 tius
1202 244 1243 279 de
1270 243 1549 281 Cavalcantibus
1585 245 1626 282 de
1654 207 1833 284 Floreniia
1850 275 1860 289 ,

1074 287 1166 345 {qui
1202 293 1271 329 fuit
1310 294 1443 330 occisus
1490 296 1531 330 ab
1574 295 1776 333 hominibus
1819 300 1861 335 de

1075 351 1078 355 '
1104 344 1251 393 quadam
1282 345 1381 380 Villa
1408 346 1611 381 Comitatus
1640 348 1862 393 Florentiae,

1105 408 1192 443 quae
1220 405 1366 431 vocatur
1393 396 1560 432 Gaville.
1601 398 1656 432 Ex
1684 410 1754 445 quo
1782 407 1863 434 nata

1105 445 1149 481 est
1177 459 1300 494 magna
1328 459 1449 494 guerra
1476 446 1568 482 inter
1605 449 1836 483 Cavalcantes
1854 476 1863 492 ‚

1104 495 1143 532 ὃ(
1172 496 1389 543 ρι’τιεάἱξὶοε.
1418 499 1464 532 Et
1493 497 1597 533 multi
1625 511 1668 533 ex
1706 498 1780 533 illis
1807 511 1865 533 ru-

1105 547 1196 582 sticis
1226 548 1262 581 in
1290 547 1487 583 vindiRam
1515 547 1694 584 intersedii
1726 548 1865 584 fuerunt

1106 598 1149 632 ab
1176 596 1246 633 istis
1277 598 1489 634 Nobilibus.
1519 599 1601 634 Ideo
1622 599 1760 635 Αυξῖοὶ·
1782 612 1865 647 apo-

1106 647 1258 695 strophat
1286 648 1326 683 ad
1355 648 1465 696 ipsam
1493 649 1629 685 Villam
1658 650 1797 685 dicens:

1158 697 1198 733 L'
1213 699 1295 733 altro
1321 712 1373 733 era
1399 701 1469 746 quel
1494 721 1725 727 ------

1109 747 1266 793 scilicet,
1294 750 1460 785 Guertius
1488 750 1572 800 fur;

1159 820 1346 826 -----
1373 801 1423 834 che
1450 812 1484 835 m
1510 802 1643 836 Gaville
1667 802 1802 850 pingni.

1109 849 1191 885 idest
1215 874 1225 889 ‚
1262 851 1377 898 ploras
1399 878 1408 894 ,
1446 853 1528 899 quia
1564 854 1694 888 multas
1737 862 1867 889 mortes

1108 909 1249 936 tuorum
1277 900 1394 936 vidisti
1423 915 1482 949 per
1522 911 1670 938 mortem
1701 903 1798 939 istius
1826 916 1866 938 u-

1108 951 1211 987 nius:
1252 960 1394 1000 propter
1429 951 1522 1000 quod
1551 953 1654 989 habes
1681 953 1867 991 materiam

1109 1000 1286 1049 planfiius.

1133 1053 1194 1087 Ad
1220 1055 1315 1087 Cant.
1346 1055 1466 1088 XXVI.
1501 1055 1545 1089 ad
1574 1054 1655 1099 Vers.
1684 1055 1842 1103 primum.

1159 1103 1262 1145 Gadi,
1291 1103 1448 1149 Firmze,
1472 1106 1528 1151 poi
1554 1105 1708 1150 chese's)
1724 1107 1868 1153 grande.

1110 1154 1190 1187 Hoc
1218 1152 1307 1188 dicit
1334 1153 1371 1188 in
1399 1154 1648 1202 obprobrium,
1686 1170 1724 1192 ac
1761 1157 1784 1192 fi
1814 1156 1870 1192 di*

1111 1212 1187 1237 cat:
1235 1205 1292 1238 Tu
1322 1217 1390 1239 non
1431 1215 1527 1253 potes
1568 1207 1712 1246 laetari,
1754 1208 1868 1243 immo

1107 1253 1207 1288 debes
1236 1254 1361 1289 tristari
1389 1255 1422 1289 8<
1463 1257 1725 1306 verecumdari3
1761 1259 1869 1304 poich&

1103 1303 1185 1348 se’ii
1209 1307 1351 1350 grande.
1380 1305 1435 1339 Est
1462 1306 1555 1341 enim
1579 1308 1759 1343 Florentia
1784 1310 1867 1343 vere

1111 1367 1234 1401 magna
1263 1354 1555 1401 multiplicitate,
1584 1358 1721 1393 ambitu
1750 1371 1869 1394 muro-

1109 1416 1207 1441 rum,
1236 1405 1424 1440 altitudine
1452 1406 1659 1451 domorum,
1686 1410 1720 1443 8<
1743 1408 1867 1446 multi-

1109 1453 1232 1488 tudine
1260 1453 1522 1491 habitatorum.
1551 1458 1633 1492 Ideo
1660 1458 1778 1494 dicit:

1159 1504 1225 1538 Che
1249 1516 1304 1550 per
1331 1519 1414 1539 mare
1440 1520 1455 1539 e
1479 1518 1535 1553 per
1563 1518 1645 1542 terra
1664 1510 1747 1543 batti
1766 1509 1868 1547 l'alt'.

1110 1553 1194 1589 [dest
1210 1579 1220 1593 ,
1249 1555 1346 1590 volas
1375 1569 1434 1603 per
1461 1569 1554 1592 mare
1581 1560 1615 1592 8:
1639 1572 1696 1605 per
1718 1569 1841 1596 terram
1857 1588 1866 1597 .

1112 1607 1189 1640 Hoc
1227 1604 1337 1649 dicit,
1379 1606 1461 1654 quia
1499 1609 1697 1644 florentini
1740 1610 1870 1646 discur-

1110 1665 1189 1690 runt
1218 1654 1287 1690 fere
1316 1669 1374 1705 per
1402 1666 1517 1693 totum
1546 1659 1737 1700 mundum,
1777 1674 1870 1698 mare

1109 1704 1149 1741 ὅ(
1177 1716 1302 1741 terras.
1332 1709 1378 1742 Et
1405 1709 1497 1755 quod
1527 1708 1571 1744 est
1598 1711 1716 1758 pejus,

1161 1759 1193 1790 E
1218 1767 1272 1803 per
1298 1758 1328 1790 lo
1344 1757 1462 1801 ’inferno
1480 1759 1505 1792 il
1518 1770 1570 1793 tuo
1587 1761 1868 1808 nomefispande.

1111 1809 1156 1841 Et
1183 1807 1343 1854 loquitur
1370 1817 1441 1842 tam
1470 1808 1511 1844 de
1540 1809 1680 1846 Inferno
1715 1813 1839 1848 morali
1858 1837 1868 1852 ‚

1109 1870 1213 1904 quam
1252 1857 1293 1893 de
1330 1859 1523 1899 essentiali,
1565 1861 1648 1907 quia
1688 1861 1725 1897 in
1769 1863 1869 1899 omni

1109 1921 1231 1956 genere
1260 1921 1445 1955 pravorum
1474 1910 1645 1946 vitiorum
1665 1940 1674 1953 ,
1703 1913 1739 1947 in
1767 1913 1867 1948 omni

1108 1971 1230 2005 genere
1266 1958 1543 2007 suppliciorum,
1584 1962 1723 1997 Aufilor
1765 1964 1867 2009 ponit

1108 2010 1238 2044 multos
1275 2008 1316 2044 de
1359 2020 1460 2057 gente
1498 2010 1574 2046 sua.
1618 2013 1723 2057 Quod
1761 2013 1864 2049 facile

1108 2068 1202 2106 patet
1231 2058 1436 2095 discurrenti
1478 2074 1538 2109 per
1564 2070 1680 2097 totum
1713 2063 1861 2099 Librum

1108 2109 1258 2144 inferni.
1280 2111 1417 2145 Tamen
1440 2112 1554 2159 plures
1574 2112 1690 2160 posuit
1710 2113 1751 2149 de
1772 2113 1861 2154 suis,

1105 2173 1191 2205 quos
1220 2160 1345 2195 melius
1371 2171 1540 2205 noverat,
1569 2176 1672 2211 quam
1698 2163 1739 2199 de
1759 2165 1859 2200 aliis.

1106 2210 1207 2245 Unde
1235 2212 1321 2245 bene
1347 2211 1440 2247 vidit
1468 2212 1508 2247 de
1536 2214 1615 2248 aliis
1636 2214 1771 2261 magnis
1797 2215 1861 2251 Ci-

1106 2260 1274 2296 vitatibus
1316 2260 1454 2309 aliquos
1494 2263 1644 2299 Nobiles
1680 2263 1781 2300 fimul
1808 2265 1861 2301 so-

1106 2311 1216 2347 ciatos
1242 2311 1294 2347 ire
1321 2311 1362 2346 ad
1391 2312 1596 2349 furandum.

1367 2364 1429 2398 Ad
1457 2364 1540 2409 Vers.
1566 2376 1601 2411 7.

1154 2414 1218 2447 Ma
1251 2412 1287 2457 se
1327 2412 1420 2460 preffo
1459 2415 1494 2449 al
1535 2415 1650 2450 manin
1678 2417 1731 2451 del
1756 2429 1813 2451 ver
1832 2416 1864 2459 fi

1199 2463 1300 2509 sogna
1319 2475 1330 2510 3

235 2517 380 2545 vocatus
405 2509 448 2545 est
469 2511 644 2547 Dominus
666 2512 866 2548 franciscus
887 2515 997 2549 Guer-
1023 2508 1030 2548 l
1077 2501 1081 2537 1
1104 2512 1196 2549 Heic
1234 2513 1372 2549 Λιιὸὶοι·
1408 2527 1450 2549 ex
1488 2515 1676 2564 praemiffis
1719 2517 1860 2564 arguit,

1151 2566 1185 2598 D
1214 2563 1234 2598 d
1263 2576 1284 2599 2
1719 2566 1813 2614 quod
