2216 3105
430 211 516 266 635‘

708 211 1182 258 BENVENUTI
1223 213 1666 261 IMOLENSIS

1853 225 1938 276 636

418 288 433 295 -
460 289 475 294 -
504 288 520 294 —
547 267 589 304 ha
604 267 663 316 gh>
681 270 706 305 l’
716 286 758 307 un
776 273 829 320 pio
849 277 957 309 dentre
978 276 1012 310 la
1025 274 1124 321 foffa,
1154 275 1199 311 ἸΑ
1287 277 1351 310 Ma
1376 275 1476 323 quello
1511 277 1576 312 inte
1590 291 1602 312 ι
1611 300 1622 317 ,
1661 291 1676 312 e
1711 276 1827 312 ritener
1850 281 1895 314 mi
1918 278 1994 324 pia·

369 317 452 374 quia
480 318 578 355 fessus
606 320 703 379 senio
731 322 914 361 videbatur
949 326 1018 374 jam
1047 339 1126 376 pro-

368 380 485 405 ximus
512 380 643 408 morti:

417 420 482 454 Che
507 422 581 463 tollo
605 423 759 471 piagnerd
785 427 857 473 quel
882 427 1074 470 Monistero,

364 469 446 519 quia
475 470 611 509 scilicet
637 476 830 521 morietur,
866 476 904 513 &
942 479 1015 514 luet
1043 491 1125 525 poe-

363 534 445 557 nam
474 523 623 573 injuriae
650 525 761 562 faRae
788 526 906 563 sancio
927 529 1027 565 loco.
1050 531 1125 564 Un-

365 572 407 608 de
434 573 544 610 dicit:

418 628 449 661 E
477 626 564 670 rrtsto
582 627 637 672 fia
661 627 821 663 d'avervi
845 639 944 663 avuto
969 628 1072 675 possa.

363 676 534 718 Scilicet,
575 678 613 712 in
650 677 763 724 ipsum
793 679 912 714 nobile
948 679 1124 714 Monaste-

363 727 476 762 rium.
513 729 560 761 Et
595 728 633 762 in
662 728 728 762 hoc
769 729 878 764 tacite
905 730 1021 777 arguit
1049 731 1123 765 Do-

362 775 478 811 minos
506 778 737 825 temporales,
779 777 841 825 qui
868 778 993 825 injuste
1019 792 1124 816 occu-

363 836 446 874 pant
476 827 565 863 bona
588 827 842 867 Ecclefiarum,
869 838 929 865 aut
951 828 1123 878 indignis-

363 875 456 912 simis
496 878 664 915 tradunt.
705 880 753 914 Et
798 878 944 929 affignat
987 880 1121 917 causam

364 927 503 964 dicens:

413 979 528 1013 Fen-h&
548 980 605 1024 suo
623 979 722 1027 figlio
732 1001 957 1020 ------

363 1027 498 1065 scilicet
513 1054 525 1070 ,
552 1029 735 1078 Josephum
757 1044 765 1066 :

412 1100 429 1107 -
455 1101 471 1107 —
497 1102 513 1107 -
540 1102 556 1107 —
583 1082 649 1115 mal
674 1083 726 1116 del
752 1092 838 1129 corpo
865 1082 987 1128 intera,

363 1129 430 1164 hoc
458 1129 570 1171 dicit,
596 1131 679 1179 quia
707 1142 780 1168 erat
808 1133 975 1169 claudus:

412 1183 444 1215 E
470 1182 558 1216 della
583 1193 683 1216 mente
706 1183 841 1230 peggtb,
868 1204 885 1210 -
911 1204 928 1210 -
954 1204 970 1210 -
996 1203 1013 1211 -

365 1230 447 1279 quia
474 1241 547 1267 erat
574 1245 700 1281 pravus
727 1234 875 1269 animo:

454 1303 470 1309 -
497 1304 514 1310 -
540 1304 556 1309 -
583 1297 598 1317 e
624 1283 676 1317 che
703 1285 767 1319 mal
794 1297 931 1331 uaeque,

364 1332 447 1379 quia
488 1346 532 1369 ex
581 1333 749 1371 damnato
794 1335 893 1371 coitu
935 1343 1124 1384 conceptus

363 1382 496 1419 fuerat:

415 1437 469 1468 Ha
493 1434 576 1481 posto
602 1435 635 1470 in
654 1437 744 1483 luogo
769 1436 807 1470 di
825 1436 884 1481 suo
904 1436 1014 1479 Pallor
1031 1450 1123 1472 vero.

367 1485 487 1528 Quum
516 1494 633 1522 tamen
655 1486 738 1522 effer
765 1487 866 1535 lupus
887 1500 1011 1535 rapax.
1041 1487 1123 1522 Fuit

363 1534 458 1570 enim
487 1534 596 1572 homo
622 1536 802 1572 violentus
819 1564 830 1581 ,
871 1536 912 1572 de
941 1537 1042 1572 noffle
1070 1537 1124 1573 di-

364 1583 519 1621 scurrens
555 1599 615 1633 per
663 1585 826 1622 suburbia
871 1600 949 1622 curn
992 1587 1096 1622 armis
1113 1613 1124 1627 ‚

364 1634 501 1682 rapiens
531 1637 642 1671 multa
659 1663 670 1678 ‚
699 1635 737 1672 ὅ(
766 1637 900 1685 replens
928 1638 1124 1673 meretrici-

365 1686 428 1720 bus
455 1687 572 1722 locum
601 1685 705 1722 illum
723 1714 732 1721 .
760 1689 807 1722 Et
833 1687 902 1722 fuit
929 1688 1018 1723 alius
1047 1689 1124 1723 Ab·

367 1736 424 1770 bas
461 1735 586 1782 Joseph
627 1736 666 1772 in
706 1737 805 1772 dieb
844 1738 950 1778 loco.
991 1737 1123 1785 spurius

367 1785 510 1821 Alberti
539 1786 687 1833 junioris
715 1786 830 1822 fratris
858 1786 1027 1827 Mastini,
1055 1787 1125 1824 sce-

366 1836 510 1871 leratior
537 1836 605 1871 illo
632 1837 767 1883 primo.
807 1837 889 1873 Ideo
917 1838 1001 1873 bene
1029 1838 1124 1874 dice-

367 1886 424 1921 bat
452 1885 596 1934 quidam
635 1887 863 1930 Veronensis,
906 1889 999 1935 quod
1041 1891 1125 1924 San-

366 1936 441 1972 Elus
477 1938 574 1973 Zeno
609 1939 806 1986 expellebat
843 1938 1048 1979 daemones,
1086 1938 1124 1975 ἃ

369 1987 517 2022 habebat
544 2001 604 2023 eos
630 1988 723 2023 intra
750 1988 894 2024 domum
911 2016 919 2024 .
963 1992 1043 2025 Hoc
1071 1991 1125 2026 di-

368 2037 479 2076 citur,
508 2038 590 2086 quia
620 2039 772 2083 mulier,
808 2039 948 2087 quando
975 2040 1019 2075 est
1046 2040 1125 2077 dae-

369 2088 556 2130 moniaca,
584 2089 726 2125 ducitur
751 2089 791 2125 ad
820 2090 984 2126 Sanffium
1013 2093 1126 2126 Zeno-

367 2152 444 2174 nem
461 2165 471 2174 .

370 2190 463 2235 quod
489 2203 560 2224 non
588 2190 698 2238 potest
725 2192 823 2239 plura
851 2190 970 2227 referia
1003 2192 1045 2228 de
1072 2193 1126 2228 di-

370 2239 426 2275 Sio
465 2238 616 2288 spiritu.
643 2242 745 2277 Unde
771 2241 881 2277 dicit:

419 2293 452 2326 Ιο
480 2304 540 2325 non
573 2292 631 2337 so,
666 2292 702 2337 se
724 2293 785 2338 pi&
810 2291 912 2339 diffir,
953 2306 971 2327 ο
993 2292 1064 2327 s'ei
1095 2293 1128 2336 fi

469 2351 596 2387 raeque„

418 2394 522 2425 Tanto
547 2405 599 2427 era
623 2393 682 2440 gib
706 2393 744 2427 di
770 2394 803 2427 ld
821 2394 863 2428 da
883 2393 936 2426 noi
953 2393 1126 2438 trascorfio;

370 2440 450 2489 qui-a
479 2453 668 2490 numquam
688 2444 869 2481 dimiserat
889 2443 1024 2480 cursum
1045 2457 1126 2493 pro-

371 2491 562 2541 prnoquii,

521 2141 567 2174 Et
605 2139 736 2176 ultimo
779 2142 883 2175 Poeta
925 2142 1129 2182 concludit,

1337 339 1428 373 eque.

1235 375 1339 421 Quasi
1367 377 1483 414 dicat:
1527 377 1594 414 hoc
1622 392 1728 415 unum
1758 379 1910 424 notavi,
1952 389 1992 416 ut

1236 427 1441 463 memoriam
1468 427 1594 465 faciam
1616 433 1656 466 ad
1674 430 1885 479 arguendum
1913 429 1993 466 vio-

1235 476 1361 514 latores
1388 477 1560 516 sacrorum
1578 506 1587 515 .

1367 533 1431 564 Ad
1454 532 1539 564 Cant
1567 533 1656 566 XIX.
1687 531 1768 576 VerJI
1796 544 1856 579 99.

1283 578 1392 618 Scias,
1420 583 1501 626 quod
1527 594 1580 627 ego
1601 582 1654 624 fui
1683 582 1826 627 succeffor
1851 582 1966 619 Petri.

1234 628 1295 663 Sed
1324 642 1394 664 non
1422 642 1576 677 pauper,
1617 639 1655 665 ut
1684 632 1828 681 Petru33
1865 633 1992 668 deinde

1233 678 1398 714 describit
1425 678 1458 713 se
1485 691 1503 713 a
1531 679 1721 715 nobilitate
1748 682 1901 728 generis.
1944 685 1992 718 Et

1234 727 1275 762 ad
1303 728 1518 763 evidentiam
1548 728 1722 775 sequentis
1749 732 1871 766 literae
1891 732 1993 769 debes

1235 777 1341 820 scire,
1368 779 1462 826 quod
1490 778 1526 814 in
1554 780 1836 816 MCCLXXHL
1865 781 1994 817 Adria-

1234 841 1297 863 nus
1325 831 1370 864 V.
1398 829 1543 865 natione
1581 829 1755 873 Januenfis
1793 831 1834 865 de
1862 831 1991 869 famosa

1233 877 1271 914 ἂ
1300 879 1438 927 potenti
1468 881 1585 915 Domo
1612 880 1757 916 illorum
1785 881 1826 916 de
1854 881 1992 923 flisco,

1235 929 1295 976 qui
1324 929 1440 976 primo
1468 940 1613 966 vocatus
1654 940 1727 966 erat
1763 931 1991 978 Offiobonus,

1234 979 1364 1016 eleaus
1391 979 1436 1015 est
1463 980 1504 1016 ad
1535 983 1702 1030 Papatum
1730 993 1888 1031 tempore
1921 985 1993 1018 Ro-

1234 1029 1357 1078 dulphi
1398 1030 1503 1066 eleffl
1542 1031 1583 1067 ad
1625 1031 1817 1079 Imperium
1861 1035 1993 1069 Roma·

1234 1093 1379 1116 norum.
1408 1082 1504 1117 Sedit
1531 1081 1567 1117 in
1596 1081 1773 1119 Cathedra
1803 1084 1898 1120 Petri
1918 1097 1991 1119 uno

1234 1130 1349 1166 mense
1375 1133 1409 1167 δ(
1437 1132 1519 1168 nesto
1556 1132 1696 1169 diebus.
1739 1133 1840 1169 Unde
1878 1144 1991 1170 morte

1234 1192 1439 1229 praeventus
1485 1196 1548 1219 nec
1597 1183 1760 1220 Sacerdos
1808 1183 1993 1222 ordinatus

1233 1232 1296 1268 est.
1326 1233 1426 1269 Dicit
1453 1247 1536 1283 ergo
1563 1234 1763 1271 Adrianus:

1285 1286 1355 1319 Una
1374 1283 1525 1328 flumana
1550 1284 1634 1320 bella
1661 1307 1676 1313 -
1702 1307 1719 1312 -
1745 1306 1762 1313 -
1788 1307 1805 1314 -

1232 1332 1275 1369 fic
1303 1334 1398 1370 ὀίξὶει
1425 1348 1444 1370 a
1471 1334 1618 1371 flumine
1646 1338 1839 1386 Lavagno:

1283 1405 1513 1415 ------
1539 1385 1712 1430 s'adima‚

1231 1434 1338 1479 idest,
1366 1437 1561 1479 avallatur‚
1589 1436 1646 1472 seu
1674 1437 1864 1473 abaffatur:

1280 1487 1371 1519 Intra
1396 1485 1508 1527 siestri
1527 1499 1542 1518 e
1565 1486 1720 1520 Chiaveri
1744 1508 1760 1513 -
1787 1507 1802 1513 -
1829 1507 1846 1512 -
1872 1506 1888 1512 -

1231 1547 1317 1581 quae
1345 1534 1423 1570 sunt
1449 1534 1536 1570 duae
1572 1536 1703 1572 Terrae
1741 1535 1903 1586 Riperiae
1929 1538 1987 1581 ἔξω

1231 1584 1386 1620 nuenfis:

1280 1639 1326 1670 Lo
1352 1636 1425 1669 tito]
1444 1636 1496 1670 del
1515 1635 1576 1669 mio
1595 1636 1719 1682 sangae
1745 1657 1761 1663 ·-
1787 1657 1803 1664 -
1831 1657 1846 1665 ·
1873 1657 1890 1664 -

1231 1685 1338 1729 idest,
1366 1685 1510 1721 illorum
1539 1685 1580 1720 de
1608 1685 1745 1721 Flisco:

1281 1755 1509 1761 ------
1532 1734 1571 1778 fa
1593 1736 1652 1779 sua
1678 1736 1779 1771 eima.

1231 1784 1338 1827 idest,
1380 1785 1513 1833 apicem
1548 1784 1599 1821 sui
1627 1785 1793 1822 culminis
1819 1785 1991 1823 nobilita*

1232 1836 1278 1871 tis
1304 1838 1337 1870 8(
1366 1835 1545 1884 potentiae
1574 1849 1745 1885 magnae:

1281 1907 1512 1914 ------
1539 1902 1553 1921 e
1578 1888 1630 1921 del
1650 1887 1707 1930 fico
1734 1885 1846 1923 no'me:

1232 1936 1314 1984 quia
1341 1936 1477 1972 scilicet
1517 1937 1603 1973 diffl
1634 1937 1782 1973 Nobiles
1819 1946 1991 1974 vocantur

1233 1986 1393 2023 Comites
1421 1989 1461 2022 de
1488 1987 1670 2029 Lavania‚
1713 1987 1771 2023 seu
1810 1988 1846 2023 di
1874 1990 1992 2025 Lava-

1233 2051 1321 2086 gno.
1350 2039 1402 2072 De
1423 2050 1571 2084 quorum
1593 2051 1716 2086 genere
1737 2037 1876 2074 fuerunt
1898 2041 1990 2074 mul-

1234 2090 1261 2122 ti
1292 2087 1360 2123 viri
1390 2089 1570 2128 valentes,
1597 2088 1780 2137 praecipue
1807 2088 1895 2124 alius
1925 2091 1992 2124 Pa-

1235 2151 1301 2186 pa,
1342 2137 1403 2186 qui
1440 2137 1554 2175 diffius
1591 2139 1636 2175 est
1673 2140 1897 2175 Innocentius
1926 2141 1991 2174 IV,

1237 2189 1289 2224 vir
1317 2188 1456 2236 quidem
1487 2189 1713 2238 magnificus,
1741 2188 1779 2226 δε
1805 2188 1993 2225 ἀὲίῒωξὶον

1235 2238 1404 2275 friderici
1434 2241 1479 2275 ΙΙ.
1507 2241 1540 2275 8(
1570 2240 1780 2276 scientificus
1818 2240 1853 2275 in
1896 2250 1994 2275 utro-

1205 2305 1208 2321 ι
1233 2304 1300 2338 que
1327 2292 1428 2334 Iure,
1455 2289 1492 2326 ὅ(
1521 2290 1559 2326 in
1586 2294 1684 2326 Sacra
1713 2291 1890 2339 Scriptura
1908 2317 1916 2325 .
1944 2292 1992 2326 Et

1235 2341 1335 2389 hujus
1364 2341 1562 2377 innocentii
1591 2341 1658 2377 fuit
1698 2344 1816 2389 Nepos
1853 2341 1912 2377 iste
1940 2343 1992 2375 A·

1235 2392 1374 2427 alstanus
1401 2405 1443 2427 ex
1473 2391 1596 2427 fratre.
1633 2392 1706 2438 Qui
1735 2392 1802 2427 suis
1830 2393 1991 2427 exultan-

1235 2442 1328 2477 tibus
1356 2441 1397 2477 de
1425 2443 1648 2491 promotione
1676 2442 1732 2478 sua
1760 2442 1873 2477 dixit:
1915 2443 1990 2474 M¹e-

1236 2493 1299 2527 lius
1324 2503 1390 2527 erae
1425 2494 1516 2527 vobis
1552 2493 1665 2528 habere
1705 2492 1910 2527 Cardinalem
1934 2490 1990 2524 vi·-

1235 2556 1311 2577 zmm
1327 2568 1336 2583 ‚
1364 2556 1457 2589 qnam
1483 2547 1607 2587 Papam
1633 2553 1806 2576 mortuum.

1897 2594 1949 2627 Ua
