2216 3105
281 216 364 256 421

227 262 319 298 Nam
347 262 454 296 Mons
482 260 618 295 Feltrus
645 259 691 295 est
717 272 784 295 una
803 258 979 295 Contrata

225 311 262 347 in
308 310 561 350 Romandiola‚
614 310 797 346 continens
848 310 1010 358 multos,

225 370 361 397 montes
389 359 426 396 &
455 362 565 396 multa
593 361 761 401 castella,
801 369 840 395 ut
867 359 976 395 alibi:

225 414 270 447 Et
297 411 340 446 fic
370 411 472 451 vide,
515 412 607 459 quod
636 411 688 448 isti
717 411 878 447 Comites
906 409 978 445 fue-

223 471 305 500 runt
331 461 373 497 de
410 462 666 501 Romandiola‚
706 476 814 511 quum
856 470 978 497 exten·

225 513 347 548 derunt
369 512 464 548 suum
486 513 682 548 dominium
705 513 740 548 in
758 511 978 548 Marchiam.

196 565 321 612 ‚Sicut
357 562 395 598 ὃ(
431 564 612 599 Malatesta
650 564 690 600 de
727 564 842 599 eadem
882 565 979 598 Con-

224 623 314 650 trata
341 614 461 650 diebus
489 615 630 658 nostris,
668 614 790 650 habuit
826 615 860 649 &
902 615 980 648 An—

224 678 371 706 conam,
399 678 485 711 quae
513 665 558 700 est
585 675 688 713 caput
716 666 814 700 illius
836 665 978 712 provin-

225 715 319 755 ciae,
345 714 382 750 &
402 715 587 756 Esculum,
615 716 706 764 quod
729 716 794 751 fuit
815 717 902 751 olim
924 727 981 749 ca-

226 774 289 813 put
316 766 409 813 ejus,
437 767 470 801 8<
492 767 576 801 alias
598 768 724 802 multas
745 766 921 802 Civitates
942 763 980 800 ὃς

225 817 371 852 Terras.
392 819 438 851 Et
459 815 541 852 ficut
565 817 703 866 Ugucio
719 817 759 853 de
776 817 920 866 Fagiola
940 815 981 850 de

226 866 354 902 eisdem
383 868 587 907 montibus,
630 869 689 915 qui
718 868 840 903 habuit
868 865 982 902 domi—

226 917 324 952 nium
347 917 383 953 in
407 918 535 953 Tuscia
557 919 592 953 in
613 919 774 954 Civitate
804 918 924 954 Pisana
945 917 984 954 &

226 969 368 1004 Lucana
386 995 394 1003 .
423 971 469 1003 Et
498 969 612 1017 tangit
639 968 791 1004 confinia
818 969 956 1005 dicens:

278 1039 466 1045 —————
494 1022 527 1053 ld
556 1020 640 1054 intra
667 1021 782 1054 Orbino
799 1047 807 1055 .

229 1068 404 1126 Urbinum
434 1068 478 1104 est
504 1068 646 1106 Civitas
667 1071 702 1105 in
724 1070 886 1106 Marchia
908 1072 985 1105 An-

229 1129 390 1154 conitana
405 1144 413 1158 ‚

229 1170 303 1208 lae,
348 1169 406 1204 ubi
435 1169 488 1205 isti
517 1170 677 1206 Comites
704 1171 878 1206 dominati
908 1173 985 1207 sunt

229 1219 296 1267 jam
352 1233 411 1268 per
455 1229 510 1255 tot
554 1231 734 1271 tempora,
780 1222 872 1270 quod
914 1235 1015 1258 non*

228 1269 336 1304 exstat
365 1270 556 1306 memoria.

279 1322 311 1353 Ε
326 1319 349 1352 ’l
372 1321 466 1366 giogo
476 1342 700 1359 ------

228 1368 389 1409 scilicet,
418 1370 549 1406 montis
579 1372 766 1421 Arimini;

278 1440 464 1447 -----
489 1423 523 1455 di
549 1423 600 1456 ebe
627 1426 729 1456 Tever
748 1423 781 1464 st
805 1422 957 1469 differra.

226 1468 329 1508 idest,
357 1471 398 1505 de
426 1484 495 1517 quo
523 1471 607 1519 jugo
633 1473 746 1508 oritur
767 1472 896 1509 fluvius
916 1473 985 1509 Ti-

227 1520 340 1562 beris,
382 1521 441 1567 qui
480 1522 594 1557 oritur
622 1522 657 1557 in
688 1524 841 1569 Alpibus
860 1552 868 1566 ,
896 1537 984 1572 quae

225 1569 391 1605 dividunt
431 1573 700 1609 Romandiolam
738 1588 755 1610 a
784 1574 913 1610 Tuscia
941 1589 983 1611 ex

227 1631 322 1668 parte
345 1620 447 1667 ipsius
467 1623 615 1658 Tusciae
637 1639 679 1660 ex
700 1625 858 1672 opposito
877 1627 986 1661 Mon-

228 1671 275 1705 tis
315 1672 443 1706 Feltri.
481 1673 553 1717 Qui
592 1675 733 1710 Tiberis
775 1676 818 1710 est
856 1675 985 1712 fluvius

230 1719 467 1756 famofiffimus
486 1747 495 1761 ‚
546 1736 615 1758 non
670 1734 807 1760 tantum
849 1728 985 1762 ratione

230 1769 308 1805 suae
335 1772 611 1818 magnitudinis,
651 1785 821 1822 quantum
849 1776 987 1812 ratione

231 1819 338 1855 Urbis
368 1823 520 1860 Romae,
549 1836 651 1870 quam
681 1825 824 1875 irrigat.

279 1873 311 1905 Io
338 1885 390 1906 era
416 1873 448 1906 in
471 1874 560 1919 giusr'o
586 1896 773 1903 -----

229 1920 292 1956 Ista
330 1922 373 1956 est
416 1922 559 1959 secunda
602 1940 677 1973 pars
719 1927 912 1975 generalis,
949 1928 984 1963 in

230 1984 295 2019 qua
326 1973 462 2008 Ausim·
483 1974 688 2022 respondens
713 1978 752 2013 ad
776 1979 984 2026 petitionem

231 2022 386 2057 Comitis
414 2024 575 2061 describit
618 2027 739 2063 statum
771 2029 986 2064 Romandio—

231 2072 304 2106 lae.
345 2075 390 2107 Et
433 2076 545 2121 primo
574 2076 764 2118 describit,
808 2074 1016 2127 quomod0³

233 2122 410 2170 Vergilius
449 2139 538 2160 nunc
575 2128 672 2162 dedit
713 2128 774 2165 fibi
802 2130 984 2166 licentiam

229 2173 395 2220 loquendi
425 2188 501 2210 cum
532 2176 594 2211 isto
630 2177 805 2219 Comite‚
840 2180 982 2217 dicens:

280 2226 312 2258 Io
340 2237 391 2258 era
418 2225 449 2259 in
473 2227 562 2272 ι,ςιίκῙυ
588 2242 680 2262 ancor
704 2240 823 2264 attento
842 2245 858 2263 e
878 2232 985 2270 chirw,

229 2273 311 2321 quia
340 2275 447 2311 stabat
475 2276 511 2310 in
541 2279 697 2316 culmine
736 2281 855 2325 pontis
880 2281 987 2318 incli-

230 2334 329 2359 natus
371 2327 411 2361 ad
453 2327 662 2365 audiendum
704 2339 837 2367 attente
882 2333 986 2368 verba

226 2375 405 2412 Comitis.

276 2429 412 2472 uQrcmdo
434 2428 459 2461 il
481 2429 542 2463 mfo
560 2433 652 2466 Dum
673 2432 718 2465 mi
735 2436 818 2466 tenth
835 2433 870 2466 dt'
885 2434 960 2475 costa

224 2475 328 2562 qult,
357 2491 375 2513 a
403 2479 537 2520 latere,
565 2483 622 2518 vel
640 2483 790 2528 discosto,
817 2483 901 2519 idest
926 2484 986 2520 ad—

252 2539 263 2562 1
282 2537 313 2563 it
329 2554 340 2572 ,

456 1120 546 1155 circa
588 1120 738 1156 confinia
769 1121 984 1156 Romandio-
1013 1158 1014 1161 Ἴ

575 200 875 243 COMMENT.
908 200 970 243 IN
1000 197 1226 240 DANTIS
1253 195 1494 238 COMOED.

1018 260 1050 294 A

1701 210 1786 250 422

1141 255 1304 291 Dicendo:
1329 256 1422 302 parla
1450 266 1509 289 tu:
1534 275 1718 281 -----

1089 305 1194 353 Quasi
1221 306 1336 341 dicat:
1367 305 1453 340 habe
1482 317 1572 339 nunc
1600 313 1637 339 tu
1667 304 1810 352 vicem3

1140 377 1370 383 ------
1397 355 1507 402 Questi
1533 356 1549 388 ὲ
1576 356 1717 400 Latin03

1090 407 1185 453 Quia
1212 406 1387 455 hucusque
1415 408 1581 454 loquutus
1609 403 1660 439 fui
1689 417 1766 439 cum
1794 405 1845 438 U-

1090 459 1174 504 lyffe
1201 460 1355 493 Graeco.
1392 459 1467 501 Jam
1506 465 1544 492 tu
1585 467 1677 490 nunc
1704 455 1846 501 loquere

1091 522 1171 544 cum
1191 509 1253 544 isto
1274 509 1418 544 Comite
1439 507 1601 555 Latin03
1631 505 1726 554 cujus
1748 503 1846 539 causa

1092 559 1256 608 affignata
1293 559 1337 595 est
1358 558 1527 608 superius
1563 557 1600 593 in
1629 554 1848 605 praecedenti

1091 612 1233 646 Cantu.
1263 610 1398 646 Deinde
1425 609 1541 658 tangit
1568 606 1820 656 responsionem
1837 631 1848 650 ‚

1091 663 1229 698 dicens:

1143 716 1190 748 Et
1211 713 1260 752 io,
1287 712 1426 747 ch’avea
1439 711 1498 758 git}
1517 720 1628 758 pfonta
1647 710 1680 744 la
1699 707 1847 755 risposta,

1093 778 1194 812 quam
1219 772 1546 811 praecontexeram,
1573 759 1769 808 imaginans
1792 771 1846 794 me

1093 814 1331 863 responsurum
1360 813 1442 862 illi;

1143 870 1249 911 senza
1269 865 1398 911 indugt'o
1418 862 1570 910 aparlar’
1583 860 1798 896 incominciat'.

1093 917 1188 963 Quia
1216 918 1301 952 bene
1329 915 1500 957 sciebam,
1537 912 1714 961 quomodo
1743 911 1850 945 stabat

1091 978 1175 1004 tunc
1204 965 1387 1013 provincia
1416 964 1691 1005 Romandiolae,
1734 961 1850 996 conti-

1092 1033 1158 1068 gua
1186 1017 1336 1053 Tusciae
1354 1045 1364 1061 ,
1392 1017 1490 1058 coeni
1519 1028 1582 1062 ego
1610 1014 1745 1049 dicere:

1143 1074 1169 1103 O
1195 1070 1327 1107 anima,
1355 1068 1405 1101 che
1426 1066 1519 1111 se'ld
1542 1066 1603 1112 giis
1630 1065 1786 1108 nascolfse,

1094 1120 1229 1156 scilicet
1255 1117 1388 1154 inclusa
1415 1117 1452 1153 in
1474 1117 1575 1165 igne,
1604 1129 1707 1164 quam
1731 1113 1848 1149 videre

1093 1184 1162 1207 non
1193 1170 1324 1218 poffum
1340 1194 1351 1203 .

1144 1226 1313 1267 Ronmgna
1339 1230 1396 1254 tua
1421 1238 1609 1246 -----

1093 1273 1131 1308 in
1158 1286 1225 1319 qua
1253 1270 1362 1306 fecisti
1389 1269 1457 1305 tibi
1486 1268 1611 1305 famam
1629 1292 1638 1306 ,

1144 1342 1331 1349 —————
1358 1334 1417 1354 non
1442 1322 1478 1360 ἒ,
1503 1334 1519 1354 ε
1542 1333 1601 1353 non
1621 1318 1660 1362 fa
1685 1317 1749 1352 mai

1143 1377 1249 1418 senza
1272 1383 1386 1419 guerra
1413 1390 1683 1397 -------

1093 1423 1276 1471 intellige,
1298 1421 1474 1470 postquam
1497 1420 1613 1469 coepit
1634 1419 1758 1454 habere
1773 1420 1850 1465 Ty-

1093 1484 1243 1521 rannos;

1144 1544 1333 1551 -----
1361 1536 1396 1556 ne
1416 1522 1493 1556 icor
1510 1521 1560 1556 de’
1571 1521 1641 1566 suoi
1666 1521 1825 1559 Tiranni,

1094 1574 1155 1623 qui
1183 1573 1279 1622 saepe
1308 1574 1439 1608 bellum
1468 1572 1703 1607 meditantur:

1146 1628 1208 1660 Ma
1220 1625 1322 1672 palese
1340 1622 1466 1669 neffuna
1480 1637 1513 1657 or
1527 1637 1588 1657 ven
1604 1622 1714 1667 lasct‘at'
1725 1649 1734 1656 .

1093 1676 1181 1712 Idest
1198 1701 1207 1715 ,
1256 1688 1347 1711 nunc
1402 1674 1620 1721 afftualiterg
1680 1671 1763 1720 quia
1813 1671 1851 1708 in

1095 1728 1248 1762 MCCC.
1287 1726 1424 1761 nullum
1461 1733 1535 1760 erat
1571 1724 1702 1759 bellum
1732 1732 1851 1772 patens

1094 1778 1131 1812 in
1175 1776 1409 1812 Romandiola
1426 1803 1436 1818 ,
1478 1775 1567 1811 unde
1608 1784 1691 1809 nota
1708 1798 1718 1814 ‚
1759 1773 1852 1822 quod

1095 1827 1154 1863 iste
1182 1826 1315 1862 Comes
1331 1851 1341 1866 ‚
1369 1836 1549 1874 tamquam
1570 1839 1612 1861 ex
1635 1834 1751 1872 parte,
1780 1838 1853 1860 me-

1096 1878 1166 1914 rito
1207 1878 1424 1920 mirabatur,
1482 1875 1575 1924 quod
1618 1874 1853 1910 Romandiola

1097 1929 1204 1977 poffet
1231 1928 1374 1975 usquam
1403 1927 1484 1962 stare
1512 1927 1549 1962 in
1575 1939 1677 1975 pace.
1705 1925 1788 1960 Ideo
1809 1925 1852 1960 fic

1098 1979 1249 2027 petivit.
1277 1981 1323 2013 Et
1352 1978 1490 2014 Auffior
1517 1977 1560 2012 fic
1587 1976 1786 2025 respondit,
1814 1974 1853 2012 ὅτ,

1099 2031 1183 2065 bene
1200 2057 1209 2074 ,
1251 2029 1333 2076 quia
1376 2028 1634 2070 Romandiola,
1677 2027 1854 2075 postquam

1099 2079 1258 2128 pervenit
1307 2080 1348 2114 ad
1405 2092 1526 2114 manus
1578 2080 1825 2124 Tyrannoz‘um
1845 2103 1854 2117 ‚

1099 2144 1288 2178 numquam
1311 2129 1507 2176 requievit,
1533 2128 1570 2164 δε
1593 2128 1746 2163 maxime
1767 2128 1856 2176 post-

1099 2195 1203 2228 quam
1235 2183 1325 2228 Papa
1354 2181 1482 2216 Nicola
1524 2180 1565 2215 de
1603 2178 1735 2214 Ursinis
1772 2179 1858 2215 fecit

1099 2232 1159 2268 fibi
1189 2231 1261 2267 dari
1290 2231 1384 2266 istam
1415 2230 1635 2279 provinciam
1664 2243 1681 2265 a
1724 2230 1858 2266 Rodul-

1101 2283 1169 2326 pho
1197 2283 1432 2329 Imperatore,
1460 2291 1499 2318 ut
1527 2280 1612 2317 alibi
1634 2280 1768 2317 dietum
1791 2281 1857 2323 est,

1101 2332 1138 2368 &
1167 2333 1327 2368 dicetur.
1367 2332 1462 2378 Quia
1504 2334 1594 2380 Papa
1623 2332 1738 2379 primo
1766 2331 1859 2367 misit

1102 2384 1303 2420 Bertoldum
1325 2382 1466 2419 fratrem
1494 2383 1588 2419 suum
1612 2383 1764 2427 primum
1786 2385 1859 2418 Co-

1102 2435 1224 2470 mitem
1255 2434 1510 2470 Romandiolae
1529 2462 1537 2475 ,
1566 2432 1604 2468 ὃ(
1632 2433 1857 2470 cardinalem

1101 2486 1271 2521 Latinum
1317 2487 1491 2534 Legatum
1537 2484 1633 2519 suum
1652 2511 1660 2519 .
1712 2485 1743 2518 A
1787 2496 1857 2529 quo

1103 2544 1260 2585 tempore
1286 2534 1376 2571 citra
1403 2535 1536 2584 semper
1561 2533 1672 2570 fafflae
1699 2533 1776 2569 sunt
1805 2533 1858 2569 ibi

1752 2596 1812 2618 va-
