2216 3105
269 256 351 303 693
561 245 626 287 co
645 244 855 287 uMENT.
885 246 952 288 ΙΝ
990 243 1215 291 DAers
1240 241 1482 288 COMOED.
1691 247 1777 295 694

211 306 288 342 buit
316 305 447 341 multos
475 302 568 339 filios
596 318 638 339 ex
661 303 775 339 Maria
798 303 871 339 filia
894 307 969 340 Ste-
992 307 1052 350 ;A·²
1073 303 1242 352 ringerii‚
1287 312 1326 338 ut
1363 300 1477 349 patuit
1506 300 1602 349 supra
1629 299 1738 337 Cant.
1767 295 1832 334 VI.

208 357 315 405 phani
338 356 442 405 Regis
467 355 686 403 Hungariae.
714 357 875 400 Quorum
901 356 971 403 pri—

209 420 287 443 mus
333 404 410 442 fuit'
447 408 594 445 Carolus
645 404 834 440 Martellus
853 433 861 448 ,
909 406 970 452 qui

211 470 451 505 praemortuus
478 456 522 491 est
551 456 661 503 patri.
700 457 874 491 Secundus
904 456 971 491 fuit

210 507 415 544 Ludovicus
440 531 451 546 ‚
500 506 553 541 vir
600 505 743 553 simplex
769 531 779 546 ‚
831 507 970 542 inutilis

212 558 365 601 mundo,
403 557 482 593 ideo
521 556 631 592 faetus
660 559 704 593 est
734 560 854 593 Frater
896 558 971 592 Mi-

212 621 295 643 nor.
323 607 467 643 Tertius
499 609 691 647 Robertus.
719 609 778 655 qui
807 607 875 643 fuit
899 610 971 642 Rex

213 659 285 706 post
313 668 471 707 patrem3
503 660 536 693 ὃ(
566 660 654 693 altos
683 660 820 706 plures.
862 661 972 694 Caro-

212 710 266 745 lus
305 708 559 757 primogenitus
597 719 832 757 cognomento
874 711 972 744 Mar-

213 760 340 798 tellus,
379 760 516 806 juvenis
546 772 689 806 magnae
717 760 848 794 indolis
876 759 997 803 fuit,⁴

216 813 295 844 vere
323 809 418 844 filius
447 810 619 852 Veneris,
661 809 744 857 quia
771 810 972 849 amorosus,

215 860 409 908 gratiosus,
439 873 565 908 vagus,
594 860 721 895 habens
750 862 786 895 in
815 860 846 895 se
868 861 973 907 quin-

216 923 284 956 que
312 909 505 944 invitantia
533 910 713 945 hominem
735 911 775 945 ad
798 924 973 950 amorem,

216 959 353 995 scilicet
394 960 584 995 Sanitatem
611 985 621 1000 ,
667 961 974 1005 Pulcrhudinem,

217 1010 446 1053 opulentiam
473 1036 483 1050 ‚
527 1011 650 1046 Otium
679 1036 689 1052 ,
730 1013 763 1047 &
805 1014 975 1056 juventu-

217 1069 311 1096 tem.
353 1062 444 1096 Cum
488 1061 550 1096 isto
581 1064 710 1097 Danres
752 1062 874 1097 habuit
902 1075 975 1097 cer-

220 1119 293 1145 tam
335 1110 637 1152 familiaritatem,
680 1126 788 1160 quum
831 1112 975 1148 venifl‘et

219 1160 321 1195 semel
353 1162 551 1197 Florentiae
579 1176 656 1197 cum
685 1165 762 1199 CC.
790 1164 974 1212 juvenibus

218 1211 402 1247 Militibus
440 1212 606 1248 accmfi'cis
648 1213 686 1249 in
729 1215 802 1254 pari
853 1214 976 1249 habitu

219 1260 386 1297 vestium,
417 1261 454 1298 ὃς
481 1265 579 1309 equis
608 1264 793 1311 magnifice
820 1265 975 1307 ornatis,

219 1323 316 1347 more
355 1314 611 1356 Neapolitano.
649 1316 764 1359 Quem
802 1316 976 1350 miraban-

220 1370 278 1396 tur
305 1363 387 1397 illae
415 1364 569 1399 Sirenes.
598 1366 644 1399 Et
672 1378 749 1400 cum
779 1365 898 1414 plausu
924 1379 977 1401 re-

220 1421 339 1459 ceptus
381 1413 425 1448 est
469 1427 487 1448 a
530 1415 775 1450 Florentinis.
825 1418 978 1451 Venerat

220 1463 314 1496 enim
343 1464 485 1498 obviam
525 1464 638 1511 patri,
674 1465 735 1511 qui
774 1465 910 1500 redibat
937 1466 978 1500 de

219 1513 337 1545 Gallia
356 1539 365 1553 ,
403 1512 490 1546 fabia
521 1527 602 1559 pace
630 1527 708 1548 cum
738 1516 895 1550 Domino
922 1517 978 1558 Ja-

219 1563 309 1596 cobo
354 1564 445 1610 Rege
490 1565 714 1611 Aragonum‚
757 1565 845 1612 apud
874 1578 977 1612 quem

220 1611 368 1646 habebat
406 1623 472 1648 tres
509 1613 603 1649 filios
649 1614 801 1657 obfides,
844 1615 979 1651 scilicet

222 1662 438 1705 Robertum,
479 1665 746 1709 Rwymundum,
783 1664 822 1701 ὅ(
849 1666 978 1710 Johan-

223 1723 323 1745 nem.
367 1714 449 1757 Quo
490 1722 646 1760 ternpore
674 1717 805 1750 Dantes
834 1716 980 1752 florebat

223 1760 261 1795 in
291 1761 427 1808 patria,
469 1763 605 1811 juvenis
648 1766 760 1799 XXV.
789 1779 980 1801 annorum.

226 1812 299 1856 Qui
328 1820 410 1847 tunc
431 1814 551 1849 ardens
572 1827 711 1857 amore,
740 1828 864 1850 vacans
890 1816 982 1851 sonis

225 1862 260 1896 ὅ(
306 1863 485 1903 cantibus,
527 1864 624 1900 uncis
653 1866 804 1910 amoris,
847 1880 983 1912 prome-

227 1911 300 1947 ruit
340 1913 485 1961 gratiam
525 1915 619 1951 istius
661 1916 798 1964 juvenis
839 1916 982 1952 Caroli.

227 1963 290 1997 Sed
319 1966 466 2000 Carolus
494 1966 553 2001 iste
581 1980 650 2001 uno
678 1968 711 2002 δε
733 1966 854 2002 eodem
879 1969 984 2002 Anno

228 2013 380 2049 reddidit
407 2015 561 2052 animam
590 2019 688 2057 Deo,
717 2030 795 2054 cum
816 2016 984 2053 Clemen—

229 2063 278 2099 tia
307 2078 414 2100 uxore
442 2066 518 2102 sua.

490 2120 552 2153 Ad
579 2119 662 2161 vers.
693 2122 752 2164 58.

279 2167 397 2211 Qurlla
416 2167 546 2209 sinistra
573 2170 647 2204 riva
673 2189 900 2196 ------

231 2219 334 2252 Nunc
363 2219 532 2258 Carolus,
561 2219 737 2267 postquam
760 2218 935 2266 descripsit
955 2218 986 2255 se

230 2280 247 2301 a
276 2267 408 2303 virtute
436 2269 567 2309 animi,
595 2270 759 2305 describit
787 2269 819 2305 se
846 2270 888 2305 ab
912 2283 985 2305 am·—

231 2318 406 2365 plitu2iine
450 2333 592 2368 magnae
634 2320 840 2367 potestatis,
880 2334 982 2368 quam

232 2367 450 2411 exspefflsbat
479 2370 514 2405 in
545 2371 695 2410 mundo,
723 2370 744 2405 fi
773 2384 843 2406 non
871 2370 985 2407 fuiffet

231 2429 344 2453 morte
373 2430 597 2463 praeventus.
634 2424 681 2457 Et
719 2422 833 2468 primo
861 2421 985 2458 descri—

231 2469 283 2504 bit
329 2470 573 2511 Provinciam,
615 2486 702 2520 quae
743 2472 918 2516 spthabat
945 2472 986 2508 ad

231 2532 330 2559 eum,
360 2521 441 2567 quia
470 2523 583 2564 primo
612 2523 723 2559 fuerat
751 2524 825 2558 Avi
847 2522 896 2558 sui
917 2524 988 2558 Ca-

230 2571 297 2606 roli
325 2570 353 2607 I.
382 2585 424 2608 ex
461 2573 656 2611 hereditate
693 2573 894 2621 Raymundi
922 2574 989 2612 Be-

1074 355 1110 391 in
1139 354 1227 389 fine.
1260 354 1358 388 Dicit
1386 364 1489 399 ergo:

1126 405 1244 450 Quella
1266 403 1395 445 sinistra
1421 403 1496 436 riva
1521 422 1751 428 ------

1074 455 1178 494 idest,
1222 454 1409 490 Provincia
1455 453 1543 488 citra
1595 451 1830 487 Rhodanum:

1125 504 1505 546 ----chefilava

1126 556 1174 591 Di
1202 556 1335 590 Rodano
1346 573 1574 594 ------

1078 605 1189 642 fluvio
1215 604 1455 654 rapacissimo:

1127 678 1143 684 -
1170 678 1185 683 -
1212 677 1228 683 —
1254 678 1270 683 -
1294 657 1347 703 poi
1374 655 1445 690 ch'&
1473 654 1559 697 mrsto
1585 668 1636 689 con
1664 658 1785 701 Sarga,

1080 707 1185 751 idest,
1214 706 1391 754 postquam
1420 706 1541 753 Sorgia
1570 704 1697 741 fluvius
1728 701 1837 753 puris-

1080 757 1180 793 fimus
1208 757 1416 793 admiscetur
1444 756 1503 804 ipfi
1549 756 1721 791 Rhodano
1748 751 1839 795 apud

1081 808 1329 851 Avenionem,
1367 808 1463 855 cujus
1504 805 1580 841 fons
1620 806 1665 841 est
1702 803 1839 840 notiffi-

1082 855 1156 893 mus
1197 859 1317 893 diebus
1355 858 1476 893 nostris
1516 855 1712 903 potiffime,
1756 854 1840 903 quia

1080 908 1285 943 noviffimus
1329 910 1434 943 Poeta
1476 907 1659 942 Petrarcha
1699 906 1751 942 ibi
1777 905 1840 941 diu

1081 959 1177 994 suum
1207 958 1354 994 studium
1385 958 1488 998 fecit,
1516 959 1550 992 δε
1578 969 1740 1005 magnam
1763 968 1839 1004 par-

1082 1021 1153 1044 tem
1182 1010 1372 1045 Librorum
1403 1009 1567 1056 suorum;
1605 1007 1645 1042 de
1673 1019 1741 1054 qua
1768 1004 1840 1054 ipse

1083 1059 1192 1095 dicit:
1222 1061 1336 1107 Sergia
1365 1064 1436 1094 Rex
1455 1059 1592 1103 fontium
1618 1056 1690 1095 (syc.

1134 1114 1195 1144 Per
1214 1110 1271 1154 suo
1297 1109 1454 1157 Signor'a
1481 1121 1579 1156 tempo
1599 1108 1847 1156 m’aspetcava.‘-

1084 1159 1106 1195 si
1136 1160 1395 1208 supervixifl'em
1426 1160 1516 1209 patri
1545 1171 1643 1194 meo:

1136 1213 1168 1245 E
1195 1212 1265 1257 quel
1291 1230 1606 1238 --------

1086 1260 1178 1296 Heic
1205 1262 1352 1297 Carolus
1380 1260 1544 1297 describit
1563 1259 1747 1297 secundum
1776 1261 1845 1294 Re—

1086 1324 1192 1359 gnum
1222 1315 1401 1359 proprium
1432 1312 1560 1352 patris,
1601 1312 1694 1359 quod
1723 1310 1844 1357 exspe-

1087 1362 1203 1396 <stabat
1239 1361 1382 1398 habere.
1419 1364 1465 1397 Et
1506 1362 1547 1398 ad
1575 1361 1843 1410 intelligendam

1087 1411 1183 1446 istam
1213 1413 1418 1451 materiam,
1446 1421 1587 1459 oportet
1615 1412 1709 1460 prius
1738 1412 1843 1450 scire,

1087 1463 1179 1509 quod
1209 1463 1332 1501 Italia,
1371 1464 1504 1511 Regina
1534 1466 1759 1511 Regnorum,
1801 1461 1846 1497 est

1088 1514 1191 1560 lunga
1227 1513 1261 1547 δε
1303 1513 1417 1548 striffi
1453 1514 1490 1549 in
1537 1514 1680 1549 modum
1717 1514 1844 1549 navis.

1089 1564 1133 1597 Er
1161 1562 1205 1597 est
1233 1572 1308 1598 tota
1347 1563 1482 1608 Insula,
1524 1574 1763 1611 praeterquam
1802 1576 1845 1598 ex

1088 1626 1154 1648 una
1183 1623 1302 1661 parte.
1333 1616 1426 1649 Nam
1455 1628 1473 1649 a
1501 1615 1654 1650 Meridie
1682 1628 1741 1662 per
1767 1615 1846 1648 lon—-

1087 1676 1169 1711 gum
1199 1663 1301 1698 habet
1329 1677 1422 1700 mare
1449 1664 1697 1710 Tyrrhenum,
1734 1678 1752 1699 a
1789 1666 1848 1699 Se—

1090 1714 1303 1761 ptemtrioue
1329 1728 1423 1751 mare
1451 1715 1700 1758 Adriaticum,
1729 1716 1770 1750 ab
1798 1717 1849 1749 0-

1088 1765 1200 1798 riente
1230 1765 1378 1800 Pharum
1407 1764 1644 1808 hleffanense,
1673 1766 1714 1800 ab
1743 1765 1850 1800 Occi-

1089 1813 1190 1848 dente
1228 1825 1344 1849 autem
1383 1816 1559 1850 clauditur
1595 1817 1675 1851 altis
1714 1815 1848 1850 monti-

1092 1864 1173 1906 bus,
1216 1863 1277 1911 qui
1305 1864 1471 1900 dividunt
1513 1878 1586 1900 eam
1617 1879 1633 1899 a
1662 1865 1778 1900 Gallia
1808 1863 1846 1901 &

1091 1914 1298 1949 Germania.
1329 1917 1373 1949 Et
1402 1924 1440 1949 ut
1468 1916 1540 1950 cito
1568 1915 1706 1957 dicam,
1736 1915 1779 1950 est
1807 1914 1849 1949 fi-

1093 1964 1188 1998 milis
1216 1964 1327 1999 tibiae
1354 1965 1508 2000 hominis
1536 1979 1612 2001 cum
1643 1975 1718 2000 tota
1761 1977 1849 2001 coxa

1092 2016 1124 2049 8<
1156 2014 1263 2062 pede.
1294 2016 1385 2050 Nam
1415 2029 1502 2051 coxa
1529 2016 1636 2064 groffa
1665 2016 1709 2051 est
1738 2018 1850 2052 Lom-

1095 2065 1233 2105 bardia,
1261 2078 1385 2111 magna
1412 2068 1446 2101 8<
1476 2077 1596 2113 potens
1636 2066 1848 2115 Provincia3

1095 2115 1218 2150 deinde
1264 2115 1418 2158 Tuscia,
1464 2118 1554 2152 unde
1600 2120 1711 2152 Roma
1740 2116 1784 2151 est
1812 2116 1849 2152 in

1096 2179 1183 2214 genu
1213 2164 1307 2201 istius
1337 2167 1460 2202 Italiae
1481 2194 1488 2202 .
1527 2170 1573 2203 Et
1601 2168 1651 2203 ita
1680 2168 1850 2214 paulatim

1097 2217 1298 2252 extenditur
1326 2215 1363 2252 ἃ
1405 2228 1632 2253 extenuatur.
1670 2221 1781 2253 Modo
1810 2217 1851 2253 ad

1097 2266 1329 2315 propofitum.
1359 2270 1515 2315 Regnum
1545 2268 1666 2304 Caroli
1693 2268 1853 2303 continet

1097 2316 1189 2365 quasi
1218 2318 1442 2354 medietatem
1488 2319 1613 2354 Italiae
1650 2321 1765 2354 versus
1802 2321 1853 2353 O-

1097 2368 1267 2408 rientem,
1304 2368 1431 2404 habens
1459 2369 1496 2405 in
1524 2369 1556 2405 se
1599 2369 1855 2417 Campaniam,

1098 2418 1158 2453 ubi
1186 2418 1230 2454 est
1260 2420 1450 2465 Neapolis,
1479 2419 1569 2455 sedes
1592 2421 1727 2469 Regni,
1755 2422 1858 2467 Apu-

1098 2469 1182 2504 liam
1198 2497 1207 2512 ,
1228 2469 1407 2505 Samnium
1422 2497 1431 2513 ,
1452 2471 1653 2506 Calabriam
1668 2500 1676 2512 ,
1704 2469 1742 2508 δί
1764 2471 1854 2506 mul-

1098 2529 1150 2555 tas
1186 2520 1271 2555 alias
1318 2521 1538 2557 Provincias.
1595 2524 1710 2568 Quam
1761 2534 1853 2558 nunc

1099 2569 1264 2607 describit
1290 2583 1310 2607 a
1335 2571 1541 2619 quibusdam
1577 2573 1698 2611 Terris
1725 2574 1756 2608 8<
1788 2571 1853 2608 fiu-

1737 2621 1805 2660 mi-
