2216 3105
431 225 516 277 659

714 221 1181 267 BENVENUTI
1213 222 1657 270 IMOLENSIS

1854 235 1938 273 660

368 276 430 314 nia
465 278 621 315 membra
655 281 845 319 artificiosa
887 293 1127 333 componunt.
1171 284 1198 318 A
1236 283 1359 321 dicunt
1395 298 1525 335 nanna;
1563 287 1653 323 aliae
1688 285 1788 323 nina.
1830 288 1876 324 Et
1904 285 1994 324 dicit

370 327 471 373 Quid
500 329 687 366 mulierum
717 332 910 370 Tuscarurn
938 347 1051 371 mores
1079 348 1130 370 re-

370 377 504 418 feram,
542 379 585 416 de
617 382 747 429 quibus
782 384 908 421 Gerius
936 388 976 421 de
1003 385 1130 421 Aretio

369 430 530 475 Satyram
558 429 646 467 fecit
681 433 722 469 ad
762 434 1002 471 imitationem
1031 437 1129 481 Apu-

368 478 457 526 leji?
488 482 570 517 Non
598 481 710 519 solum
735 495 851 521 aurem
873 488 1035 522 mulieres
1053 488 1131 523 Tu—

370 528 468 569 scae,
505 530 559 566 sed
603 534 732 580 ubique
759 545 927 572 terrarum
957 537 1130 582 intempe-

370 590 488 618 rantes
513 581 624 618 fastae
645 583 743 624 sunt,
771 584 857 622 ficut
877 589 1002 623 Seneca
1020 587 1129 622 osten-

368 631 426 668 dit
453 631 494 669 de
520 633 727 670 mulieribus
750 636 937 673 Romanis.
967 637 1130 673 Feminae

368 691 488 718 autem
523 684 750 720 florentinae
786 687 974 724 comedunt
1009 686 1049 723 &
1078 687 1130 722 bi-

1239 336 1346 382 impelt'
1369 336 1398 371 le
1419 337 1574 384 guaruuic,
1616 336 1719 376 idest,
1760 338 1904 374 inducat
1944 340 1995 373 la-

1241 386 1438 436 nuginemg
1491 386 1584 435 quasi
1632 388 1757 423 dicat:
1812 399 1999 436 antequam

1241 436 1323 476 ille,
1350 449 1412 484 qui
1440 442 1545 474 modo
1571 437 1617 474 est
1644 452 1747 487 puer,
1788 438 1850 475 fiat
1880 439 2000 474 barba-

1241 495 1319 522 tus.
1358 489 1402 523 Et
1439 489 1517 524 heic
1554 499 1660 531 nota,
1705 488 1861 533 Lefflor,
1905 487 1997 537 quod

1241 536 1360 573 audivi
1388 538 1526 586 aliquos
1546 549 1674 574 temere
1699 540 1876 583 dicentes,
1904 539 1997 587 quod

1242 586 1327 622 istud
1375 588 1630 636 prognosticum
1684 589 1729 624 est
1779 590 1996 636 vituperium

1243 638 1388 680 Poetae,
1425 638 1508 685 quia
1554 639 1623 684 jam
1668 639 1899 676 tranfiverunt
1941 649 1997 676 tot

1241 695 1420 736 tempora,
1466 687 1559 734 quod
1604 700 1674 722 non
1711 700 1902 725 evenerunt
1927 702 1995 740 ea;

370 732 481 775 bunt,
523 742 710 781 antequam
755 736 884 773 vadant
920 737 962 773 ad
989 737 1129 785 nuptias
1175 737 1201 771 Β
1240 749 1327 782 quae
1357 735 1526 785 presagire
1553 736 1693 772 videtur
1732 738 1770 773 in
1797 748 1870 774 tam
1898 740 1997 776 brevi

369 782 427 818 vel
456 781 496 818 ad
525 782 738 821 Eeclefiarn.

420 834 485 868 Ma
505 832 541 878 se
566 834 596 867 le
615 834 826 883 svergognate
849 858 868 864 -
895 859 909 866 -
936 859 953 866 ·
978 859 995 865 -

371 882 515 920 Ultimo
565 884 719 922 Forefius
766 888 989 936 praenuntiat
1038 890 1130 925 mala

368 943 539 971 eventura
575 934 613 971 in
650 936 748 973 brevi
785 936 883 986 super
926 939 1128 982 Florentia,

371 997 460 1032 quae
496 986 659 1021 mulieres
699 988 926 1024 Florentinae
954 989 1130 1025 habebunt

371 1036 567 1083 deplorare.
599 1036 701 1073 Unde
720 1037 831 1075 dicit:
858 1042 922 1074 Ma
934 1040 970 1084 se
986 1041 1017 1075 le
1038 1040 1130 1085 sver-

366 1096 532 1134 gognate;
559 1087 644 1124 bene
671 1087 784 1128 dicit,
812 1089 895 1138 quia
923 1091 1130 1126 verecundia

370 1138 415 1173 est
442 1136 597 1173 fraenum
626 1138 836 1179 mulierum,
878 1138 916 1176 &
953 1138 1129 1176 silentium

1239 785 1377 832 spatio.
1423 788 1476 822 Ad
1518 787 1610 834 quod
1650 786 1862 835 respondeo,
1904 789 1997 836 quod

1241 835 1378 872 Αυξῒοτ
1415 836 1574 884 loquitur
1615 837 1692 873 heic
1734 838 1774 872 de
1802 839 1997 886 praeteritis

1239 888 1272 922 &
1303 888 1370 934 jam
1399 887 1522 926 saetis,
1564 900 1633 923 non
1670 888 1711 923 de
1738 888 1865 925 futuris
1892 891 1997 926 modo

1239 936 1383 972 fiendis.
1415 938 1477 973 Sed
1502 938 1641 973 videtur
1662 939 1886 987 prophetare,
1914 940 1997 988 quia

1238 986 1379 1034 respicit
1401 988 1440 1022 ad
1463 998 1599 1036 ternpus
1619 989 1696 1024 suae
1717 988 1880 1030 vifionis‚
1909 1003 1996 1038 quae

1238 1036 1306 1072 fuit
1334 1037 1369 1073 in
1398 1040 1553 1074 MCCC.
1582 1038 1666 1075 ficut
1702 1039 1769 1086 jam
1809 1040 1914 1075 toties
1942 1041 1996 1076 di-

1238 1087 1332 1123 &um
1375 1089 1439 1124 est.
1481 1088 1614 1138 Magna
1654 1090 1785 1126 etenim
1826 1093 1917 1125 mala
1946 1091 1996 1127 se·-

1238 1148 1345 1186 quuta
1372 1138 1451 1175 sunt
1481 1140 1550 1186 post
1591 1139 1676 1176 istud
1713 1149 1871 1189 tempus,
1909 1140 1995 1178 ficut

372 1188 415 1224 est
441 1198 686 1225 ornamentum
715 1201 855 1232 earum,
882 1203 970 1238 quae
990 1190 1031 1227 de
1053 1204 1130 1227 raro
1164 1185 1200 1223 C
1235 1188 1398 1225 intestina
1436 1189 1629 1234 discordia,
1681 1189 1789 1226 civile
1835 1192 1994 1236 bellum,

372 1290 608 1327 florentinis,

421 1361 607 1369 -----
629 1339 720 1386 fosser
748 1350 827 1376 ,ceree

373 1390 457 1427 ficut
485 1404 549 1441 ego
575 1390 676 1427 sum:
1156 1428 1157 1432 ,

422 1442 470 1479 Di
493 1442 567 1489 quel
582 1466 593 1482 ‚
632 1442 685 1476 che
700 1440 725 1475 ’l
751 1441 821 1477 Ciel
846 1443 948 1477 veloce
971 1444 1035 1477 loro
1060 1456 1129 1477 am-

371 1239 439 1275 duo
469 1239 550 1275 haec
578 1238 809 1276 inveniuntur
843 1239 883 1276 in
920 1241 1129 1279 mulieribus
1155 1227 1159 1310 fl

1155 1313 1159 1343 Ι

470 1506 611 1536 manna,

370 1542 452 1579 idest
470 1570 480 1586 ‚
508 1543 581 1578 cito
609 1551 789 1590 praeparat
812 1542 849 1577 ἃ
877 1540 1023 1577 destinat
1049 1542 1127 1582 eis,

369 1591 456 1628 ficut
492 1593 610 1629 caedes
647 1592 825 1631 virorum,
872 1590 910 1627 ὃς
948 1592 1157 1635 liliorum,k

1236 1241 1270 1274 ὃ(
1312 1239 1466 1288 expulsio
1508 1240 1683 1289 partium,
1722 1254 1809 1289 quae
1854 1241 1994 1278 fuerunt

1235 1289 1384 1326 secundo
1411 1292 1445 1327 &
1473 1291 1580 1327 tertio
1608 1293 1716 1327 Anno
1743 1292 1924 1341 sequenti5
1958 1293 1992 1328 δε

1237 1342 1345 1376 Anno
1381 1351 1507 1388 quarto
1544 1351 1716 1378 venerunt
1749 1341 1792 1378 de
1829 1356 1923 1377 novo
1950 1342 1992 1379 ad

1236 1403 1330 1426 arma
1366 1392 1456 1427 Albi
1497 1393 1531 1428 8<
1570 1392 1695 1440 Nigri.
1741 1393 1789 1428 Et
1824 1391 1992 1441 flagrante

1235 1439 1350 1477 furore
1379 1441 1484 1485 belli,
1513 1442 1672 1478 accensus
1699 1441 1744 1477 est
1771 1443 1886 1491 ignis,
1922 1442 1992 1479 five

1206 1489 1400 1534 ‘casualis‚
1448 1493 1502 1526 vel
1549 1491 1767 1530 artificialis,
1809 1502 1847 1527 ut
1883 1491 1991 1529 multi

1234 1540 1419 1579 dixerunt,
1453 1541 1559 1584 opera
1586 1540 1761 1589 cujusdam
1792 1541 1990 1588 Presbyteri

1236 1590 1338 1626 Nerii
1365 1589 1406 1625 de
1436 1589 1660 1634 Abbatibus,
1688 1590 1749 1640 qui
1777 1590 1889 1637 ipsum
1919 1592 1992 1641 pri·-

369 1643 540 1678 bonorum
563 1642 797 1689 direptiones,
824 1643 858 1677 8<
881 1641 1043 1677 incendia
1065 1643 1126 1677 do-
1155 1628 1207 1676 *D*
1233 1642 1330 1675 m‘um
1358 1639 1506 1676 immifit
1542 1640 1578 1675 in
1615 1641 1758 1676 domum
1795 1640 1912 1677 suam.
1945 1644 1991 1679 Et

369 1705 530 1734 morum,
558 1705 645 1740 quae
672 1692 791 1728 omnia
817 1692 857 1728 in
883 1692 982 1728 brevi
1003 1691 1126 1728 immi-

369 1744 497 1779 nebant
523 1742 581 1779 illi
608 1742 718 1778 Urbi:

419 1794 484 1828 Gi&
508 1803 563 1838 per
588 1792 676 1827 urlar
700 1810 975 1819 -------

368 1843 450 1892 quia
478 1843 556 1878 sunt
583 1855 708 1878 uxores
734 1842 919 1888 luporum:

417 1913 433 1920 —
458 1912 474 1920 -
502 1912 517 1920 -
545 1911 560 1920 -
587 1893 705 1927 avrian
731 1894 761 1925 le
787 1893 889 1926 bacche
912 1902 1038 1938 aperte.

367 1942 612 1980 vociferantes
647 1942 686 1978 in
733 1943 904 1978 eoelum.
954 1944 1002 1977 Et
1046 1955 1125 1978 ecce

366 2007 492 2043 quare:

416 2048 480 2080 Che
513 2044 550 2090 se
580 2041 789 2080 l’antiveder
829 2043 889 2091 qu)
921 2056 985 2079 non
1008 2041 1051 2078 m’
1071 2043 1124 2078 in-

464 2108 578 2143 gamm
1141 2114 1144 2117 ·

365 2145 474 2187 idest,
513 2144 535 2180 fi
573 2143 772 2194 praevidere
811 2142 928 2180 futura
970 2156 1043 2181 non
1076 2142 1125 2180 :est

366 2196 432 2232 hoc
461 2195 611 2232 falsum:
643 2195 736 2242 quod
762 2207 833 2231 non
861 2194 983 2230 credo:

416 2249 527 2284 Prima
547 2246 614 2291 fien
639 2246 747 2289 triste,
773 2246 826 2282 che
849 2245 880 2281 le
900 2244 1036 2294 guncie
1063 2244 1123 2280 im-

463 2298 529 2344 pell

414 2348 507 2382 Cm'ui
533 2366 847 2376 --------

365 2396 500 2433 scilicet
526 2397 662 2433 infans:

543 2468 558 2475 -
582 2448 635 2482 che
660 2450 708 2481 mh
729 2447 761 2488 si
779 2446 900 2491 consola
917 2459 972 2480 con
990 2459 1119 2482 nunna„
1143 2471 1145 2473 -

365 2497 473 2542 ldest,
517 2496 580 2545 qui
627 2499 725 2546 vagit
769 2496 805 2533 in
843 2497 1038 2541 cunabulo,
1082 2494 1119 2533 ἃ

364 2548 543 2596 quietatur
569 2546 610 2583 ad
638 2558 779 2585 cantum
808 2546 993 2596 mulierisg
1028 2560 1119 2595 quae

1149 2183 1152 2223 ἐ

1149 2227 1152 2267 i

1145 2544 1150 2563 l

1200 1832 1202 1836 Α
1235 1802 1353 1826 muum
1369 1817 1377 1831 .

1235 1690 1387 1726 breviter
1413 1699 1566 1726 cremata
1593 1690 1637 1725 est
1666 1690 1793 1725 melior
1820 1704 1896 1736 pars
1924 1689 1991 1728 Ci-

1235 1740 1379 1782 vitatis,
1426 1740 1607 1789 plusquam
1652 1739 1722 1776 duo
1767 1741 1884 1776 millia
1929 1741 1992 1776 do·

1428 1803 1507 1825 cum
1557 1791 1684 1826 damno
1725 1789 1992 1828 inaestimabili.

1237 1842 1310 1876 Nec
1346 1840 1491 1876 interim
1533 1841 1696 1877 cessatum
1724 1840 1769 1876 est
1795 1841 1837 1876 ab
1865 1842 1991 1879 armis.

1234 1890 1297 1926 Sed
1343 1891 1514 1927 continuo
1555 1890 1668 1927 fastae
1718 1890 1797 1927 sunt
1846 1904 1992 1942 magnae

1235 1940 1396 1988 praedae.
1424 1943 1472 1977 Et
1499 1943 1606 1977 Anno
1631 1940 1902 1990 quintodecimo
1937 1956 1991 1979 re-

1175 2000 1182 2003 “
1235 2000 1399 2038 ceperunt
1456 1992 1556 2027 illam
1604 1991 1801 2027 terribilem
1845 1992 1991 2041 stragem

1233 2041 1322 2090 apud
1360 2043 1523 2077 Mentem
1564 2041 1737 2079 catinum
1778 2042 1823 2079 ab
1852 2042 1990 2093 Uguic-

1233 2092 1333 2128 cione
1360 2092 1401 2127 de
1429 2092 1598 2140 Fagiola.

1339 2144 1404 2178 Ad
1429 2146 1525 2178 Cant.
1555 2145 1674 2178 XXIV.
1703 2143 1786 2188 Verfi
1815 2156 1874 2182 20.

1283 2213 1468 2221 -----
1494 2207 1510 2229 e
1536 2195 1641 2241 quella
1661 2194 1764 2237 faccia

1282 2244 1332 2279 Di
1362 2245 1400 2279 la
1435 2247 1479 2280 da
1512 2245 1560 2279 lui
1588 2245 1652 2292 pit}
1685 2245 1735 2280 che
1770 2244 1887 2281 l'altrc
1919 2255 1989 2282 tra·

1358 2305 1459 2334 unta,

1232 2305 1514 2382 Heichorefius
1547 2345 1712 2382 nominat
1748 2345 1858 2382 alium
1886 2345 1988 2394 spiri-

1232 2405 1330 2439 tum,
1369 2396 1433 2443 qui
1468 2395 1538 2433 fuit
1565 2395 1749 2432 altissimus
1777 2409 1898 2446 gurges
1924 2409 1987 2445 gu-

1229 2446 1284 2482 lae
1301 2472 1308 2482 .
1351 2446 1415 2482 Iste
1448 2446 1519 2483 fuit
1546 2448 1638 2492 Papa
1664 2446 1845 2483 Martinus
1872 2446 1986 2483 Galli-

1230 2509 1308 2531 ωε.
1346 2497 1429 2533 Ideo
1464 2496 1534 2533 fuit
1579 2499 1730 2533 multum
1771 2496 1889 2533 favens
1913 2498 1986 2532 Ca-

1228 2547 1306 2581 rolo
1343 2548 1370 2582 1.
1411 2557 1532 2584 contra
1582 2548 1762 2583 Siciliam.
1804 2549 1855 2631 Ept—
1893 2544 1986 2582 misit

1859 2609 1937 2631 ran<
