2216 3105
431 214 513 254 431

426 258 570 291 conduce
596 257 623 292 il
648 261 777 294 Leoncel
802 262 859 296 dal
894 263 967 297 nido
1004 264 1131 303 blanco,

377 305 485 346 Idest,
513 308 765 354 Maghinardus
793 311 834 347 de
861 313 1043 353 Sufinana‚
1070 315 1132 362 qui

374 357 537 442 pffitabat
563 360 723 396 Leonem
751 375 912 399 azurrum
941 363 979 400 in
1007 377 1131 413 campo

377 419 395 441 a
437 420 478 444 ο.

425 461 477 493 La
503 459 596 495 Citra>
620 461 658 496 di
681 465 820 498 Lamone
833 478 854 507 ;

375 507 483 548 Idest‚
509 511 699 547 Faventia.
725 515 847 550 Amon
873 514 969 557 enim
994 515 1040 552 est
1065 515 1130 552 flu-

374 571 476 603 men,
505 560 566 608 qui
602 562 734 598 labitur
771 564 868 611 juxta
896 566 1130 611 Faventiam,

373 609 471 658 cujus
501 611 614 646 Vallis
641 611 852 649 fertiliffima
879 615 944 650 est.

425 681 658 688 --------
683 676 698 696 e
724 664 760 697 di
785 667 968 712 santern0;

369 709 478 749 Idest,
517 712 649 747 imola.
686 715 873 749 Santernus
900 714 944 750 est
972 714 1100 751 flumen
1119 743 1128 760 ‚

371 760 464 807 quod
501 760 614 797 oritur
654 761 691 797 in
728 764 882 811 Alpibus
918 766 1128 814 Apennini,

369 810 431 856 qui
460 810 548 847 olim
579 813 770 849 vocabatur
801 817 1011 860 Santernus‚
1041 816 1127 852 ficut

369 859 492 897 scribit
523 861 657 899 Plinius
685 863 722 899 in
753 866 916 901 Naturali
946 866 1125 902 Historia.

369 912 416 946 Et
443 911 521 948 heic
549 923 633 949 nota
650 942 659 958 ,
698 915 853 960 Leffior,
890 916 984 964 quod
1014 919 1125 953 Imola

368 961 458 997 olim
505 974 630 999 vocata
671 965 715 1000 est
756 968 885 1002 Forum
927 968 1124 1004 Cornelii.

368 1012 471 1048 Unde
517 1015 690 1063 Augustus
736 1015 773 1051 in
820 1016 1096 1066 Cosmographia
1113 1047 1123 1063 ‚

367 1076 471 1111 quam
501 1064 586 1100 fecit
613 1065 689 1101 fieri
727 1066 769 1101 de
796 1075 875 1103 toto
902 1070 1022 1108 Orbe,
1058 1083 1123 1105 nu-

365 1123 477 1150 merat
506 1118 635 1151 Forum
663 1115 828 1153 Cornelii
860 1117 954 1154 inter
980 1119 1122 1155 Civita-

365 1173 417 1200 tes
454 1164 630 1206 famosas,
671 1166 756 1203 ficut
796 1167 917 1204 scribit
954 1171 1122 1206 Albertus

363 1216 518 1264 Magnus
554 1217 591 1252 in
628 1217 689 1253 suo
725 1218 871 1255 Libello
907 1219 948 1255 de
987 1223 1121 1256 Natura

363 1266 485 1302 Loci.
524 1267 606 1303 Ideo
643 1276 761 1304 autem
798 1269 842 1304 fic
878 1270 1013 1306 dietum
1050 1271 1121 1310 est,

364 1316 447 1364 quia
475 1331 493 1352 a
521 1316 694 1354 Cornelio
724 1322 883 1355 Romano
908 1321 949 1356 de
977 1321 1120 1357 clariffi-

365 1379 421 1402 ma
465 1367 601 1404 familia
641 1370 891 1406 Corneliorum
918 1398 928 1414 ‚
970 1371 1010 1407 de
1053 1386 1119 1419 qua

364 1416 504 1454 fuerunt
532 1418 754 1455 illustriffimi
783 1421 989 1467 Scipiones,
1026 1422 1119 1458 aedi-

362 1467 506 1504 ficatum
549 1470 617 1505 est.
660 1471 759 1505 Haec
799 1470 969 1518 liquidem
1014 1485 1117 1520 parva

362 1518 505 1555 Civitas
533 1519 629 1568 saepe
659 1532 784 1567 magna
811 1522 844 1555 &
874 1521 1008 1556 nobilia
1039 1535 1118 1570 pro-

361 1568 461 1604 ducit
497 1570 659 1618 ingenia.
696 1570 760 1605 Sed
788 1583 831 1606 ne
867 1570 1040 1619 suspefiius
1068 1583 1119 1608 te-

361 1619 420 1655 stis
457 1619 577 1656 videar
611 1620 650 1656 in
688 1620 785 1656 causa
823 1622 993 1669 propria,
1038 1624 1117 1659 audi

362 1669 517 1706 breviter
541 1671 635 1718 quod
663 1670 753 1706 dicit
788 1670 955 1720 Magister
981 1675 1116 1722 Legen-

362 1720 505 1755 darum:
534 1725 639 1765 Sunt,
669 1720 808 1769 inquit,
834 1723 1044 1768 Cornelienses
1066 1725 1117 1758 in-

357 1771 452 1818 genio
471 1771 620 1818 sagaces,
642 1772 805 1815 facundiis
830 1774 1002 1819 eloquentes
1018 1799 1027 1815 ,
1063 1775 1117 1808 vi—

359 1820 448 1855 ribus
470 1822 591 1866 fortes,
619 1823 735 1857 animis
762 1823 918 1858 audaces.
955 1823 1117 1858 Catholt'ca

361 1871 446 1906 Fide
482 1873 636 1919 pollentes
670 1872 743 1910 ὡς.
779 1874 827 1908 Et
861 1883 945 1908 nota
970 1898 982 1913 ,
1023 1875 1116 1922 quod

360 1921 501 1958 Ausim·
528 1924 629 1970 ponit
655 1923 732 1959 istas
759 1923 843 1958 duas
869 1924 1048 1960 Civitates
1077 1924 1116 1959 sl-

364 1974 460 2012 mul‚
488 1974 570 2021 quia
596 1988 638 2010 eo
662 1983 818 2022 tempore
839 1983 938 2010 erant
962 1974 1022 2010 sub
1047 1989 1116 2010 uno

362 2023 524 2060 dominio
551 2023 799 2073 Maghinardi.
835 2026 882 2060 Et
911 2025 988 2061 sunt
1016 2026 1116 2062 valde

363 2074 579 2123 propinquae
620 2089 680 2124 per
715 2089 856 2123 parvam
892 2075 1117 2112 distantiam.

363 2127 410 2160 Et
438 2125 553 2161 subdit
579 2125 720 2162 Αυξὶοι·
745 2139 852 2162 unum
869 2154 880 2171 ‚
916 2127 1008 2174 quod
1039 2129 1116 2162 vul-

363 2178 408 2222 gb
436 2176 576 2212 videtur
601 2177 762 2216 credere,
792 2176 833 2212 ad
861 2176 1042 2212 infamiam
1071 2177 1117 2212 il-

363 2227 433 2261 lius
461 2227 708 2275 Maghinardi,
745 2227 880 2262 scilicet
915 2228 1008 2275 quod
1045 2237 1118 2263 erat

363 2276 565 2312 Gibellinus
593 2278 629 2313 in
660 2277 920 2321 Romandiola,
947 2279 980 2312 ὃ(
1009 2280 1117 2313 Guel-

362 2326 448 2374 phus
477 2328 512 2362 in
541 2327 695 2376 Tuscia;
725 2328 815 2363 unde
844 2327 954 2362 dicit:

411 2378 475 2411 che
501 2389 588 2412 muta
611 2389 702 2424 parte
722 2382 765 2412 da
785 2379 817 2411 la
836 2381 927 2412 state
945 2379 979 2413 al
1001 2381 1117 2413 Verno.
1139 2399 1142 2412 ι

360 2429 441 2462 Hoc
469 2441 530 2476 pro
558 2438 658 2463 tanto
686 2428 776 2463 dicit
794 2454 804 2470 ,
843 2428 926 2475 quia
964 2431 1117 2463 Roman-

359 2477 454 2513 diola
476 2479 586 2527 magis
614 2478 755 2526 respicit
777 2478 1093 2526 Septemptrionem
1108 2506 1118 2520 ,

358 2528 439 2563 ideo
466 2529 510 2564 est
539 2530 648 2577 tnagis
686 2529 838 2576 frigida3
875 2529 1005 2564 Tuscia
1034 2542 1117 2564 vero

358 2578 469 2627 magis
489 2579 628 2629 respicit
651 2580 838 2616 Meridiem
853 2607 865 2623 ‚
892 2580 926 2614 δε
954 2592 1014 2628 per
1034 2593 1118 2615 con—

744 201 1177 248 BENVENUTI
1221 205 1629 249 IMOLENSIS

1850 221 1934 260 43²

1168 267 1200 301 A
1238 263 1380 311 sequens
1407 265 1518 314 magis
1554 264 1687 301 calida.
1714 265 1762 300 Et
1788 263 1866 300 heic
1886 274 1992 305 nota,

1235 315 1370 360 le&or‚
1398 317 1491 364 quod
1519 329 1588 351 non
1618 315 1747 359 miror,
1784 314 1807 350 fi
1836 327 1922 350 unus
1948 312 1990 348 de

1235 367 1399 402 Calabria
1426 380 1497 402 non
1524 366 1699 414 intelligit
1726 365 1812 401 istud
1840 364 1990 413 Capitu-

1236 417 1330 456 lum,
1368 430 1476 465 quum
1504 416 1566 466 ipfi
1603 416 1816 452 habitatores
1844 414 1990 463 provin-

1235 467 1307 502 ciae
1335 466 1431 515 saepe
1457 467 1621 516 ignorant
1657 466 1747 502 fafiia
1774 465 1959 502 domestica
1977 490 1988 508 ‚

1235 529 1320 563 quae
1357 516 1436 553 sunt
1470 517 1559 566 gesta
1595 517 1632 553 in
1659 516 1795 566 gremio
1831 515 1986 559 patriae.

1235 567 1335 602 Unde
1362 569 1446 603 volo
1473 578 1507 602 te
1534 567 1641 611 scire,
1678 567 1772 615 quod
1807 566 1867 602 iste
1903 566 1984 602 Ma-

1233 617 1420 664 ghinardus
1446 619 1634 663 Tyrannus
1670 616 1738 652 fuit
1774 617 1815 652 de
1841 617 1985 653 natione

1235 669 1449 714 paganorum
1470 693 1481 709 ,
1517 666 1717 702 Gibellinus
1753 666 1791 702 in
1831 669 1985 701 Roman-

1232 716 1348 759 diola,
1385 715 1422 752 &
1451 716 1606 763 ubique,
1643 716 1706 751 Sed
1734 728 1811 751 cum
1842 717 1985 751 Floren-

1231 767 1316 802 tinis
1340 776 1413 802 erat
1434 767 1636 815 Guelphus‚
1662 767 1695 801 &
1722 765 1888 802 inimicus
1908 779 1986 802 om-

1232 817 1328 852 nium
1356 817 1583 852 inimicorum
1611 829 1730 852 eorum
1749 844 1758 860 ‚
1787 816 1854 852 five
1881 817 1987 852 effent

1229 867 1403 914 Guelphi‚
1428 867 1496 903 five
1520 867 1714 902 Gibellini.
1738 869 1785 902 Et
1809 866 1846 902 in
1867 866 1984 902 omni-

1230 917 1290 951 bus
1318 917 1441 957 bellis,
1477 917 1586 953 donec
1614 917 1729 956 vixit,
1758 916 1825 953 fuit
1853 917 1890 952 in
1917 917 1981 952 ob-

1229 967 1385 1015 sequium
1407 966 1443 1003 &
1465 967 1649 1003 subsidium
1678 968 1983 1004 florentinorum.

1228 1020 1308 1053 Hoc
1344 1027 1460 1053 autem
1497 1031 1568 1053 non
1607 1017 1692 1054 fecit
1727 1017 1981 1066 Maghinardus

1227 1068 1294 1104 fine
1322 1068 1498 1118 justiflima
1526 1068 1644 1112 causa,
1682 1068 1849 1116 quoniam
1887 1076 1983 1116 pater

1226 1120 1319 1168 ejus,
1340 1120 1484 1156 nomine
1507 1121 1683 1168 paganus,
1712 1129 1868 1166 tempore
1889 1132 1983 1153 mor-

1226 1170 1271 1205 tis
1298 1169 1498 1217 relinquens
1527 1183 1670 1218 puerum
1699 1170 1873 1217 pupillum
1903 1182 1982 1204 cum

1227 1220 1348 1256 multis
1384 1222 1418 1256 &
1458 1220 1593 1268 magnis
1629 1219 1787 1256 inimicis
1825 1219 1980 1258 vicinis,

1225 1270 1362 1306 scilicet
1398 1270 1611 1313 Ubaldinis,
1651 1270 1855 1306 Comitibus
1891 1269 1981 1304 Gui-

1223 1321 1275 1356 dis
1292 1350 1302 1365 ,
1329 1322 1363 1356 &
1391 1321 1471 1357 aliis
1503 1320 1669 1356 Dominis
1698 1319 1979 1362 Romandiolae,

1222 1371 1354 1407 dimisit
1390 1385 1469 1407 eum
1511 1371 1570 1406 sub
1608 1369 1761 1406 custodia
1797 1370 1829 1403 &
1869 1371 1980 1404 tutela

1222 1420 1436 1458 Communis
1477 1421 1705 1463 Florentiae,
1743 1433 1760 1455 a
1797 1432 1867 1468 quo
1910 1418 1978 1455 fuit

1223 1472 1307 1507 bene
1335 1471 1522 1507 custoditus
1550 1469 1587 1505 &
1615 1470 1798 1505 educatus.
1839 1468 1920 1504 Ideo
1947 1469 1979 1505 i-

1194 1507 1265 1576 }sta
1306 1522 1348 1557 de
1384 1521 1482 1557 causa
1525 1531 1598 1555 erat
1639 1529 1755 1569 gratus
1792 1521 1824 1554 &
1864 1519 1977 1555 fidelis

1194 1577 1197 1615 ξ
1221 1572 1414 1608 Communi
1433 1571 1652 1607 Florentiae.
1674 1570 1779 1615 Quod
1798 1571 1881 1604 bene
1899 1583 1978 1617 pro-

1157 1617 1196 1654 Dl
1222 1623 1319 1657 bavit
1356 1622 1393 1658 in
1431 1621 1601 1657 conflifflu
1639 1621 1728 1668 apud
1767 1620 1945 1667 Riperiam
1967 1645 1977 1659 ‚

1194 1656 1257 1707 lin
1298 1686 1368 1720 quo
1408 1673 1458 1708 ita
1500 1671 1627 1707 acriter
1667 1670 1843 1719 superavit
1886 1670 1978 1705 vires

1223 1724 1334 1758 Partis
1362 1722 1583 1757 Gibellinae.

1270 1776 1303 1807 E
1330 1773 1434 1820 quella
1449 1793 1622 1799 ------

1194 1861 1195 1865 ,
1221 1825 1313 1859 Heic
1340 1823 1478 1858 Auffior
1505 1822 1670 1858 describit
1702 1821 1807 1857 aliam
1835 1820 1977 1857 Civita-

1221 1885 1291 1909 tem
1339 1874 1594 1910 Romandiolae
1615 1899 1624 1915 ‚
1672 1871 1808 1907 scilicet
1854 1872 1977 1907 Caese-

1222 1937 1299 1959 nam
1316 1948 1326 1963 ,
1353 1937 1457 1971 quam
1486 1923 1616 1959 ultimo
1641 1922 1857 1960 reservavit,
1892 1923 1975 1969 quia

1222 1974 1292 2009 sola
1338 1975 1489 2023 gaudens
1534 1974 1626 2008 bono
1666 1972 1842 2007 libertatis
1866 1996 1876 2011 ,
1918 1971 1977 2007 sub

1221 2024 1353 2060 nullius
1382 2023 1571 2070 tyrannide
1598 2033 1682 2058 tunc
1710 2033 1802 2058 erat.
1841 2021 1977 2057 Descri—

1221 2076 1272 2110 bit
1314 2084 1428 2111 autem
1469 2087 1545 2110 eam
1582 2087 1600 2109 a
1637 2072 1782 2109 flumine
1825 2072 1884 2108 suo
1921 2072 1974 2107 di-

1219 2139 1319 2161 cens:

1268 2179 1301 2211 E
1336 2177 1470 2223 quella,
1511 2175 1562 2210 cui
1601 2175 1626 2210 il
1664 2174 1766 2210 savio
1804 2175 1910 2221 hagna
1950 2173 1975 2207 il

1311 2227 1442 2271 fianco.

1219 2277 1362 2313 Scilicet
1388 2276 1534 2314 Civitas
1557 2275 1733 2312 Caesena.
1761 2273 1858 2322 Sapis
1880 2273 1974 2309 enim

1218 2328 1262 2362 est
1305 2327 1460 2368 flumen,
1497 2327 1590 2375 quod
1632 2326 1764 2362 labitur
1800 2325 1840 2360 ad
1882 2325 1973 2359 latus

1192 2391 1194 2414 ¹,
1218 2378 1389 2414 caesenae
1406 2405 1414 2413 .

1269 2430 1366 2467 Cosi,
1394 2427 1469 2463 com'
1490 2428 1554 2463 ella
1579 2426 1605 2461 ,ς’
1621 2429 1637 2461 ἒ
1663 2436 1714 2461 tra
1740 2425 1766 2460 il
1787 2425 1884 2471 piano
1911 2436 1925 2456 e
1951 2420 1976 2455 'l

1318 2491 1418 2513 monte

1267 2533 1333 2564 Tra
1359 2529 1504 2564 tirannia
1523 2527 1556 2569 st
1576 2527 1676 2564 vive,
1702 2537 1718 2557 e
1737 2522 1821 2565 stato
1842 2521 1975 2564 franco.

1818 2571 1901 2606 idest
1913 2598 1923 2614 ,

1153 2070 1180 2104 E
1193 2056 1194 2069 ,
