2216 3105
273 213 353 255 521

565 196 864 240 COMMENT.
895 198 963 240 IN
989 194 1120 240 DAN
1126 192 1215 236 TIS
1242 192 1482 238 COMOED.

1701 210 1779 252 522

216 257 256 294 in
282 270 352 305 quo
380 254 580 305 proposuit,
617 256 794 304 quomodo
821 257 972 292 Ecclefia
1009 260 1042 292 A
1085 252 1280 295 Flumini8‚
1308 253 1401 299 quod
1429 253 1559 288 dicitur
1585 255 1718 300 Calor,

215 314 290 344 ‘erat
318 306 497 354 subjugata
525 320 550 344 a.
571 306 783 345 Manstedo,
812 306 873 353 qui
900 319 970 342 non

217 357 445 405 degenerabat
486 370 505 392 a
545 356 736 405 majoribus
777 355 869 396 suis,
911 357 971 405 qui

216 406 349 455 semper
385 406 640 443 tribulaverant
684 405 870 442 Ecclefiam
893 433 902 442 .

217 457 281 493 deo
327 456 368 492 ad
413 457 643 493 revocandam
680 457 879 493 libertatern
917 458 971 493 vi-

216 507 363 544 debatur
389 506 450 543 fibi
479 508 620 544 mittere
657 521 719 553 pro
746 509 878 543 Carolo
905 507 972 543 fra·
997 521 1000 527 ¹

217 566 271 595 tre
307 557 390 593 boni
426 558 606 594 Ludovici
642 558 748 607 Regis
785 557 971 601 Franciae,

215 608 259 645 de
286 621 356 656 quo
386 608 477 644 fafi‘ta
513 608 558 645 est
595 610 730 645 mentio
767 608 889 657 supra.
927 611 1001 644 Et·

216 659 358 695 demum
386 658 510 694 multis
545 658 651 694 dietis
687 659 724 694 in
753 660 973 694 commenda-

939 409 1000 442 Ι-)

1051 615 1055 668 l

1134 323 1337 329 -------
1361 301 1457 349 preffo
1482 317 1503 337 a
1529 307 1727 341 Benevento.

1084 356 1181 389 Haec
1208 352 1349 389 Civitas
1377 352 1511 388 Samnii
1538 354 1626 390 olim
1647 366 1771 391 vocata
1791 357 1836 392 est

1083 405 1348 439 Maleventum.
1385 403 1448 438 Sed
1485 402 1598 452 postea
1634 417 1694 452 per
1729 406 1838 442 ratio-

1083 467 1142 489 nes
1169 463 1308 490 mutato
1335 454 1479 489 nomine
1515 453 1608 489 difih
1644 454 1689 489 est
1728 456 1837 491 Bene-

1085 514 1251 549 ventum,
1280 513 1319 540 ut
1346 504 1435 540 dicit
1462 504 1615 541 Livius.
1651 506 1699 540 Et
1725 505 1834 541 dicit:

1133 558 1221 589 Scuto
1255 556 1290 591 la
1321 556 1461 602 guardia
1486 557 1524 590 de
1550 557 1584 590 la
1605 569 1709 602 grave
1735 569 1837 592 mora.

1084 605 1124 641 In
1166 605 1232 641 hoc
1273 607 1389 654 tangit
1426 605 1586 642 miseram
1626 605 1837 655 sepulturam

1084 655 1198 691 suam.
1227 656 1283 692 Ad
1307 658 1403 700 cujus
1430 656 1731 705 intelligentiam,
1755 658 1839 705 quia

217 709 354 745 tionem
382 709 529 752 Caroli,
566 722 645 745 cum
682 722 809 758 magno
846 709 972 745 assensu
999 710 1043 748 {B
1083 706 1185 741 litera
1227 707 1286 742 ista
1328 706 1374 742 est
1413 708 1504 743 male
1545 707 1756 747 intellesta,
1795 708 1840 744 est

217 758 379 794 omnium
412 757 564 795 Carolus
591 769 736 795 vocatus
772 760 816 795 est
852 769 972 795 contra

219 808 444 845 Manfredum
470 837 477 845 .

218 859 305 895 liam
331 883 341 899 ,
378 859 470 907 quasi
507 860 659 896 feliciter
694 861 817 896 habuit
858 861 971 896 vicio-

217 909 307 946 riam
348 909 390 945 de
430 911 616 946 Manfredo
662 912 750 959 apud
795 914 972 947 Beneven—

217 970 294 996 tum
311 987 319 996 .
348 960 466 996 Postea
493 962 534 996 de
561 960 795 1001 Conradino,
824 972 862 997 ut
889 961 972 998 scri-
999 959 1003 1020 'l

217 1010 264 1058 psl
293 1009 401 1046 Cant.
438 1014 607 1047 XXVIII.
645 1011 800 1048 Inferni.
838 1014 891 1047 Ex
919 1012 972 1047 di-
999 1022 1003 1046 e

217 1060 284 1096 &is
325 1074 407 1110 ergo
448 1062 570 1101 vides,
612 1061 635 1097 fi
673 1076 797 1111 magna
833 1062 1003 1110 fuerant,

218 1120 359 1159 peccata
385 1111 583 1148 Manfredi.
611 1112 674 1148 Sed
703 1114 814 1161 major
840 1113 884 1149 est
904 1113 969 1149 mi·
999 1114 1003 1132 ²

218 1161 403 1198 sericordia
432 1162 519 1198 Dei.
549 1163 630 1198 Ideo
658 1163 728 1211 ipse
755 1163 868 1199 dicit:

266 1214 331 1247 Ma
371 1214 407 1247 la
445 1215 540 1248 bonta}
580 1213 712 1259 infinita
747 1214 789 1249 ha
826 1216 853 1248 si
889 1227 970 1262 gran

315 1263 436 1298 bruccia

266 1313 332 1346 Che
354 1315 472 1359 prende
497 1315 561 1353 cib,
590 1315 640 1348 che
660 1314 692 1355 fi
717 1316 837 1362 rivolge
864 1330 883 1349 a
909 1316 970 1350 lei.

215 1362 384 1402 Scilicet,
414 1376 473 1412 per
500 1363 780 1410 poenitentiam,
807 1366 890 1412 quia
918 1379 969 1399 re—

215 1412 304 1459 cipit
345 1413 452 1448 etiam
496 1414 604 1457 illos,
648 1415 773 1461 quibus
819 1411 1001 1450 Ecclesia?

215 1462 348 1496 claudit
374 1462 567 1510 gremium.

261 1515 303 1546 Se
329 1511 354 1545 'l
380 1513 490 1555 Pastor
506 1534 646 1540 —————

210 1562 303 1598 Heic
339 1562 544 1599 Manu-edus
586 1565 701 1612 tangit
743 1565 968 1614 implacabile

208 1613 329 1648 odium
370 1615 607 1650 praelatorum
645 1616 818 1652 Ecclefiae
846 1627 967 1652 contra

209 1661 268 1706 se,
305 1663 386 1709 quia
414 1664 521 1698 etiarn
550 1665 621 1711 post
650 1675 799 1702 mortem
837 1667 966 1714 quaesi-

212 1723 336 1746 verunt
382 1712 574 1748 vindieiam
617 1715 659 1750 de
699 1729 765 1756 eo,
808 1716 966 1753 faciendo

210 1761 280 1796 offa
307 1762 379 1808 ejus
407 1763 514 1811 abjici
541 1773 639 1800 extra
669 1767 825 1814 Regnum
843 1792 852 1802 .
892 1769 965 1803 Un-

211 1810 253 1847 de
279 1811 388 1848 dicit.

259 1865 301 1896 Se
328 1862 351 1896 ’l
377 1863 486 1905 Pastor
511 1865 548 1899 di
573 1865 713 1910 Cosenza
727 1888 863 1905 -----

209 1911 319 1956 Idest,
348 1913 641 1963 Archiepiscopus
669 1917 904 1954 Consentinus

208 1982 378 1990 ——————
405 1963 481 1999 ch‘a
507 1966 540 2000 la
567 1967 664 2001 faccia

257 2013 306 2047 Di
331 2027 376 2047 me
397 2014 439 2061 fu
463 2015 562 2059 Messo
585 2028 640 2062 per
659 2018 817 2053 Clemente
842 2020 962 2055 allam.

210 2061 296 2097 Idest
325 2064 458 2112 legatus
490 2067 600 2112 Papae
627 2067 670 2102 ad
698 2068 962 2115 inquisitionem

211 2110 247 2147 ὅ(
276 2113 577 2161 persequutionem
606 2118 761 2164 corporis
789 2118 857 2154 mei
876 2146 885 2161 ‚

256 2162 376 2208 Aveffe
401 2165 434 2198 in
454 2165 518 2199 Dio
537 2165 595 2200 ben
619 2168 699 2202 Ietta
724 2168 827 2214 questa
841 2168 961 2211 faccia.
994 2197 996 2203 .

206 2212 372 2257 Scilicet,
410 2214 667 2252 misericordiae
696 2218 786 2253 Dei.
823 2218 911 2254 Idest
937 2219 960 2255 fi

203 2263 365 2302 vidisset,
387 2277 442 2300 me
462 2265 734 2303 misericorditer
759 2279 933 2318 receptum
950 2297 960 2315 ,

205 2311 242 2348 Sc
271 2313 426 2358 salvum,
455 2315 540 2351 ficut
566 2326 604 2352 tu
634 2330 688 2353 me
716 2318 839 2368 vide33

256 2363 298 2398 L’
314 2363 376 2410 offa
400 2366 453 2400 del
479 2377 564 2413 corpo
590 2367 651 2401 mio
672 2368 790 2412 sarien’
801 2383 932 2409 ancora,

203 2412 376 2460 Scilicet,
412 2415 572 2464 sepulta,
608 2417 692 2466 quia
727 2432 798 2455 non
826 2420 958 2469 abjeS'ta

992 2476 994 2498 ζ

928 2520 935 2527 ,
992 2500 995 2526 ι
1041 2491 1049 2545 l

991 2544 995 2559 l

1046 2548 1049 2555 ι

202 2463 344 2501 fuissent

252 2517 290 2550 In
318 2515 358 2550 co’
384 2517 438 2550 del
463 2521 581 2554 Ponte.
599 2540 741 2548 -----

301 2569 389 2601 Tora.
417 2570 477 2603 ΠῙ.

518 809 593 856 Qui
637 810 779 846 veniens
820 809 857 845 in
902 813 1003 845 lta—⁴

1014 1157 1043 1191 C

1013 1618 1042 1650 D

1012 2045 1051 2160 εἰ

1048 2161 1051 2207 !

1047 2212 1050 2287 !

1046 2326 1051 2373 l

1085 755 1282 801 sciendum,
1310 758 1402 806 quod
1427 757 1632 794 Manfredus
1651 758 1687 793 in
1709 758 1840 794 ultimo

1087 807 1242 855 proelio,
1279 808 1372 856 quod
1401 808 1499 857 geffit
1536 822 1615 844 cum
1644 811 1775 845 Carolo
1803 824 1838 846 a-

1087 857 1153 904 pud
1182 859 1444 903 Beneventum,
1472 859 1623 895 desertus
1649 861 1683 895 8<
1712 860 1837 896 dereli-

1085 907 1160 942 &cus
1187 921 1205 943 a
1243 908 1337 950 suis,
1372 909 1512 957 ingeffit
1546 909 1579 945 se
1614 909 1652 945 in
1681 911 1836 947 medium

1085 957 1235 993 furorem
1257 959 1364 1003 belli,
1380 959 1466 995 sicut
1484 959 1650 1008 scriptum
1672 961 1716 997 est
1732 963 1838 999 Cant.

1087 1011 1254 1045 XXVIII.
1284 1009 1439 1046 Inferni.
1477 1011 1549 1046 Ubi
1577 1025 1731 1060 pugnans
1760 1026 1840 1062 pro-

1086 1059 1196 1103 biter,
1234 1060 1418 1108 prostratus
1445 1061 1538 1110 fuit3
1576 1062 1746 1110 quaesitus
1775 1064 1840 1100 tri-

1086 1111 1146 1144 bus
1187 1109 1332 1148 diebus,
1374 1125 1437 1148 nec
1479 1122 1616 1160 poterat
1657 1113 1840 1160 inveniri,

1085 1160 1166 1207 quia
1202 1160 1396 1198 intraverat
1431 1163 1540 1198 aciem
1579 1162 1647 1199 fine
1683 1164 1841 1214 insigniis

1087 1211 1292 1258 Regalibus.
1325 1214 1399 1248 Nec
1428 1223 1566 1261 poterat
1593 1214 1672 1251 sciri
1690 1242 1699 1259 ,
1736 1216 1760 1251 fi
1788 1217 1837 1252 es-

1053 1266 1056 1292 i
1086 1261 1134 1296 set
1162 1272 1320 1298 mortuus
1348 1265 1404 1299 vel
1441 1274 1582 1313 captus,
1620 1276 1680 1301 aut
1705 1265 1728 1301 fi
1757 1280 1838 1303 eva-

1053 1293 1057 1351 Ι
1085 1312 1191 1347 serat.
1219 1313 1392 1349 Tamdem
1421 1328 1508 1351 unus
1532 1316 1686 1352 ribaldus
1712 1316 1754 1352 de
1782 1318 1838 1354 sua

1052 1352 1056 1374 ³
1084 1372 1186 1411 gente
1222 1364 1431 1412 recognovit
1457 1379 1534 1402 eum
1573 1380 1632 1415 per
1659 1369 1770 1403 multa
1798 1369 1839 1404 fi-

1051 1465 1055 1516 1

1050 1656 1054 1698 1

1084 1426 1149 1460 gna
1178 1415 1332 1461 corporis
1360 1414 1410 1451 sui
1430 1443 1440 1460 ‚
1477 1416 1514 1452 in
1552 1417 1668 1453 medio
1696 1421 1837 1468 campi,

1084 1463 1143 1498 ubi
1171 1462 1284 1498 fuerat
1311 1465 1424 1502 acrius
1461 1467 1654 1515 proelium.
1692 1472 1740 1505 Et
1777 1484 1837 1518 po-

1084 1526 1166 1548 nens
1197 1515 1317 1550 nobile
1353 1529 1476 1564 corpus
1513 1531 1572 1566 per
1607 1520 1839 1558 transversum

1083 1563 1184 1599 unius
1213 1564 1317 1610 alini,
1355 1567 1520 1603 veniebat
1547 1570 1729 1606 clamando
1758 1585 1838 1608 cum

1081 1614 1320 1651 exultatione:
1350 1621 1375 1650 O
1395 1631 1447 1664 ego
1474 1619 1586 1653 inveni
1613 1621 1838 1665 Manfredum.

1081 1665 1143 1700 Sed
1166 1679 1253 1701 unus
1274 1668 1363 1702 Baro
1384 1670 1506 1705 Caroli
1532 1670 1739 1718 indignans,
1762 1687 1837 1722 per-

1081 1715 1182 1750 cuffit
1208 1730 1286 1752 eum
1315 1717 1422 1758 fuste,
1459 1721 1492 1754 &
1521 1733 1645 1769 corpus
1682 1723 1838 1770 praesen-

1081 1766 1173 1801 tavit
1200 1768 1356 1802 Carolo.
1393 1771 1541 1805 Carolus
1577 1772 1748 1809 continuo
1785 1774 1834 1810 fa-

1082 1816 1175 1851 ciens
1212 1817 1331 1853 vocari
1368 1831 1489 1855 omnes
1526 1822 1677 1857 Barones
1715 1834 1835 1872 captos

1082 1865 1232 1913 petivit,
1261 1867 1283 1901 fi
1311 1867 1400 1904 illud
1428 1881 1500 1905 erat
1525 1883 1647 1919 corpus
1676 1872 1834 1910 Manfre-

1081 1916 1137 1952 di.
1165 1917 1239 1962 Qui
1266 1931 1387 1954 omnes
1414 1920 1540 1955 timide
1561 1922 1834 1970 respondebant,

1081 1967 1172 2013 quod
1201 1967 1263 2003 fic.
1301 1969 1363 2004 Sed
1403 1980 1523 2017 potens
1552 1985 1602 2007 res
1631 1973 1674 2008 est
1711 1987 1832 2012 amor.

1082 2019 1164 2052 Non
1182 2017 1287 2053 timet
1304 2019 1524 2068 conspeEium
1543 2022 1647 2071 Regis
1666 2018 1833 2071 viffioris,

1079 2080 1149 2102 non
1170 2081 1265 2103 arma
1284 2069 1442 2106 militum
1460 2071 1621 2108 viciricia
1635 2101 1643 2116 ‚
1664 2087 1733 2110 non
1757 2076 1833 2125 sup—

1080 2117 1247 2165 plicium,
1268 2131 1338 2154 non
1359 2133 1551 2166 carcerem,
1572 2136 1641 2158 non
1663 2137 1810 2162 mortem
1824 2156 1832 2163 .

1081 2170 1172 2204 Nam
1190 2170 1319 2205 Comes
1338 2171 1504 2212 jordanus
1523 2173 1642 2210 videns
1660 2189 1782 2224 corpus
1798 2192 1833 2214 a—

1079 2218 1164 2254 mati
1183 2219 1287 2268 Regis
1304 2220 1432 2256 facium
1448 2222 1607 2260 fortunae
1621 2225 1809 2264 ludibrium
1822 2256 1831 2274 ‚

1048 2298 1049 2320 3
1079 2269 1237 2304 manibus
1260 2271 1421 2318 percuffit
1440 2272 1501 2309 fibi
1530 2274 1676 2319 faciem,
1705 2279 1737 2312 8<
1759 2280 1830 2315 cla-

1079 2332 1174 2354 mans
1202 2333 1280 2355 cum
1311 2322 1451 2369 planesia
1479 2324 1601 2360 dixit:
1629 2330 1699 2361 Heu
1726 2330 1830 2370 mihi,

1078 2370 1212 2404 Domine
1232 2372 1299 2405 mi!
1325 2373 1417 2417 ‚Qm’d
1443 2375 1503 2416 est,
1532 2378 1613 2422 quod
1631 2378 1747 2414 video?
1777 2383 1830 2416 Et<

1076 2433 1146 2467 quo
1183 2419 1252 2457 fuit
1278 2422 1380 2458 valde
1416 2424 1576 2462 laudatus
1604 2440 1621 2463 a
1648 2428 1831 2467 Militibus

1076 2471 1260 2506 Franciae.
1289 2473 1360 2508 Hic
1389 2476 1555 2516 Jordanus
1577 2477 1646 2514 fuit
1674 2479 1729 2515 vir
1755 2483 1828 2516 No-

1078 2521 1160 2557 bilis
1189 2521 1229 2556 de
1259 2523 1489 2561 Pedem-,ontio
1526 2527 1563 2562 in
1590 2530 1802 2566 Lombardia
1820 2560 1830 2574 ,

1187 2573 1218 2608 L
1248 2573 1259 2607 1

1667 2579 1780 2615 affinis
