2216 3105
290 200 369 250 389
587 193 881 237 COMMENT.
914 194 980 236 ΙΝ
1009 192 1228 237 DANTJS
1256 190 1497 235 COMOED.
1720 208 1800 248 390

225 253 324 288 istum
349 253 460 288 casum
487 265 551 301 ego
578 252 649 287 sum
673 263 835 300 expertus
860 252 896 288 in
925 267 979 289 me
1021 255 1055 288 A
1096 266 1115 287 a
1143 251 1358 294 nativitate,
1398 251 1455 286 vel
1484 250 1729 286 Incarnatione
1756 252 1854 297 ejus,

226 304 300 350 ipso
328 304 363 338 in
392 302 502 338 Curia
534 305 687 338 Romana
718 304 753 337 in
783 303 979 339 Avinione.

228 356 319 391 Nam
349 352 596 388 Thesaurarius
624 352 744 400 hlajor
774 353 906 387 Urbani
935 356 980 388 V.

226 417 332 451 quum
381 403 441 439 diu
484 404 645 439 tenuisset
687 416 741 438 me
785 402 980 451 suspensum

226 455 287 490 sub
315 463 406 489 certa
438 453 492 498 spe
524 453 714 491 victoriae,
745 453 922 488 ostendens
950 453 982 489 se

228 503 541 540 affeciuoliffimum
580 504 619 539 ad
658 503 872 552 justiffimam
903 517 982 539 cau-

229 555 297 590 sam
321 569 454 594 meam,
477 555 545 602 post
567 564 702 602 tempus
724 555 868 594 videns,
891 554 983 602 quod

229 605 321 641 nihil
341 606 487 644 dabam,
516 615 554 640 ut
582 604 758 652 sperabat,
787 605 903 654 coepit
930 618 984 640 me

228 656 395 703 respicere
422 667 526 691 torvo
563 657 694 700 oculo,
731 669 839 703 quum
868 665 986 691 tamen

232 707 313 742 effet
356 706 520 754 obliquus
561 706 674 742 oculis
716 706 987 754 corporalibus,

232 757 288 793 sed
314 758 428 792 multo
455 757 564 806 magis
585 756 816 793 mentalibus.
846 759 892 792 Et
913 757 989 791 bre-

230 808 326 843 viter
360 808 509 843 deseruit
538 821 593 843 me
629 807 666 843 in
703 807 845 855 scopulo
873 806 990 855 despe-

231 868 372 894 ratum,
412 861 457 893 Et
494 857 536 893 fic
573 858 659 893 fecit
697 871 792 893 more
829 859 989 893 Malaco—

233 909 315 948 dae,
353 909 434 956 quia
471 909 592 944 docuit
629 921 684 943 me
721 907 827 944 aliam
865 907 989 952 viam,

233 973 320 1008 quae
347 973 417 995 non
446 969 518 995 erat
545 959 582 994 in
611 972 725 994 rerum
753 968 875 994 natura
893 983 902 993 .

468 1011 531 1045 Ad
558 1010 639 1053 Vers.
673 1021 753 1045 112.

277 1065 341 1105 ser
376 1062 435 1107 pit)
470 1061 546 1094 oltre
581 1059 683 1107 cinqu’
700 1072 774 1099 ore,
811 1060 862 1093 che
897 1058 989 1106 quest’

336 1112 423 1146 hotta
438 1136 448 1150 ,
476 1110 548 1149 (fc.

235 1161 292 1196 Est
319 1171 432 1197 autem
461 1161 538 1197 heic
560 1160 773 1201 notandum,
801 1160 893 1209 quod
915 1162 990 1196 Au-

235 1211 312 1247 &or
339 1226 397 1258 per
432 1211 528 1247 istam
557 1211 823 1259 descriptionem
854 1221 990 1259 tempe·—

234 1262 283 1297 ris
320 1262 433 1309 tangit
469 1263 606 1297 occulte
643 1271 809 1308 ternpus,
845 1262 883 1296 in
919 1275 989 1308 quo

233 1311 368 1357 incepit
395 1312 482 1347 istud
519 1312 662 1347 arduum
691 1314 787 1356 Opus
805 1338 814 1347 .
853 1311 989 1359 Incepit

193 1363 196 1367 ’
233 1361 353 1405 enim,
390 1371 429 1397 ut
456 1362 526 1409 jam
554 1362 659 1396 toties
687 1361 820 1396 dietum
849 1362 914 1400 est,
951 1362 988 1396 in

233 1413 389 1448 MCCC.
420 1412 511 1447 circa
548 1412 700 1446 medium
740 1411 862 1446 mensis
890 1414 989 1446 Mar-

234 1462 301 1504 tii,
329 1462 366 1497 in
395 1462 450 1497 die
471 1462 617 1497 Veneris
646 1462 785 1505 Sanffi,
813 1462 896 1509 quia
925 1463 991 1496 Pa-

233 1512 312 1547 scha
340 1521 422 1548 tunc
450 1512 518 1547 fuit
546 1512 814 1548 Martiaticum.
843 1514 890 1546 Et
912 1513 989 1547 vult

233 1562 348 1598 dicere
367 1562 572 1611 allegorice,
594 1562 686 1610 quod
709 1562 791 1598 licut
815 1576 871 1610 per
887 1561 990 1597 Mor—

233 1621 305 1649 tem
342 1615 376 1649 &
414 1613 712 1649 Resurreffionem
750 1613 879 1649 Christi
925 1613 990 1648 hu-

235 1676 378 1699 manum
407 1676 511 1712 genus
540 1664 672 1699 revixit
692 1678 710 1699 a
732 1674 846 1699 morte
872 1663 913 1699 ad
935 1663 990 1699 vi-

236 1723 332 1752 tam„
369 1714 419 1749 ita
447 1714 517 1761 ipse
545 1715 682 1749 Aucior
719 1714 841 1749 divina
876 1715 988 1762 gratia

237 1762 274 1799 in
295 1763 359 1798 tali
384 1764 440 1798 die
463 1764 504 1799 de
530 1774 640 1800 morte
660 1765 694 1799 δε
715 1765 855 1799 tenebra
882 1766 990 1800 vitio-

237 1827 313 1849 rum
342 1814 499 1850 reduetus
536 1814 604 1850 fuit
641 1814 681 1849 ad
711 1816 838 1850 claram
867 1814 961 1849 viam
979 1842 988 1858 ,

238 1864 275 1901 δί
305 1864 415 1900 vitam
453 1864 636 1901 felicitatis
666 1875 847 1901 aeternae.
886 1867 988 1901 Nunc

237 1916 278 1951 ad
311 1916 610 1962 computationem
648 1929 817 1951 annorum
847 1915 990 1950 venien-

236 1966 280 2001 do
292 1993 301 2009 ,
313 1965 467 2001 Christus
481 1976 636 2002 mortuus
647 1966 690 2001 est
703 1968 810 2002 Anno
826 1968 989 2002 XXXIII.

240 2016 317 2051 suae
353 2016 501 2060 aetatis,
539 2016 576 2052 ἃ,
613 2026 738 2066 quarto
775 2017 991 2064 incipiente.

240 2068 333 2114 Ergo
362 2065 383 2100 fi
413 2078 470 2112 34.
500 2068 615 2103 Annis
653 2067 755 2103 addas
796 2068 902 2103 1266.
934 2068 993 2102 ha-

240 2116 336 2151 bebis
366 2118 488 2151 Annos
529 2129 637 2164 1300.
671 2119 735 2152 Vel
768 2118 821 2153 vis
859 2118 994 2157 dicere,

240 2167 333 2213 quod
362 2166 499 2201 Au&or
527 2168 655 2215 incipit
692 2167 923 2203 Millefimum
953 2169 995 2203 ab

241 2216 511 2260 Incarnatione‚
548 2216 632 2253 ficut
673 2217 782 2252 Tusci
823 2218 993 2266 capiunt:

241 2266 278 2302 δζ
307 2276 390 2302 tunc
418 2281 487 2301 non
516 2276 655 2311 oportet
683 2269 854 2303 calculare
890 2268 992 2304 illum

239 2321 386 2353 ‚Annum
415 2317 679 2365 imperfefftum,
708 2318 790 2365 quia
811 2328 910 2354 erunt
934 2332 993 2366 34.

240 2368 322 2403 anni
351 2368 505 2416 integri.
543 2371 647 2404 Nunc
675 2367 756 2403 veni
785 2368 825 2404 ad
854 2369 992 2404 literam

239 2417 444 2462 obscuram,
472 2432 575 2466 quam
605 2427 643 2455 ut
671 2420 762 2454 clare
789 2418 994 2468 intelligas,

241 2468 443 2508 confidem,
481 2470 572 2517 quod
613 2469 671 2505 iste
707 2469 837 2516 incipit
873 2483 994 2506 nume—

240 2532 316 2556 rum
340 2521 528 2556 Annorum
553 2534 571 2557 a
597 2519 718 2557 Morte
744 2520 896 2566 Christi,
923 2534 994 2557 non

1098 303 1148 337 ita
1185 301 1277 349 quod
1320 310 1436 336 totum
1474 309 1610 348 tempus
1647 302 1742 337 vitae
1779 301 1851 348 ejus

1098 351 1247 387 Domini
1292 350 1368 395 Jesu
1413 349 1543 386 Christi
1588 363 1659 385 non
1711 353 1853 400 ponitur

1097 402 1199 449 heic3
1229 401 1308 437 ideo
1336 400 1450 436 dicit.-

1149 453 1249 487 Mflle
1266 455 1424 498 ‘Dugento
1450 465 1502 485 con
1529 450 1673 496 Seffanta
1698 451 1753 485 sei

1147 503 1246 538 Anni
1272 503 1424 549 compier.
1451 523 1627 528 ------

1097 556 1144 588 Et
1172 553 1248 588 heic
1286 553 1453 592 adverte,
1489 552 1582 600 quod
1619 551 1758 600 quando
1795 551 1855 587 iste

1098 605 1306 652 loquebatur
1332 631 1342 646 ,
1384 612 1457 639 erat
1497 603 1609 652 prima
1646 605 1744 638 Hora
1783 601 1854 638 diei

1098 655 1239 690 sabbati
1267 654 1406 690 Sancii.

1226 706 1288 740 Ad
1314 709 1408 740 cant.
1438 706 1546 739 ΧΧΗ.
1585 704 1667 748 Vers.
1697 716 1729 739 2.

1152 758 1183 790 E
1203 756 1381 790 cominciare
1402 755 1533 797 stormo,
1553 768 1569 787 e
1591 755 1645 798 sar
1663 756 1709 788 lor
1727 753 1856 796 mostra.

1101 806 1198 842 Sicut
1218 806 1269 848 ‚est
1297 807 1337 840 de
1366 818 1461 841 more
1489 806 1525 840 in
1556 805 1669 840 castris
1687 832 1696 848 ‚
1734 806 1857 840 multis

1100 857 1142 892 de
1169 856 1273 892 caulis
1310 855 1348 892 &
1385 855 1426 892 fit
1463 869 1542 891 cum
1579 856 1700 903 aliquo
1736 855 1859 891 instru—

1102 916 1242 943 mento.

1152 961 1184 992 E
1211 958 1349 992 talvolta
1372 958 1477 1004 partir
1500 968 1555 1004 per
1581 958 1644 991 lero
1664 958 1808 1003 [campo.

1102 1008 1210 1052 mest,
1247 1007 1361 1056 fugere
1390 1009 1430 1044 ad
1459 1008 1663 1044 evitandum
1692 1007 1856 1042 damnum

1102 1060 1136 1093 8:
1164 1059 1406 1094 verecundiam
1425 1083 1434 1098 ,
1472 1060 1513 1094 ad
1551 1059 1642 1106 quod
1671 1058 1777 1094 etiam
1806 1057 1860 1093 so—

1102 1109 1152 1144 let
1188 1109 1261 1144 dari
1299 1119 1430 1144 certum
1469 1109 1624 1158 fignum.
1661 1111 1707 1144 Et
1744 1108 1859 1143 subdit

1104 1159 1263 1203 Aufflor,
1290 1158 1323 1194 se
1351 1160 1457 1194 etiam
1487 1159 1609 1195 vidiffe
1638 1172 1739 1195 unam
1770 1161 1859 1194 Ter-

1103 1223 1175 1245 ram
1215 1211 1449 1250 tumultuare,
1486 1209 1523 1245 in
1561 1223 1628 1258 qua
1666 1211 1860 1245 tumultua—

1104 1261 1203 1295 tione
1229 1260 1330 1296 datur
1364 1261 1506 1308 aliquod
1543 1260 1675 1309 signum
1704 1274 1722 1295 a
1751 1261 1859 1307 parti—

1105 1311 1192 1345 bus.
1230 1313 1276 1345 Et
1312 1310 1403 1346 hunc
1441 1311 1557 1346 aetum
1595 1311 1682 1346 dicit
1710 1311 1860 1359 expresse

1104 1360 1137 1396 se
1173 1360 1295 1395 vidi-'ise
1331 1360 1368 1395 in
1397 1361 1556 1396 Civitate
1593 1361 1734 1401 Aretii‚
1772 1375 1859 1409 quae

1105 1411 1150 1445 est
1177 1409 1326 1445 confinis
1363 1410 1439 1446 suae
1477 1412 1607 1459 patriae
1636 1413 1859 1447 Florentiae.

1106 1461 1188 1495 Ideo
1225 1461 1444 1510 apostrophat
1480 1462 1520 1497 ad
1558 1463 1630 1511 ejus
1667 1461 1777 1498 Cives
1805 1463 1859 1498 di-

1105 1524 1204 1546 cens:

1156 1562 1302 1597 Corridor
1328 1563 1403 1597 vidi
1425 1574 1481 1610 per
1507 1564 1541 1598 la
1567 1567 1664 1599 Terra
1690 1565 1813 1606 vostra,

1156 1617 1181 1646 O
1203 1614 1337 1647 ulretini
1352 1635 1557 1641 -------

1106 1663 1192 1698 Idest
1212 1663 1370 1699 homines
1391 1675 1565 1700 currentes
1593 1665 1629 1701 in
1658 1665 1772 1701 furore
1799 1679 1860 1714 po-

1107 1714 1217 1758 pulari
1241 1727 1299 1761 per
1317 1715 1480 1751 Aretium
1503 1718 1649 1752 Terram
1663 1743 1671 1751 .
1690 1717 1745 1752 Ad
1767 1717 1860 1762 quod

1107 1763 1281 1799 sciendum
1298 1790 1309 1804 ,
1336 1766 1429 1813 quod
1457 1766 1568 1814 aliqui
1597 1766 1740 1806 dicunt,
1767 1766 1860 1814 quod

1107 1814 1172 1849 hoc
1200 1815 1329 1850 accidit
1366 1826 1544 1864 tempore,
1581 1830 1651 1864 quo
1687 1816 1861 1853 Gibellini

1107 1863 1245 1900 fuerunt
1285 1867 1414 1911 expulfi
1452 1867 1493 1902 de
1531 1868 1737 1911 Florentia,
1778 1867 1860 1915 quia

1107 1924 1190 1951 tunc
1217 1917 1371 1964 Guelpbi
1401 1928 1640 1965 percurrerunt
1661 1919 1858 1954 Civitatem

1108 1979 1203 2001 more
1241 1967 1452 2014 praedoniO.
1493 1968 1556 2003 Sed
1598 1968 1684 2004 istud
1722 1968 1861 2004 viderur

1107 2016 1341 2065 impoffibile,
1378 2018 1460 2065 quia
1497 2027 1580 2054 tunc
1617 2019 1754 2054 Αυξὶοι·
1789 2032 1860 2053 non

1107 2077 1179 2102 erat
1207 2077 1307 2103 natus
1327 2095 1337 2111 ‚
1374 2078 1436 2103 aut
1462 2078 1534 2104 erat
1563 2071 1744 2117 parvulus.
1780 2069 1860 2104 Alii

1107 2117 1249 2157 dicunt,
1286 2118 1379 2165 quod
1416 2119 1481 2154 hoc
1510 2119 1577 2154 fuit
1605 2120 1743 2168 quando
1770 2122 1860 2155 Tar-

1106 2168 1171 2202 lati
1200 2168 1239 2203 de
1270 2170 1463 2204 petramala
1493 2169 1631 2206 fuerunt
1662 2170 1792 2218 expulsi
1823 2170 1860 2204 in

1106 2220 1333 2254 MCCCVII.
1370 2222 1443 2255 Nec
1481 2220 1566 2256 istud
1595 2221 1734 2257 videtur
1771 2221 1861 2270 polle

1106 2269 1211 2304 etiam
1250 2269 1352 2308 stare,
1389 2284 1495 2318 quum
1533 2271 1670 2307 Αιιξῒοι·
1706 2273 1862 2307 nondum

1105 2319 1245 2354 vidisset
1273 2319 1331 2355 ista
1360 2321 1395 2356 in
1425 2320 1590 2358 MCCC.
1627 2323 1765 2370 quando
1801 2322 1861 2357 ha-

1106 2370 1184 2406 buit
1211 2370 1305 2406 istam
1345 2371 1437 2407 suam
1468 2373 1661 2409 vifionem.
1697 2376 1743 2408 Et
1779 2372 1859 2408 ideo

1105 2420 1148 2455 est
1184 2420 1261 2456 heic
1299 2421 1606 2467 considerandum,
1645 2423 1737 2472 quod
1779 2436 1859 2471 pro-

1105 2481 1181 2518 pter
1202 2471 1456 2517 partialitates‚
1485 2474 1610 2521 quibus
1639 2474 1769 2522 jamdiu
1790 2472 1860 2507 mi—

1104 2520 1174 2558 sera
1202 2522 1306 2559 Italia
1341 2524 1538 2564 laceratur,
1574 2526 1706 2560 multae
1744 2531 1858 2558 muta-

1740 2582 1811 2609 110-
