2216 3105
303 203 384 242 337

589 183 889 226 COMMENT.
921 185 988 227 IN
1015 183 1242 227 DANTIS'
1269 182 1510 226 COMOED.

1723 190 1801 240 338

239 244 284 279 do
321 242 449 278 Caesar
488 243 643 288 potuerit
681 255 801 278 vacare
842 242 994 279 constru-
1029 246 1062 279 A
1103 242 1259 278 exercitu
1287 243 1327 277 ad
1358 242 1593 278 invadendum
1626 242 1739 278 Pisas.
1777 246 1859 288 Quo

239 294 349 329 sstioni
373 292 663 328 nobiliffimarum
685 293 887 328 Civitatum
906 303 994 328 tern-

237 357 322 392 pore
357 343 454 378 illius
497 343 750 391 conjurationis
792 343 992 391 pestiferae,

238 406 345 441 quum
375 393 485 429 fuerat
512 393 688 428 accusatus
709 394 749 429 de
777 394 993 442 conjuratio-

237 457 307 486 ne,
335 442 373 479 ὅ(
401 444 472 489 ipse
501 444 533 479 se
561 444 725 492 purgavit
754 458 812 492 per
837 444 994 480 testimo—

237 494 336 530 nium
378 494 528 540 Quimsti
571 494 780 538 Ciceronis,
823 495 885 543 qui
922 504 994 530 erat

238 545 344 580 frater
372 545 489 581 Marci
527 544 711 581 Ciceronis
749 554 832 581 tunc
859 545 994 581 Consu—

238 594 306 631 lis?
335 596 526 641 Quomodo
553 595 659 631 etiam
687 595 837 631 Romani
866 609 995 633 expen-

239 646 364 681 dissent
392 656 528 682 tantum
558 655 694 693 tempus
722 647 763 682 ad
791 646 994 695 capiendam

239 696 436 732 Civitatem
474 696 691 733 Faesularum
721 697 788 733 illo
816 707 995 746 tempore,

240 760 310 794 quo
341 750 450 782 Roma
479 758 551 783 erat
587 747 624 782 in
652 757 752 783 tanto
788 757 995 795 potentatu,

240 811 349 845 quum
378 798 491 841 spatio
527 806 678 846 quatuor
707 811 877 834 annorum
906 808 996 834 tem—

238 861 323 897 pore
351 849 435 883 belli
457 849 624 890 Socialis,
652 862 772 885 omnes
800 848 906 885 fortes
929 851 996 884 Po—

238 900 340 947 pulos
379 899 501 934 Italiae
537 899 745 935 reduxerant
774 899 906 935 viribus
943 913 997 935 ar-

240 962 378 984 morum
407 949 466 984 sub
497 951 614 998 jugum
644 953 904 989 Rornanorum,
933 950 993 997 qui

242 1000 508 1046 conjuraverant
536 1009 655 1035 contra
686 1000 857 1036 Romam?
895 1003 996 1046 Quo—

242 1051 349 1085 modo
376 1050 483 1085 etiam
521 1051 700 1086 Florentia
737 1051 841 1086 fuerit
869 1052 910 1087 de
937 1065 997 1087 au-

242 1100 469 1136 xiliatoribus
485 1100 640 1136 Caesaris
654 1129 662 1142 ,
683 1115 790 1148 quum
810 1110 892 1137 tunc
914 1104 995 1137 Flo-

242 1151 356 1186 rentia
384 1151 446 1186 vix
477 1151 696 1186 nasceretur?
735 1155 858 1187 Sarnus
890 1153 995 1187 etiam

242 1214 313 1236 non
335 1200 378 1236 est
399 1203 538 1245 Arnus,
560 1212 597 1237 ut
618 1202 704 1237 alibi
726 1203 878 1238 dicetur.
908 1203 997 1248 Quis

243 1265 325 1297 ergo
352 1250 589 1286 aedificaverit
617 1253 832 1288 Florentiam
862 1253 997 1296 primo,

241 1301 387 1348 ignoro.
418 1304 493 1336 Nec
522 1302 622 1336 credo
641 1328 650 1343 ,
689 1303 780 1349 quod
809 1317 827 1337 a
856 1305 998 1338 Floren-

241 1351 321 1386 tino
349 1351 463 1385 nobili
491 1350 587 1386 Cive
616 1354 775 1387 Romano
814 1353 918 1388 fuerit
955 1353 997 1388 slc

243 1401 490 1444 denominata,
527 1415 589 1436 nec
617 1415 634 1436 a
662 1404 799 1450 Campo
829 1403 971 1438 Florido
989 1432 997 1446 ,

242 1450 328 1486 ficut
355 1451 462 1486 etiam
490 1451 542 1487 isti
571 1451 720 1495 dicunt,
758 1467 864 1500 quum
904 1454 998 1488 dicat

243 1501 402 1544 Plinius,
430 1502 522 1549 quod
553 1502 730 1538 Florentia
752 1504 840 1538 olim
870 1504 997 1539 Fluen-

240 1552 293 1587 tia
321 1551 411 1586 dieta
434 1552 497 1587 est.
525 1553 663 1588 Austor
683 1567 752 1588 non
778 1555 877 1597 vult,
905 1554 997 1601 quod

241 1602 422 1637 Florentia
449 1602 609 1639 habuerit
636 1614 751 1639 ortum
779 1619 797 1640 a
826 1604 998 1640 Faesulis.

242 1652 306 1687 Sed
328 1653 488 1699 quando,
516 1656 716 1700 quomodo,
741 1656 796 1690 vel
816 1669 876 1703 per
895 1669 998 1703 quern

243 1701 355 1737 fateor
382 1715 438 1737 me
463 1703 594 1738 nescire
611 1730 620 1738 .

491 1755 552 1788 Ad
580 1754 661 1798 Vetfi
690 1756 748 1796 67.

295 1803 422 1837 flecchia
437 1803 526 1846 fama
543 1805 593 1838 nel
607 1807 715 1839 mondo
730 1807 756 1838 li
771 1806 892 1842 chiama
910 1807 979 1842 orbi
988 1832 998 1846 ,

294 1856 393 1887 Gente
418 1867 522 1887 avara
536 1876 866 1882 -----------

242 1902 301 1938 Ad
319 1903 592 1951 intelligentiam
611 1905 712 1953 hujus
728 1906 810 1942 fasti
829 1907 873 1942 est
891 1908 998 1943 scicn-

243 1953 347 1992 dum,
368 1955 460 2001 quod
481 1957 676 1991 communis
697 1957 820 2004 opinio
838 1959 996 1993 omnium

245 2003 397 2051 ipsorum
421 2006 706 2042 Florentinorum
722 2008 786 2047 est,
807 2009 899 2055 quod
918 2012 999 2043 Flo—

246 2054 377 2088 rentini
406 2054 470 2090 smt
498 2057 616 2092 vocati
646 2058 738 2093 caeci
775 2068 915 2106 propter
942 2059 999 2094 de-

245 2102 414 2139 lufionem
430 2129 440 2143 ‚
476 2119 578 2152 quam
617 2119 819 2150 receperunt
855 2110 942 2144 olim
982 2123 1000 2144 a

247 2153 400 2190 Pisanis.
424 2157 515 2191 Nam
535 2166 573 2191 ut
590 2158 729 2193 tradunt
746 2173 863 2194 eorum
887 2160 1001 2195 Chro-

246 2204 323 2239 nica
339 2231 347 2243 ,
374 2206 479 2240 Anno
500 2207 646 2242 Domini
672 2209 777 2244 nostri
797 2210 871 2253 Jesu
892 2210 1000 2245 Chri-

246 2254 286 2290 sti
323 2257 517 2291 MCXVH.
557 2257 671 2292 Pisani
712 2267 794 2294 tunc
835 2261 1001 2307 temporis

247 2305 479 2353 potentissimi
499 2306 535 2341 in
557 2308 644 2343 mari
665 2307 820 2344 fecerunt
841 2323 1000 2358 magnam

247 2356 382 2390 clamem
413 2359 599 2393 Galearum
636 2359 676 2393 ad
715 2359 917 2407 capiendam
946 2363 1002 2395 ln-

247 2405 355 2441 sulam
378 2406 595 2454 Majoricae,
620 2422 724 2457 quam
747 2420 1001 2457 occupaverant

247 2457 428 2493 Saraceni.
464 2460 510 2493 Et
537 2472 643 2505 quum
674 2461 743 2507 jam
773 2461 878 2496 effent
908 2462 944 2497 in
973 2461 1002 2496 i—

246 2507 382 2552 tinere,
414 2521 493 2545 ecce
520 2509 694 2547 Lucenses
722 2522 891 2548 venerunt
924 2525 1000 2548 cum

1103 293 1249 331 andito,
1285 292 1401 327 Pisani
1441 306 1510 327 non
1550 292 1712 328 audentes
1742 306 1860 341 proce-

1103 343 1208 382 dere,
1243 355 1286 377 ne
1322 356 1441 377 eorum
1479 342 1620 378 Civitas
1652 343 1861 383 vastaretur,

1103 392 1142 428 &
1179 392 1335 428 recedere
1380 393 1421 427 ab
1468 392 1633 440 incoepto
1679 393 1863 428 videbatur

1103 443 1151 479 eis
1173 442 1418 478 inhonorabile
1443 440 1481 478 &
1503 441 1729 486 damnosum,
1754 456 1862 490 quum

1106 495 1247 542 vulgata
1274 494 1356 529 esset
1386 492 1476 528 fama
1513 491 1551 528 &
1589 492 1678 528 faeta
1715 492 1863 541 expensa

1106 558 1257 593 magna,
1291 544 1371 579 ideo
1399 543 1523 578 habito
1549 543 1642 579 inter
1668 557 1725 579 eos
1754 542 1863 579 confi-

1106 595 1156 630 lio
1184 595 1352 631 miserunt
1378 594 1419 629 ad
1457 594 1682 630 Florentinos
1714 604 1797 630 tunc
1827 608 1864 629 a-

1106 645 1258 681 nimosos
1286 644 1486 681 eorumdem
1515 646 1669 684 amicos,
1695 655 1733 680 ut
1761 645 1863 680 debe—

1106 705 1182 731 rent
1222 696 1340 731 venire
1381 695 1420 731 ad
1463 695 1650 732 custodiam
1689 695 1862 735 Civitatis

1109 746 1281 781 Pisarum.
1313 746 1509 782 florentini
1540 756 1715 793 gratanter
1739 746 1863 782 assum—

1108 796 1222 832 serunt
1250 796 1481 833 defensionem
1512 806 1633 832 contra
1664 796 1863 836 Lucenses,

1108 846 1146 883 &
1170 847 1408 895 quoscumque
1433 849 1590 883 volentes
1613 847 1789 883 molestare
1809 847 1864 882 di-

1107 898 1198 933 <stam
1228 898 1446 934 Civitatem.
1484 901 1530 933 Et
1560 899 1732 933 continuo
1761 897 1864 933 mise-

1107 958 1185 984 runt
1230 958 1349 997 gentes
1391 949 1556 997 equestres
1598 948 1635 984 ἃ
1675 948 1864 995 pedestres,

1107 1012 1193 1046 quae
1220 999 1406 1047 posuerunt
1432 999 1533 1035 castra
1559 1012 1665 1046 prope
1688 999 1779 1034 Pisis
1808 1012 1865 1046 per

1107 1051 1174 1085 duo
1218 1049 1387 1085 milliaria
1405 1077 1415 1086 0
1461 1053 1507 1085 Et
1551 1050 1701 1085 Potestas
1743 1062 1864 1085 eorum

1107 1099 1292 1147 prudenter
1326 1100 1535 1140 mandavit,
1572 1114 1615 1135 ne
1650 1100 1778 1148 aliquis
1807 1101 1863 1136 in-

1107 1160 1212 1185 traret
1232 1150 1457 1199 Civitatem3
1481 1152 1514 1186 ὃ(
1536 1163 1644 1198 quum
1669 1164 1755 1186 unus
1779 1164 1863 1185 con—

1107 1209 1158 1236 tra
1186 1210 1407 1249 praeceptum
1436 1203 1590 1237 intraffet
1608 1229 1617 1240 .
1655 1201 1866 1236 condem-na-

1110 1261 1163 1286 tus
1201 1251 1268 1286 fuit
1306 1252 1344 1286 ad
1385 1261 1554 1287 mortem.
1597 1254 1680 1297 Quo
1717 1251 1865 1295 audito,

1108 1302 1265 1336 seniores
1295 1301 1449 1337 Pisarurn
1478 1302 1658 1337 venientes
1688 1302 1727 1337 ad
1762 1303 1864 1336 Pote-

1110 1351 1254 1395 statem,
1291 1363 1502 1400 rogaverunt
1540 1366 1641 1396 eum,
1679 1362 1717 1387 ut
1745 1365 1864 1387 eorum

1109 1403 1409 1449 contemplatione
1432 1402 1670 1438 remitteretur
1697 1402 1756 1438 fibi
1784 1416 1864 1451 poe—

1111 1464 1174 1486 na.
1215 1454 1260 1487 Et
1301 1465 1371 1486 non
1415 1454 1569 1488 valentes
1611 1452 1749 1488 fleE’tere
1785 1466 1864 1488 eum

1110 1501 1289 1550 precibus,
1328 1503 1503 1547 protestati
1542 1503 1645 1547 sunt,
1683 1504 1774 1551 quod
1803 1517 1867 1538 no-

1110 1553 1226 1587 lebant
1263 1552 1375 1600 ipsum
1419 1553 1571 1588 interfici
1609 1554 1645 1588 in
1685 1554 1864 1590 territorio

1111 1616 1255 1638 eorum.
1293 1605 1395 1638 Tun:
1435 1604 1583 1639 Potestss
1615 1614 1713 1639 caute
1741 1603 1778 1639 ἃ
1807 1617 1866 1639 oc—

1111 1654 1205 1688 culte
1238 1652 1322 1688 fecit
1350 1655 1418 1689 emi
1458 1668 1576 1703 agrum
1606 1669 1624 1690 a
1652 1654 1776 1690 rustico
1805 1668 1867 1689 no-

1113 1703 1207 1738 mine
1243 1704 1455 1740 Communis
1492 1705 1713 1746 Florentiae,
1751 1704 1789 1740 ὅ(
1817 1705 1868 1740 ibi

1111 1754 1195 1789 fecit
1234 1754 1390 1801 suspendi
1428 1769 1549 1790 reum.
1592 1756 1709 1791 Pisani
1752 1766 1867 1791 autem

1113 1803 1234 1839 reverfi
1260 1818 1277 1839 a
1298 1806 1559 1853 recuperatione
1588 1804 1804 1854 Majoricae‚
1833 1819 1868 1841 e-

1112 1864 1236 1902 gerunt
1263 1856 1391 1902 gratias
1420 1856 1634 1891 Florentinis
1655 1857 1695 1891 de
1723 1866 1797 1891 tam·
1824 1857 1869 1891 li-

1115 1906 1220 1941 berali
1250 1904 1287 1941 &
1315 1906 1484 1941 laudabili
1514 1906 1705 1942 beneficio.
1734 1909 1779 1942 Et
1806 1908 1868 1941 ob—

1114 1957 1298 2000 tulerunt,
1335 1966 1373 1991 ut
1401 1957 1569 2005 eligerent
1606 1957 1700 2005 quod
1737 1957 1867 2004 lignum

1113 2007 1283 2041 vifi'soriae
1312 2007 1427 2055 potius
1456 2008 1614 2050 vellent,
1653 2008 1709 2042 vel
1749 2009 1868 2042 Portas

1114 2059 1273 2098 Aeneas,
1302 2059 1356 2091 vel
1386 2058 1578 2093 Columnas
1606 2058 1646 2093 de
1677 2057 1870 2104 Porphyre-

1114 2107 1208 2148 tico‚
1243 2120 1327 2153 quas
1355 2118 1578 2154 portaverant
1606 2122 1625 2143 a·
1652 2107 1745 2143 dina
1774 2107 1871 2143 Insu—

1114 2159 1166 2192 la.
1204 2158 1402 2193 florentini
1441 2159 1616 2206 petierunt
1653 2160 1870 2194 Columnas.

1113 2211 1159 2243 Et
1196 2207 1330 2252 fertur,
1367 2209 1458 2256 quod
1499 2209 1613 2244 Pisani
1652 2223 1695 2244 ex
1733 2208 1870 2244 invidia

1113 2258 1343 2294 incenderunt
1370 2273 1450 2294 eas.
1481 2259 1615 2294 Deinde
1644 2259 1722 2295 illas
1752 2259 1872 2294 fascis-

1114 2318 1164 2344 tas
1206 2311 1363 2344 Scarlato
1401 2309 1461 2345 sub
1504 2310 1615 2357 specie
1658 2309 1800 2344 honoris
1837 2311 1870 2344 ἃ

1113 2373 1259 2408 pompae
1280 2360 1496 2396 tradilerunt
1524 2360 1759 2396 Florentinis.
1789 2362 1871 2395 Flo-

1112 2410 1244 2446 rentini
1261 2409 1448 2457 spoliantes
1465 2412 1645 2446 columnas
1661 2439 1669 2453 ‚
1693 2410 1765 2445 visa
1782 2409 1870 2444 frau—

1112 2461 1174 2503 de,
1207 2473 1284 2495 cum
1314 2460 1445 2496 summa
1474 2461 1719 2510 indignatione
1747 2473 1870 2501 coepe—

1112 2519 1193 2546 runt
1220 2511 1354 2547 dicere:
1384 2515 1471 2547 Bene
1490 2512 1600 2558 sumus
1623 2511 1720 2550 caeci,
1748 2510 1802 2554 qui
1818 2509 1868 2553 fi-

1718 2562 1821 2594 dimus
