2216 3105
398 222 480 264 327
668 210 1137 257 BENVENUTI
1179 211 1627 258 JMOLENSJS
1813 219 1899 272 '328

332 266 450 313 qualia
493 265 571 303 sunt
621 270 857 307 communiter
905 272 1088 311 domicilia
1131 277 1161 311 A
1198 272 1280 307 bens
1317 274 1464 322 patriam
1502 274 1596 311 suam
1638 288 1656 310 a
1699 275 1956 324 pmtecSloribus

333 316 552 353 Rusticorum
569 317 607 354 in
628 321 808 357 territorio
828 322 1066 360 Paduanorum
1079 352 1087 360 .

331 366 379 401 Er
407 368 549 404 veniens
570 369 711 405 obviam
734 371 826 415 istis,
854 372 969 418 dixit,
995 378 1088 423 quod

331 415 460 453 fecerat
487 420 527 454 ad
557 419 675 456 festum
704 420 741 456 &
762 422 927 471 gaudium
951 435 1090 473 propter

332 479 451 503 eorum
481 470 691 514 adventum,
729 482 768 508 ut
808 472 899 519 ipsos
927 477 1089 525 magnifi-

332 518 467 554 centius
495 520 701 557 honoraret.
730 523 770 557 In
799 522 864 558 hoc
892 536 984 561 certe
1012 527 1090 562 vio-

332 568 465 604 lentior
491 569 530 605 &
557 571 682 606 vanior
709 571 777 607 fuit
805 574 965 611 Nerone.
995 577 1089 622 Quia

335 619 431 654 Nero
482 619 567 656 fecit
607 621 748 656 incendi
789 622 911 660 domos
953 626 1090 666 Urbis,

333 668 392 704 iste
434 673 516 705 vero
545 671 719 718 proprias.
765 674 887 713 Nero,
928 677 1090 722 quamvis

333 719 463 759 laetus,
492 721 728 768 pulcritudine
757 721 916 760 flammae
943 726 1089 761 Iliadem

333 768 552 810 decantaret,
595 780 711 806 tamen
749 771 833 808 fecit
860 774 1000 812 incendi
1028 777 1090 812 do-

333 831 432 858 mos,
469 820 616 856 offensus
657 822 809 870 angustia
845 824 1009 870 viarum,
1053 836 1090 862 ut

333 867 424 904 dicit
461 872 666 911 Suetonius,
704 873 786 919 quia
823 873 958 911 scilicet
985 877 1090 913 tirne-

335 919 395 954 bat
422 919 483 955 fibi
511 921 669 958 infidias.
696 923 760 959 Iste
780 938 862 960 vero
883 927 993 962 laetus
1014 929 1090 976 glo-

334 968 503 1007 riabatur¹
525 972 690 1008 incendio
727 987 879 1023 magno,
920 979 1012 1024 quod
1042 977 1088 1013 fe-

335 1030 428 1056 cerat
459 1022 637 1058 vaniffima
662 1025 778 1060 causti.
807 1026 889 1062 Ideo
909 1027 994 1063 bene
1016 1030 1091 1063 Au-

334 1069 411 1106 &or
437 1072 574 1108 inducit
603 1087 701 1109 canes
729 1075 770 1110 ad
812 1076 1003 1112 faciendam
1033 1092 1092 1113 ve-

333 1122 514 1158 nationem
552 1124 593 1158 de
633 1138 696 1167 eo,
738 1125 799 1172 qui
827 1125 888 1162 fibi
929 1129 963 1162 ὃς
990 1129 1092 1164 alteri

335 1174 546 1209 violentiam
576 1174 809 1211 miserabilem
839 1177 1028 1214 intulerat.

571 1226 634 1259 uqll
662 1226 742 1270 Vt’rfi
769 1238 850 1273 143·

386 1277 419 1310 Io
442 1275 494 1319 fni
519 1276 604 1310 della
630 1276 742 1314 Cinci,
770 1278 820 1311 che
847 1279 898 1312 nel
917 1280 1043 1323 Batista

437 1326 560 1372 Ctmgt'b
589 1325 613 1359 'l
636 1326 737 1372 primo
760 1328 898 1373 padrone
924 1350 941 1355 -
967 1351 983 1356 -
1010 1352 1025 1357 -
1051 1351 1067 1356 -

337 1377 441 1412 Nunc
462 1375 518 1410 iste
540 1375 679 1422 spiritus
696 1375 938 1413 innominatus
954 1380 1092 1426 respon-

335 1426 394 1461 det
421 1426 462 1460 ad
490 1425 702 1473 quaefitum,
743 1436 782 1461 ut
809 1428 929 1464 reddat
956 1430 1093 1465 Aueio-

334 1489 406 1511 rem
446 1476 543 1524 pium
581 1476 621 1510 ad
659 1477 915 1525 congregandas
956 1479 1092 1514 frondes

336 1526 461 1574 sparsas
479 1555 488 1570 ‚
525 1525 610 1561 sicut
639 1526 748 1573 postea
787 1525 919 1563 faciet.
961 1532 1007 1565 Et
1035 1530 1091 1565 de-

334 1577 456 1612 scribit
485 1576 516 1611 se
543 1589 560 1610 a
589 1575 720 1623 patria,
748 1577 780 1611 8<
811 1578 932 1626 culpa,
961 1578 997 1615 Se
1020 1579 1093 1615 sens

334 1626 531 1662 tentialitei·
558 1626 662 1674 usque
690 1626 726 1662 in
756 1627 881 1662 finem.
911 1631 987 1665 Nec
1016 1632 1093 1665 vult
1133 1627 1164 1659 D

335 1677 429 1712 aliud
459 1676 572 1711 dicere
601 1676 684 1715 nifi,
722 1677 814 1723 quod
851 1677 919 1713 fuit
948 1681 1093 1715 Floren-

333 1727 429 1762 tinus
458 1726 622 1770 natione,
659 1725 697 1762 ἃ
739 1727 831 1774 quod
860 1727 1034 1776 suspendit
1061 1730 1093 1765 se

333 1778 480 1824 laqueo.
522 1777 579 1811 Ad
617 1777 708 1823 quod
751 1777 958 1818 sciendum,
999 1780 1091 1827 quod

334 1827 420 1862 bene
448 1840 516 1861 non
546 1827 654 1874 potest
674 1827 926 1874 conjeciurari,
954 1829 994 1864 de
1019 1843 1091 1877 quo

332 1877 471 1912 Aufilor
511 1878 676 1923 loquatur
720 1877 821 1921 heic,
863 1879 945 1925 quia
987 1880 1091 1916 multi

332 1926 473 1963 fuerunt
500 1927 720 1971 Florenffini,
749 1927 809 1975 qui
839 1927 870 1963 se
891 1930 1016 1976 laqueo
1038 1930 1091 1966 su-

331 1977 541 2025 spenderunt
561 1978 680 2012 eodem
703 1987 881 2027 tempore,
907 1979 991 2015 sicut
1013 1980 1092 2028 qui-

331 2028 410 2063 dam
440 2029 480 2063 de
507 2026 644 2063 Modiis
673 2028 815 2064 nomine
845 2030 1012 2074 Ruchus‚
1052 2030 1091 2066 ἃ

331 2078 474 2126 quidam
523 2077 694 2113 Dominus
733 2081 863 2114 Lottus
890 2080 932 2115 de
960 2080 1090 2129 Aglis‚

332 2131 394 2176 qui
423 2129 501 2163 data
529 2129 594 2163 unzi
622 2129 791 2164 sententia
820 2129 903 2165 falsa
929 2129 1000 2165 ivit
1029 2130 1091 2166 do-

332 2192 429 2214 mum
456 2206 466 2222 ‚
503 2177 541 2213 δι
578 2178 692 2214 statim
732 2178 764 2214 se
805 2179 1013 2229 suspendit3
1056 2182 1089 2215 8<

330 2228 438 2264 multi
467 2228 551 2272 alii,
579 2242 726 2275 quorum
755 2229 899 2265 nomina
927 2243 996 2265 non
1017 2244 1089 2266 me-

331 2278 444 2314 mini.
473 2280 519 2313 Et
547 2278 647 2313 credo
664 2302 674 2316 ‚
701 2279 794 2325 quod
815 2279 953 2315 AuGtor
973 2280 1015 2315 de
1035 2280 1088 2316 in—

332 2328 458 2364 dustria
486 2327 528 2363 sic
556 2327 703 2367 fecerit,
731 2337 770 2363 ut
798 2329 906 2375 poffet
932 2329 1089 2378 intelligi

331 2378 374 2414 de
396 2382 605 2425 unoquoque
626 2377 751 2413 talium
766 2406 775 2421 ‚
798 2378 884 2414 licet
905 2377 993 2415 forte
1014 2379 1089 2428 pos—

332 2428 382 2464 set
419 2428 575 2476 intelligi
613 2427 729 2476 potius
770 2428 811 2462 de
847 2429 987 2472 judice,
1029 2430 1088 2477 qui

331 2488 406 2515 erat
433 2478 576 2526 majoris
603 2478 734 2527 pretii,
772 2477 808 2513 ὅ(
836 2479 975 2526 gravius
1003 2480 1091 2515 deli-

333 2530 433 2578 quit.
461 2528 563 2566 Dicit
599 2542 681 2577 ergo
707 2528 770 2565 ille
798 2528 938 2578 spiritus
965 2530 1091 2567 descri-

1199 321 1266 358 suis
1282 348 1290 359 .

1248 376 1281 408 Io
1302 375 1354 418 fui
1378 377 1464 410 della
1492 376 1604 420 Cinci,
1632 375 1715 412 idest
1739 376 1779 411 de
1808 378 1954 412 Floren-

1199 423 1272 468 tia,
1299 427 1350 459 che
1377 430 1459 459 marc>
1487 428 1512 461 il
1536 428 1636 472 primo
1660 429 1817 474 padrone,
1857 427 1952 462 scili-

1199 483 1252 508 cet
1279 477 1430 511 Martem
1461 478 1510 511 nel
1537 477 1685 520 Rutilia,
1714 477 1796 512 idest
1823 478 1953 521 Johan-

1199 537 1276 559 nem
1303 526 1511 572 Baptistam‚
1539 527 1601 573 qui
1628 527 1673 562 est
1700 527 1802 562 hodie
1833 530 1954 563 Patro-

1199 588 1261 610 nus
1289 576 1507 612 Florentiae.
1545 579 1590 612 Et
1619 578 1659 612 ad
1687 576 1787 625 hujus
1816 577 1954 613 intelli-

1200 625 1352 671 gentiam
1382 627 1425 660 est
1453 626 1652 668 sciendum,
1689 627 1782 674 quod
1810 628 1952 663 Civitas

1200 676 1398 710 Florentiae
1426 676 1514 711 olim
1551 676 1674 711 habuit
1710 679 1863 711 Martem
1893 691 1955 724 pro

1202 726 1276 761 Deo
1318 725 1502 774 praecipuo
1543 725 1580 761 ἅ
1624 726 1824 761 ΡιὉτεᾶοτε
1866 726 1927 761 suo
1944 751 1955 761 .

1200 777 1246 810 Et
1275 785 1311 811 ut
1348 776 1531 824 colligitur
1567 789 1609 811 ex
1648 775 1837 811 Chronicis
1875 778 1958 811 Flo-

1199 825 1353 869 rentiae,
1381 827 1474 862 stetit
1502 826 1561 862 sub
1590 826 1859 874 Imperatoribus
1883 829 1955 862 Ro-

1202 876 1312 910 manis
1349 876 1385 911 in
1428 878 1503 924 lege
1541 878 1676 925 Pagana
1715 890 1773 924 per
1809 878 1955 913 CCCL.

1201 938 1333 960 annos.
1371 928 1417 961 Et
1454 926 1475 960 fi
1513 926 1573 975 qui
1601 935 1697 962 erant
1734 926 1956 970 Christiani,

1201 974 1329 1010 timore
1355 988 1424 1009 non
1451 977 1677 1022 propalabant
1702 976 1755 1020 se,
1785 976 1889 1024 usque
1914 977 1957 1012 ad.

1202 1033 1338 1072 tempus
1360 1025 1604 1068 Constantini,
1631 1039 1701 1073 quo
1721 1036 1877 1074 tempore
1898 1027 1957 1062 fir-

1202 1085 1293 1109 mata
1324 1074 1367 1110 est
1395 1075 1565 1111 Ecclesiae
1593 1075 1756 1119 libertas,
1793 1077 1826 1111 8<
1856 1076 1957 1112 Fides

1200 1125 1321 1161 diffusa
1359 1139 1417 1173 per
1453 1135 1598 1162 totum.
1638 1126 1833 1162 florentini
1872 1140 1954 1174 ergo

1200 1178 1358 1212 Statuam
1386 1176 1514 1212 Martis
1551 1177 1592 1211 de
1620 1178 1773 1224 Templo
1811 1177 1955 1212 abstule—

1201 1235 1307 1266 runt,
1343 1228 1376 1262 8<
1406 1228 1486 1262 loco
1514 1227 1612 1262 illius
1640 1227 1863 1262 affumserunt
1895 1230 1954 1271 Jo-

1199 1277 1346 1312 hannem
1377 1277 1563 1324 Baptistam
1592 1290 1654 1325 pro
1681 1291 1800 1312 eorum
1833 1279 1953 1312 Patro-

1199 1340 1244 1363 no
1271 1329 1304 1362 8<
1334 1327 1550 1375 protefiore,
1585 1340 1653 1362 non
1683 1328 1815 1362 mutati
1842 1327 1952 1362 forma

1198 1378 1366 1423 Templi.
1404 1380 1559 1413 Statuam
1589 1386 1703 1412 autem
1732 1377 1862 1412 Martis
1890 1391 1952 1425 po-

1199 1427 1337 1462 suerunt
1364 1427 1533 1462 iniaastam
1562 1426 1598 1462 in
1620 1428 1689 1462 alta
1710 1427 1840 1466 Turri,
1868 1427 1951 1475 quia

1196 1477 1319 1525 opinio
1348 1478 1502 1512 constans
1529 1486 1601 1513 erat
1628 1477 1787 1512 omnium
1807 1505 1817 1520 ‚
1857 1477 1951 1525 quod

1198 1527 1486 1574 quandocumque
1516 1537 1732 1566 mutaretur,
1762 1529 1819 1562 vel
1849 1527 1886 1562 in
1915 1541 1950 1562 a-

1197 1577 1296 1624 liquo
1318 1577 1529 1614 laederetur,
1552 1590 1715 1625 magnum
1734 1577 1950 1624 periculum,

1197 1625 1235 1662 δε
1273 1640 1363 1662 nova
1402 1627 1554 1662 mutatio
1596 1626 1798 1662 immineret
1843 1628 1953 1663 Urbi.

1198 1678 1382 1712 Tenebant
1410 1677 1504 1712 enirn
1533 1677 1643 1711 adhuc
1672 1677 1809 1723 aliquos
1840 1689 1953 1713 mores

1199 1726 1420 1775 Paganismi3
1459 1727 1570 1761 immo
1607 1726 1739 1773 semper
1766 1735 1954 1762 tenuerunt

1198 1777 1287 1811 hanc
1325 1777 1569 1812 credulitatem
1607 1788 1753 1811 vanam.
1793 1776 1855 1811 Sed
1893 1776 1954 1811 ista

1198 1826 1315 1874 imago
1342 1826 1473 1862 dicitur
1499 1826 1597 1861 fuiffe
1626 1826 1779 1871 perdita,
1813 1826 1953 1873 quando

1199 1876 1378 1912 Florentia
1405 1876 1474 1912 fuit
1501 1876 1666 1911 destruffla
1695 1890 1753 1923 per
1776 1876 1954 1912 Attilam.

1200 1927 1314 1962 Postea
1341 1927 1495 1962 tamdem
1522 1926 1741 1961 reaedificata
1769 1926 1954 1970 Ciuitate,

1198 1977 1265 2012 fuit
1292 1976 1497 2018 reinventa,
1528 1974 1565 2011 &
1595 1976 1701 2021 polita
1728 1976 1765 2011 in
1795 1989 1863 2011 uno
1894 1975 1953 2011 Pi-

1198 2027 1298 2062 lastro
1325 2027 1362 2061 in
1391 2026 1505 2075 capite
1543 2026 1665 2061 Pontis
1695 2026 1855 2064 Veteris,
1893 2025 1954 2061 ubi

1198 2076 1291 2112 stetit
1332 2076 1437 2124 usque
1478 2076 1518 2111 ad
1562 2086 1719 2124 tempora
1758 2075 1955 2120 Aufiloris,

1198 2128 1310 2163 immo
1338 2128 1429 2162 ultra
1461 2126 1565 2173 usque
1593 2127 1634 2162 ad
1667 2126 1854 2161 Diluvium
1890 2129 1956 2161 Ar-

1199 2177 1266 2217 ni,
1312 2176 1404 2225 quod
1446 2177 1515 2213 fuit
1554 2176 1591 2212 in
1632 2179 1955 2215 MCCCXXXV„

1200 2227 1292 2274 quod
1320 2236 1403 2263 tunc
1424 2227 1602 2263 violenter
1628 2227 1756 2276 dejecit
1787 2229 1955 2264 Pontem,

1200 2277 1237 2313 &
1258 2277 1450 2326 asportavit
1477 2277 1667 2325 imaginem
1684 2305 1693 2321 ,
1721 2278 1755 2312 &
1777 2278 1844 2312 alia
1866 2277 1956 2311 mul-

1202 2338 1235 2363 ta
1263 2327 1300 2364 &
1331 2341 1454 2375 magna
1491 2328 1616 2363 damna
1652 2327 1760 2371 fecit,
1798 2328 1838 2361 de
1875 2325 1955 2372 qui-

1203 2379 1264 2414 bus
1290 2379 1425 2414 dicetur
1454 2377 1566 2414 alibi.
1604 2377 1668 2413 Sed
1699 2377 1864 2425 quamd³u
1892 2377 1955 2410 du-

1202 2428 1295 2464 ravit
1321 2428 1381 2464 ista
1411 2430 1510 2464 Petra
1528 2455 1537 2471 ‚
1566 2427 1705 2463 duravit
1733 2439 1825 2462 error
1855 2426 1957 2460 indu-

1202 2488 1294 2514 ratus
1319 2479 1355 2514 in
1375 2478 1550 2513 mentibus
1573 2480 1761 2512 multorum
1786 2475 1931 2510 Civium
1948 2501 1957 2510 .

1206 2530 1309 2566 Unde
1354 2529 1515 2566 narrabat
1556 2527 1646 2563 mihi
1687 2526 1891 2610 Boccatiusl
1919 2526 1960 2560 de

1771 2578 1909 2612 Certa-
