2216 3105
238 224 323 274 '597

186 274 418 313 Romandiola
446 273 662 322 inquirentes
699 274 740 310 de
780 287 845 309 eo.
890 277 936 310 Et

181 328 221 363 ad
249 325 468 375 aperiendam
508 325 601 360 viam
643 324 683 360 ad
712 324 800 360 hanc
828 334 938 360 mate-

177 377 265 414 riam
284 402 292 416 ,
322 377 366 413 est
395 376 509 425 primo
537 375 738 420 sciendum,
767 375 859 423 quod
882 374 938 411 isti

178 429 248 464 duo
276 427 416 476 spiritus
443 426 578 462 nobiles
606 435 704 462 erant
743 439 830 461 unus
858 427 938 474 qui-

179 480 258 514 dam
285 477 418 513 nobilis
445 476 502 512 vir
528 475 566 512 &
596 477 742 526 prudens
784 479 938 512 Roman-

178 529 293 564 diolus
320 528 362 563 de
390 527 620 572 Bretenorio,
648 537 793 564 vocatus
820 528 938 563 Guido

180 579 236 615 del
263 581 383 614 Duca.
412 580 518 614 Alter
543 581 629 614 vero
664 589 738 614 erat
776 578 831 614 vir
859 593 937 624 pro-

183 631 243 665 bus
263 629 304 664 de
326 628 487 665 Forlivio
507 629 550 664 de
570 629 687 665 nobili
711 632 831 665 Domo
851 628 939 665 Cal-

183 679 398 728 bulenfium3
416 679 477 727 qui
489 681 591 715 ambo
603 679 724 715 audito
736 680 917 727 colloquio
929 704 939 719 ‚

184 730 359 767 Dominae
374 733 494 778 Sapiae
511 743 590 766 cum
609 732 746 770 Dante,
763 732 797 766 &
815 744 858 766 ex
874 731 941 766 hoc

184 780 352 830 cognito,
376 780 469 828 quod
494 790 568 816 erat
595 780 701 817 vivus
717 805 727 820 ‚
753 790 942 829 coeperunt

184 831 284 880 loqui
321 845 399 867 cum
438 831 671 867 admiratione
698 831 740 868 de
766 831 867 879 ipso,
904 830 941 868 ἃ

185 881 362 930 inquirere
389 882 431 917 de
458 895 524 917 eo.
567 885 671 918 Nunc
711 882 753 918 ad
781 882 942 919 literam.

184 932 287 969 Dicit
316 935 443 972 Poeta,
469 932 562 980 quod
590 932 659 968 duo
686 946 729 969 ex
756 932 823 968 illo
849 934 943 968 Orbe

186 983 364 1019 audientes
379 1008 391 1023 ,
411 986 549 1032 Sapiam
570 983 707 1023 dicere,
732 983 826 1033 quod
848 986 943 1019 Dan-

186 1044 237 1070 tes
265 1034 427 1082 portabat
453 1035 575 1070 oculos
602 1044 760 1083 apertos,
788 1033 827 1070 &
849 1036 944 1069 Dan-

190 1095 260 1120 tem
288 1084 574 1133 respondentem,
601 1085 697 1132 quod
715 1085 811 1121 oculi
834 1084 943 1120 adhuc

189 1134 431 1170 clauderentur
465 1134 550 1175 fibi,
591 1136 649 1172 illi
677 1135 946 1184 comprehende-

188 1194 292 1229 runt,
329 1185 423 1233 quod
450 1195 523 1221 erat
551 1186 654 1222 vivus
682 1185 735 1223 ibi
762 1199 841 1222 cum
869 1199 946 1221 cor—

189 1249 272 1284 pore
298 1234 338 1272 ὃ(
363 1236 529 1272 omnibus
554 1236 724 1273 senfibus.
762 1239 809 1272 Et
835 1235 947 1272 adrni—

187 1295 302 1322 rantes
338 1286 380 1322 de
414 1286 482 1322 tali
524 1287 636 1335 gratia
662 1312 672 1327 ‚
712 1287 947 1323 defiderabant

189 1336 274 1372 scire
309 1337 382 1384 ejus
418 1337 687 1374 conditionem.
729 1338 815 1373 Ideo
859 1351 946 1373 unus

189 1400 309 1422 eorum
346 1387 481 1423 scilicet
519 1388 694 1424 Dominus
735 1388 855 1424 Guido
891 1388 946 1423 del

188 1438 288 1472 Duca
315 1437 357 1473 de
384 1438 613 1481 Bretenorio,
641 1437 771 1486 incipit
795 1437 946 1473 admira-

189 1486 264 1522 tive
300 1486 415 1522 dicere
454 1487 549 1523 socio
586 1488 647 1523 suo
688 1487 865 1533 Raynerio
906 1488 947 1523 de

188 1535 354 1572 Calboli:
385 1537 447 1572 Chi
473 1539 488 1571 e*
515 1538 606 1580 costui
633 1539 702 1574 &c-

437 1590 499 1623 Ad
526 1589 611 1634 Vers.
640 1589 698 1626 16.

239 1641 286 1673 Et
313 1639 361 1674 io.
388 1642 451 1673 Per
473 1653 583 1686 mezzo
599 1640 740 1685 Tuscana
758 1640 792 1682 st
810 1640 950 1686 Jpazia.

190 1688 283 1723 Heic
311 1690 419 1723 Poeta
446 1690 548 1736 ponit
574 1689 670 1725 suam
695 1690 948 1739 responsionem

192 1737 289 1772 disto
324 1736 485 1786 spiritui.
527 1741 575 1774 Et
615 1740 731 1788 primo
767 1740 949 1788 respondet

194 1787 328 1836 primae
354 1788 444 1835 parti
474 1788 681 1837 petitionis,
715 1789 852 1826 scilicet
887 1804 952 1826 un-

195 1838 236 1873 de
263 1838 404 1875 veniat.
442 1841 491 1875 Et
525 1839 615 1875 dicit
642 1841 822 1885 breviter,
858 1841 952 1888 quod

195 1888 295 1924 venit
322 1888 363 1925 de
390 1890 520 1926 Tuscia
547 1891 589 1926 de
617 1892 723 1927 Valle
756 1891 871 1927 Arni.
906 1893 954 1926 Et

197 1938 238 1974 ad
267 1939 544 1989 intelligentiam
572 1941 675 1989 hujus
702 1943 825 1978 literae
845 1940 883 1977 &
904 1941 953 1977 se—

195 1988 357 2036 quentis,
395 2001 536 2038 oportet
575 1992 671 2041 prius
710 1992 822 2032 scire,
861 1992 953 2040 quod

196 2042 303 2076 Poeta
335 2040 531 2090 saepiffime
567 2043 732 2080 nominat
771 2056 872 2087 eum,
915 2042 953 2079 δί

194 2089 272 2126 heic
299 2089 499 2138 specialiter
523 2092 711 2133 describit,
750 2094 844 2141 quod
880 2095 952 2129 Ar-

195 2154 258 2176 nus
287 2140 416 2177 fluvius
452 2142 497 2178 est
523 2143 701 2188 Tusciae,
742 2144 805 2191 qui
840 2144 954 2180 oritur

196 2205 239 2227 ex
266 2191 391 2228 dextro
417 2193 527 2229 latere
565 2193 750 2241 Apennini
776 2194 818 2230 de
845 2196 953 2230 Mon-

195 2252 252 2281 te,
298 2242 360 2290 qui
409 2245 519 2292 vulgo
563 2243 699 2280 dicitur
741 2246 953 2291 Falcerona,

196 2306 335 2329 currens
380 2295 498 2330 versus
545 2294 798 2332 Occidentem.
843 2298 890 2331 Et
935 2310 953 2332 a

196 2344 373 2393 principio
401 2345 533 2381 labitur
559 2359 619 2394 per
645 2345 852 2395 praecipitia
878 2348 954 2382 val-

199 2394 285 2430 lium
315 2408 395 2430 cum
424 2396 562 2432 modica
589 2410 679 2445 aqua
705 2411 767 2446 per
792 2397 955 2434 casenti-

194 2458 300 2481 num.
343 2445 480 2482 Deinde
507 2447 646 2496 adjutus
672 2449 714 2484 ab
749 2448 830 2484 aliis
857 2448 954 2496 aquis

195 2495 305 2532 faetus
333 2497 616 2545 grandiusculus,
644 2512 662 2534 a
690 2498 828 2535 sinistris
849 2500 955 2535 relin—

195 2546 276 2594 quit
302 2547 495 2591 Aretium,
520 2549 649 2587 deinde
672 2549 811 2588 intrans
836 2563 956 2600 agrum

533 215 834 258 COMMENT;
867 215 930 258 ΙΝ
958 215 1090 259 DAN
1096 213 1184 257 TIS
1209 211 1450 257 COMOED.

983 1186 1018 1223 C
1056 1187 1186 1220 Dantes
1198 1210 1210 1224 ,

1665 218 1749 271 598

982 280 1013 314 A
1047 273 1291 309 Florentinum
1320 272 1451 308 labitur
1480 273 1578 320 juxta
1614 273 1810 318 Ancisam,

1046 323 1261 366 Castellum,
1290 323 1380 358 unde
1407 322 1517 358 traxit
1538 324 1714 372 originem
1734 327 1808 360 cla-

1046 373 1198 411 riffimus
1236 376 1343 409 Poeta
1382 373 1566 409 petrarcha
1593 373 1715 411 diebus
1741 388 1809 411 no-

1047 425 1140 461 stris.
1178 424 1313 461 Deinde
1354 423 1520 460 tranfiens
1563 437 1623 472 per
1650 426 1808 461 medium

1049 476 1271 518 Florentiae,
1318 474 1439 511 florem
1481 474 1593 510 totius
1634 475 1807 519 Tusciae,

1048 526 1160 563 intrat
1200 526 1294 562 Pisas
1339 524 1616 574 antiquissimam
1661 524 1811 561 Civita-

1048 586 1143 616 tem,
1178 591 1283 625 quam
1319 576 1452 613 dividit
1487 577 1526 612 in
1552 578 1637 612 duas
1675 587 1811 624 partes.

1049 631 1097 664 Et
1123 642 1195 664 non
1230 629 1336 677 longe
1371 628 1415 664 ab
1450 641 1489 664 ea
1516 628 1612 663 cadit
1646 627 1684 663 in
1713 641 1811 663 mare

1025 672 1027 711 l
1049 679 1295 725 Tyrrhenum.
1339 681 1445 716 Nunc
1479 679 1522 714 ad
1549 678 1690 714 literam
1716 678 1809 714 dicit

987 734 1015 767 B
1052 732 1181 766 Poe'ta.
1208 733 1256 765 Et
1283 730 1333 765 io:
1361 729 1503 778 supple,
1529 729 1606 765 dixi
1633 729 1693 766 illi
1719 729 1812 764 Gui-

1050 780 1135 816 doni
1164 780 1319 829 petenti.

1104 834 1152 866 Un
1180 832 1334 866 Fiumicel
1349 858 1361 876 ,

1053 880 1208 921 scilicet,
1235 884 1375 918 Arnus.
1401 884 1449 918 Et
1477 883 1565 918 bene
1587 881 1698 926 dicit,
1726 881 1810 930 quia

1053 934 1172 967 Arnus
1198 945 1268 968 non
1295 933 1342 968 est
1369 931 1500 968 fluvius
1539 946 1713 981 magnus,
1746 944 1810 967 nec

1053 982 1287 1031 navigabilis,
1314 996 1379 1018 nec
1405 983 1582 1031 piscosus.
1609 983 1667 1017 Est
1692 992 1810 1018 tamen

1053 1032 1203 1068 famosus
1219 1061 1230 1076 ‚
1257 1034 1342 1081 quia
1367 1032 1501 1069 labitur
1526 1047 1586 1082 per
1609 1035 1737 1069 Terras
1762 1032 1812 1068 fa*

1055 1083 1186 1119 mosas.
1213 1087 1261 1119 Et
1287 1084 1370 1134 quia
1398 1084 1468 1120 viri
1496 1083 1614 1120 famosi
1643 1083 1812 1119 dederunt

1054 1134 1116 1169 fibi
1134 1134 1286 1178 famam,
1314 1134 1428 1180 ipsum
1449 1134 1701 1173 describentes,
1729 1133 1815 1169 licut

1252 1185 1458 1224 Petrarcha,
1499 1184 1732 1223 Boccaccius‚
1775 1182 1815 1219 δε

1055 1235 1118 1271 alii
1155 1236 1376 1280 florentini,
1413 1236 1476 1284 qui
1516 1234 1715 1271 discurrunt
1756 1247 1817 1284 per,

1056 1286 1223 1321 mundum
1251 1288 1404 1323 multum
1422 1313 1432 1322 .

1110 1357 1299 1363 -----
1326 1338 1377 1371 che
1405 1337 1491 1383 nasce
1518 1336 1552 1371 in
1579 1338 1772 1372 Falcerona·

1058 1389 1114 1422 Ex
1140 1387 1263 1423 eodem
1288 1387 1419 1424 Monte
1445 1387 1638 1437 Apennino
1664 1387 1818 1423 nascitur

1057 1437 1224 1473 Tiberis.

1108 1510 1381 1517 “““““““
1400 1489 1435 1531 st
1453 1490 1592 1535 spazt'a,

1059 1538 1162 1584 idest,
1190 1548 1357 1587 vagatur:

1110 1612 1127 1617 -
1152 1611 1168 1617 -
1195 1611 1212 1616 -
1238 1611 1254 1616 -
1278 1601 1333 1634 per
1368 1603 1476 1636 mezzo
1511 1592 1650 1635 Toscana
1676 1612 1692 1618 —
1718 1612 1734 1618 ·
1762 1611 1778 1618 -
1805 1610 1821 1616 -

1059 1641 1143 1688 quia
1170 1640 1262 1688 quasi
1291 1654 1352 1689 per
1370 1641 1525 1677 medium
1547 1640 1627 1676 fluit
1648 1641 1819 1680 Tusciae,

1061 1705 1148 1739 quae
1175 1691 1222 1726 est
1246 1692 1353 1740 longa
1379 1690 1435 1727 sed
1471 1692 1584 1728 arsia.
1620 1694 1669 1728 Et
1704 1691 1819 1740 tangit

1061 1743 1134 1787 ejus
1161 1741 1320 1785 cursum,
1347 1742 1487 1777 dicens:

1113 1794 1147 1825 E
1173 1803 1258 1826 cento
1282 1793 1396 1839 miglia
1421 1793 1460 1826 di
1484 1793 1563 1838 corso
1588 1794 1642 1827 nol
1661 1793 1776 1839 fazin.

1064 1844 1158 1878 Nam
1185 1842 1390 1877 extenditur
1408 1842 1501 1890 quafi
1523 1856 1583 1891 per
1601 1844 1717 1879 CXX.
1738 1843 1820 1878 mil-

1063 1891 1186 1927 liaria.
1222 1892 1390 1940 Intellige
1416 1903 1586 1939 quantum
1616 1893 1658 1928 ad
1686 1892 1821 1929 cursum

1063 1956 1192 1990 aquae.
1228 1944 1322 1978 Nam
1350 1942 1373 1977 fi
1401 1952 1499 1978 eatur
1527 1957 1545 1978 a
1572 1944 1654 1979 Ioco
1680 1943 1760 1979 suae
1784 1957 1823 1979 ο·

1064 1992 1191 2042 riginis
1218 1992 1324 2041 usque
1350 1994 1392 2028 ad
1420 1993 1534 2029 casum
1555 1993 1654 2030 suum
1676 2007 1735 2043 per
1753 2004 1823 2030 ter-

1065 2057 1166 2087 ram,
1215 2044 1261 2079 est
1301 2044 1418 2079 multo
1457 2043 1595 2080 brevius
1646 2044 1824 2092 spatium.

1067 2096 1161 2131 Nam
1189 2096 1334 2138 Arnus,
1370 2094 1432 2142 qui
1460 2094 1612 2131 nascitur
1652 2095 1743 2131 forte
1766 2109 1826 2144 per

1072 2147 1149 2180 XX.
1177 2144 1347 2181 milliaria
1374 2146 1478 2194 longe
1506 2159 1524 2180 a
1545 2146 1746 2186 Florentia,
1774 2159 1827 2182 re—

1068 2204 1123 2231 tro
1162 2194 1276 2231 fleffit
1310 2195 1363 2236 se,
1403 2195 1442 2231 ὃς
1477 2196 1732 2246 retrograditur
1768 2209 1827 2245 per

1068 2247 1180 2282 multa
1206 2245 1316 2295 spatia
1334 2273 1345 2282 .

1312 2301 1376 2333 Ad
1404 2299 1485 2342 Vers.
1512 2311 1576 2346 43.

1119 2351 1186 2383 Tra
1211 2347 1315 2382 bruni
1337 2349 1421 2392 porci
1444 2352 1504 2393 puk
1529 2350 1626 2396 degni
1651 2350 1686 2385 di
1718 2350 1826 2397 galle.

1068 2399 1161 2434 Heic
1189 2400 1295 2434 Poeta
1322 2399 1454 2446 incipit
1479 2413 1498 2434 a
1525 2400 1650 2445 primis
1689 2400 1826 2437 habita-

1069 2449 1204 2485 toribus
1220 2477 1230 2484 .
1266 2451 1314 2484 Et
1339 2449 1452 2494 dicit,
1487 2451 1582 2498 quod
1609 2454 1729 2487 Arnus
1754 2452 1826 2500 pri-

1070 2513 1131 2535 mo
1156 2499 1276 2535 transit
1303 2513 1364 2548 per
1389 2513 1534 2548 porcos,
1576 2501 1660 2537 idest
1696 2500 1828 2538 Comi-

1070 2560 1121 2587 tes
1147 2550 1351 2596 Guidones,
1385 2564 1472 2599 quos
1507 2553 1663 2602 appellat
1702 2565 1826 2599 porcos

1699 2614 1779 2650 pro*v
