2216 3105
419 214 500 265 631
703 207 1171 253 BENVENUTI
1207 209 1651 257 IMO‘LENSIS
1841 225 1924 273 652

359 266 542 313 Philippus
558 265 729 315 objiciens
748 270 857 304 multa
874 269 1024 305 crimina
1046 271 1115 304 Bo-
1151 275 1185 309 A
1228 269 1325 305 venit
1355 272 1503 308 Romam
1540 274 1582 310 ad
1619 273 1782 311 Sanffium
1811 277 1953 312 Petrum
1971 302 1982 321 ,

358 317 509 357 nifacm,
536 317 676 354 dicebat
703 318 814 366 ipsum
843 318 915 355 fore
940 320 1114 369 deponen-

358 367 439 402 dum
457 394 466 403 .
503 369 559 404 Sic
587 368 670 404 hinc
697 370 778 405 inde
805 370 948 406 accenso
975 371 1056 419 igne
1083 371 1114 407 i-

357 431 471 454 rarum
501 417 539 454 &
567 419 841 461 dilcordiarum,
879 423 966 457 alter
999 424 1035 456 in
1063 424 1114 456 al-

357 471 466 504 terius
496 470 683 515 perniciem
715 472 939 519 conjurabat.
970 471 1114 507 Bonifa-

357 520 432 554 eius
459 520 623 556 irritabat
652 522 873 557 flandrenses
895 533 1015 558 contra
1047 526 1113 558 Re-

357 583 458 617 gem,
495 569 532 607 &
570 571 758 606 Alberturn
794 572 942 607 electum
981 573 1113 608 invita-

357 620 414 654 bat
443 621 478 655 in
509 620 669 656 Italiam.
700 621 883 670 Philippus
905 623 1020 672 pejora
1041 637 1112 658 me—

356 669 472 705 ditans
492 695 503 710 ‚
543 671 584 706 de
626 671 770 707 consilio
812 673 978 721 Stephani
1021 673 1113 710 mifit

357 722 541 766 quemdam
566 724 740 770 Legatum
768 721 865 760 suum
888 724 923 757 in
945 723 1111 759 Tusciam

356 784 434 805 cum
464 771 623 806 Musatto
661 771 839 807 francefio
874 773 1000 808 Milite
1031 776 1110 810 Flo-

355 821 522 857 rentino.
559 822 634 867 Qui
660 822 841 858 venientes
877 823 914 859 in
945 822 1111 860 Comita-

353 879 429 906 tum
461 873 688 913 Florentiae,
724 873 765 908 ad
793 874 945 922 Stagiam
975 874 1109 910 Castel-

355 922 428 957 lum
458 922 544 958 d161i
572 923 750 967 Musatti,
780 923 987 960 fimulabant
1014 926 1107 974 saga-

353 972 442 1007 citer
469 986 567 1021 agere
594 974 635 1009 de
673 975 765 1010 bono
793 975 915 1023 pacis3
952 976 986 1010 δε
1015 978 1111 1012 clan-

352 1022 480 1059 destine
511 1038 589 1059 cum
626 1026 761 1073 magnis
799 1026 955 1073 pecuniis
983 1027 1017 1061 8<
1047 1028 1109 1062 do—

352 1074 409 1108 nis
421 1102 431 1116 ‚
447 1075 621 1122 corruptis
637 1076 760 1111 multis
783 1076 985 1112 Proceribus
1001 1079 1108 1113 Cam-

351 1136 474 1171 pamae
493 1126 525 1159 8<
551 1126 753 1174 Anagniae,
776 1127 1027 1163 ordinaverunt
1051 1142 1107 1163 ca-

350 1187 430 1222 pere
457 1175 677 1211 Bonifacium
703 1176 741 1211 in
768 1177 898 1225 patria.
924 1179 995 1214 Ubi
1020 1178 1107 1214 stans

351 1225 546 1274 intrepidus
577 1226 668 1262 nihil
699 1228 768 1262 tale
796 1227 988 1264 sentiebat.
1025 1231 1108 1275 on

352 1275 444 1310 fffio
471 1277 602 1312 Sciarra
625 1277 666 1312 de
691 1279 867 1313 Columna
893 1292 972 1314 curn
998 1282 1108 1316 CCC.

350 1328 528 1374 equitibus
563 1330 597 1363 δί
635 1328 757 1364 multis
793 1328 917 1364 amicis
946 1331 980 1365 ὅ(
1018 1344 1108 1366 mer—

351 1379 497 1413 cenariis
535 1378 738 1426 peditibus,
776 1378 835 1414 sub
864 1380 1011 1416 Vexillo
1042 1384 1106 1416 Re-

351 1430 402 1476 gis
425 1442 494 1464 uno
517 1443 616 1464 mane
637 1429 787 1465 intravit
804 1431 1004 1479 Anagniam
1028 1445 1104 1468 cum

353 1479 523 1515 clamore,
552 1483 597 1515 Et
625 1480 782 1528 ingratus
807 1482 960 1527 Populus
985 1481 1107 1529 sequu-

351 1538 405 1564 tus
434 1530 479 1565 est
515 1530 618 1578 Signa
656 1531 812 1578 regalia,
849 1531 882 1565 8<
922 1532 1032 1566 traxit
1066 1533 1107 1567 ad

351 1581 477 1626 Papale
506 1581 706 1615 Palatium.
744 1579 947 1615 Bonifacius
985 1583 1106 1618 audito

351 1632 530 1670 tumultu,
557 1631 718 1665 omnium
747 1630 883 1665 auxilio
904 1631 1106 1672 destituam,

351 1679 445 1715 dixit
474 1681 611 1716 secum:
651 1683 705 1714 Ex
732 1694 790 1726 qao
824 1683 915 1714 debeo
944 1683 1020 1716 mori
1053 1694 1108 1729 per

347 1732 580 1776 proditionem,
617 1742 653 1764 ut
679 1731 848 1772 Christus:
883 1733 1024 1771 moriar,
1057 1734 1108 1766 uti

352 1782 495 1815 Vicarius
520 1781 659 1821 Christi.
687 1783 732 1814 Et
760 1782 930 1817 continuo
959 1783 1106 1817 assumto

351 1829 472 1866 habitu
497 1830 699 1866 pontificali
721 1843 798 1865 cum
822 1833 998 1870 clavibus,
1024 1846 1108 1868 con—

350 1880 484 1917 scendit
515 1883 675 1929 Papalem
707 1883 826 1916 Sedem
848 1907 857 1916 .
902 1883 1035 1917 Sciarra
1073 1884 1105 1917 St

351 1930 422 1970 sui,
452 1932 593 1967 volente
620 1934 715 1970 Deo,
745 1942 783 1966 ut
811 1931 925 1967 saneh
953 1933 1107 1981 dignitas

351 1981 540 2017 servaretur
561 1982 691 2018 intaffta
704 2007 715 2021 ‚
731 1995 800 2016 non
822 1982 1018 2030 injecerunt
1034 1997 1108 2018 ma-

352 2045 413 2067 nus
442 2034 478 2067 in
506 2047 612 2072 eum,
649 2033 703 2068 sed
741 2034 842 2068 illum
883 2033 964 2068 solis
993 2035 1108 2070 verbis

353 2083 570 2123 laceffivum,
606 2083 667 2119 sub
703 2083 840 2118 honesta
868 2084 1020 2120 custodia
1054 2099 1108 2120 re·

352 2133 571 2181 linquenteS,
601 2133 752 2170 conversi
785 2134 864 2169 sunt
892 2135 933 2169 ad
971 2136 1108 2182 rapien-

350 2184 431 2219 dum
469 2185 688 2221 thesaurum.
728 2185 805 2220 Post
840 2185 981 2220 tertiam
1013 2186 1107 2222 diem

353 2235 505 2282 Populus
530 2236 712 2285 Anagniae
739 2235 987 2284 recognoscens
1014 2250 1109 2272 erro-

350 2298 421 2320 rem
461 2287 554 2322 suu‘n
577 2315 585 2328 ,
623 2300 724 2323 ruens
759 2287 796 2321 in
834 2300 958 2326 arma,
995 2288 1107 2328 duce,

350 2336 562 2384 ‹infima-eque
590 2340 687 2374 Luca
715 2338 757 2373 de
795 2337 909 2372 Fusco
936 2338 1107 2373 Cardina-

349 2387 404 2426 li,
436 2388 574 2423 exmlit
604 2389 774 2423 Seianam
803 2400 882 2424 cum
920 2389 1107 2430 complici·-

349 2437 435 2473 bus.
475 2438 674 2474 Bonifacius
704 2450 820 2474 aurem
853 2451 948 2473 more
975 2438 1106 2475 Christi

348 2502 421 2525 non
459 2488 578 2533 potuit
612 2490 731 2524 laetari
754 2514 768 2529 ,
803 2490 966 2524 indurato
1004 2490 1105 2525 corde

348 2540 498 2576 dolore,
537 2539 603 2575 Sed
643 2542 803 2576 recedens
845 2554 924 2576 cum.
962 2538 1106 2585 Curia,

1226 333 1305 355 cum
1355 323 1555 360 intentione
1600 325 1797 361 celebrandi
1843 326 1981 362 Conci-

1225 372 1342 412 lium,
1378 375 1411 409 ἃ
1449 373 1598 411 faciendi
1636 382 1743 412 altam
1782 376 1979 412 vind16³cam

1225 421 1266 457 de
1302 423 1430 473 injuria
1466 428 1675 462 atrocissima
1713 427 1774 463 fibi
1818 441 1876 475 per
1913 430 1981 463 Re-

1225 485 1303 520 gem
1330 474 1449 511 illata.
1477 479 1541 512 Sed
1570 478 1706 513 intenso
1733 479 1854 513 dolore
1882 478 1979 526 supe-

1226 533 1321 559 rante
1348 526 1504 563 animum
1532 528 1626 575 ejus,
1652 532 1836 564 converlus
1864 529 1900 563 in
1924 543 1979 564 ra-

1227 574 1318 609 biem
1354 575 1480 612 furoris
1501 602 1510 617 ‚
1548 580 1666 626 coepit
1694 580 1733 614 ‘se
1769 581 1889 614 rodere
1925 590 1981 614 to-

1225 633 1325 659 tum.
1362 627 1410 660 Et
1438 626 1480 662 fic
1509 628 1688 664 verificata
1718 629 1763 664 est
1794 629 1980 672 prophetia

1224 673 1468 721 fimplieiffimi
1497 675 1717 717 Coelestini,
1754 680 1815 726 qui
1845 681 1980 727 praedi*

1225 733 1321 759 xerat
1349 724 1436 759 fibi:
1467 727 1598 769 Intrasti
1623 738 1659 760 ut
1687 731 1819 772 Vulpes.
1848 734 1981 775 Regna-

1224 775 1271 808 bis
1306 784 1342 807 ut
1368 778 1449 811 Leo.
1488 777 1638 811 Morierts
1672 788 1707 811 ut
1733 779 1850 814 Canis.
1889 780 1980 816 Vide

1225 824 1360 872 igitur,
1398 825 1420 860 fi
1452 826 1532 873 juste
1562 829 1666 863 Poeta
1696 827 1880 864 detestatur
1906 839 1980 866 tam

1225 875 1361 910 crudele
1378 876 1484 912 {celus
1501 877 1536 912 in
1553 878 1720 926 Philippo
1732 906 1740 913 .
1760 879 1857 914 Dicit
1873 893 1977 928 ergo:

1276 927 1393 972 Veggr'o
1428 927 1461 962 in
1487 928 1625 975 Alagma
1660 942 1763 964 tntrar
1787 931 1820 964 lo
1843 931 1922 965 Fior
1946 930 1980 966 d’

1324 977 1404 1022 aliso

1225 1025 1331 1069 idest,
1369 1027 1530 1068 Lilium,
1567 1030 1657 1077 quafi
1696 1029 1760 1066 flos
1795 1030 1836 1067 de
1873 1031 1954 1068 aliis
1969 1043 1982 1078 ,'

1225 1076 1317 1123 quod
1353 1077 1398 1113 est
1426 1084 1615 1116 Armatura
1651 1082 1754 1130 Regis
1791 1084 1981 1124 franciae,

1225 1129 1328 1162 intrar
1352 1129 1385 1163 in
1411 1131 1571 1177 Alagna,
1594 1132 1754 1168 Civitate
1780 1132 1981 1184 Bonifacii3

1276 1181 1308 1213 E
1335 1181 1386 1213 nel
1415 1182 1538 1216 Vtcario
1558 1183 1615 1226 suo
1641 1183 1742 1224 Cristo
1767 1182 1841 1227 effer
1864 1195 1964 1220 catto.

1224 1230 1270 1263 Et
1299 1230 1365 1265 hoc
1393 1231 1474 1266 dico
1491 1257 1503 1272 ,
1537 1231 1624 1272 fiet,
1658 1236 1764 1280 perche
1791 1232 1816 1266 'l
1842 1235 1909 1268 mal
1926 1235 1984 1278 su-

1224 1292 1293 1313 turo
1318 1294 1334 1314 e
1360 1280 1384 1315 ’l
1405 1282 1491 1325 fatto
1516 1283 1596 1329 paja
1621 1298 1709 1321 men.
1738 1283 1820 1319 idest
1848 1294 1888 1320 ut
1914 1284 1983 1320 mi·

1225 1343 1309 1366 nora
1346 1331 1531 1368 videantur
1568 1335 1659 1369 mala
1696 1333 1807 1370 fienda
1836 1333 1874 1370 &
1911 1334 1981 1383 jam

1224 1380 1334 1416 saeta:
1362 1383 1444 1429 quia
1465 1386 1544 1419 vere
1566 1385 1686 1419 omnia
1716 1394 1855 1424 peccata
1883 1398 1980 1433 prae·-

1223 1432 1327 1466 terita
1364 1436 1397 1467 ὅ(
1436 1433 1551 1469 futura
1589 1435 1754 1470 videntur
1789 1448 1893 1476 parva
1921 1436 1979 1470 vel

1224 1482 1320 1516 nulla
1348 1483 1384 1516 in
1413 1484 1675 1529 comparatione
1698 1485 1740 1518 ad
1766 1484 1875 1519 istud.
1903 1486 1980 1521 Un-

1221 1531 1263 1566 de
1292 1530 1430 1566 subdit:

1275 1583 1422 1628 Veggiolo
1448 1582 1502 1616 un'
1517 1584 1603 1619 altra
1628 1585 1718 1618 volta
1744 1583 1816 1631 effir
1839 1584 1961 1630 denso,

1222 1631 1304 1679 quia
1332 1643 1451 1677 captus
1479 1634 1520 1668 ab
1549 1633 1725 1669 hostibus:

1275 1683 1391 1728 Veggio
1417 1683 1589 1716 rinovellar
1614 1683 1639 1716 l'
1654 1693 1737 1717 aceto
1761 1697 1778 1717 e
1803 1682 1827 1717 'l
1847 1685 1935 1728 sele,

1225 1745 1283 1779 per
1311 1745 1445 1767 amaros
1473 1733 1609 1767 dolores
1638 1732 1836 1768 Bonifacii:

1274 1784 1305 1815 E
1333 1793 1384 1816 tm
1408 1783 1485 1817 vivi
1511 1784 1635 1817 ladroni
1661 1782 1734 1827 effer
1758 1784 1878 1826 ancisa.

1223 1830 1331 1873 idest,
1359 1832 1453 1868 inter
1479 1832 1647 1868 satellites
1676 1834 1780 1882 Regis
1806 1835 1839 1868 δ(
1866 1834 1977 1870 sciar-

1225 1895 1299 1917 rae.
1329 1884 1395 1917 Vel
1421 1893 1460 1918 ut
1481 1883 1590 1930 aliqui
1613 1884 1756 1923 dicunt,
1780 1883 1872 1920 inter
1891 1887 1979 1920 Car·-

1225 1932 1385 1975 dinales,
1422 1933 1504 1980 quia
1534 1934 1683 1974 volunt,
1721 1935 1813 1981 quod
1850 1935 1978 1982 aliquis

1224 1981 1427 2018 Cardinalis
1463 1983 1569 2019 fuerit
1596 1984 1754 2019 conscius
1790 1983 1891 2032 hujus
1929 1984 1980 2019 fa-

1224 2033 1300 2068 eii.
1340 2035 1507 2069 Mortuus.
1541 2044 1657 2069 autem
1695 2034 1739 2069 est
1775 2034 1979 2070 Bonifacius

1225 2083 1260 2118 in
1290 2086 1500 2119 MCCCMI.
1530 2084 1585 2119 die
1615 2087 1695 2119 Χῐῐ.
1722 2084 1915 2125 Οᾶοἱπὶε,
1941 2084 1981 2122 ὅ(

1225 2133 1377 2181 sepultus
1404 2135 1440 2169 in
1470 2134 1597 2170 Sanfi’to
1626 2137 1751 2172 Petro.

1277 2186 1393 2232 Vtggfo
1418 2206 1605 2213 -----

1226 2235 1316 2271 Heic
1354 2235 1482 2271 ultimo
1514 2239 1595 2285 Ugo
1631 2236 1850 2272 subadnefflt
1884 2236 1979 2273 aliud

1226 2299 1389 2333 magnum
1432 2288 1563 2322 malum
1586 2316 1596 2331 ,
1632 2288 1724 2335 quod
1767 2287 1853 2323 fecit
1888 2288 1981 2324 idem

1227 2337 1410 2385 Philiopus
1456 2348 1578 2373 contra
1622 2338 1788 2385 quosdam
1829 2337 1983 2374 fautores

1226 2387 1427 2423 Bonifacii.
1464 2390 1510 2424 Et
1546 2388 1586 2423 ad
1623 2388 1846 2434 aperiendum
1884 2388 1982 2424 istam

1224 2438 1386 2478 literam,
1415 2452 1504 2485 quae
1530 2439 1654 2474 multis
1681 2439 1794 2474 clausa
1821 2438 1982 2477 videtur,

1223 2498 1364 2536 oportet
1397 2489 1482 2524 scire
1520 2489 1700 2524 h2storiam·
1734 2489 1903 2524 memoria
1928 2487 1983 2522 di-

1226 2553 1357 2589 gnam,
1384 2540 1482 2588 cujus
1509 2540 1593 2575 haec
1618 2539 1665 2576 est
1698 2538 1870 2622 ίίιηπιιει.ἀ
1890 2536 1984 2582 Qui-

1873 2600 1929 2622 am
