2216 3105
290 259 374 302 745
585 243 830 286 COMMEN
840 243 886 287 T.
917 246 984 289 ΙΝ
1010 241 1236 292 DANTJS
1262 240 1503 287 COMOED.
1722 256 1805 301 745

232 304 317 352 quia
354 303 424 340 fuit
459 302 575 352 primo
620 303 802 338 Generalis
849 304 993 341 Ordinis
1026 311 1059 344 A
1104 311 1271 338 caverunt
1297 300 1412 336 alios.
1440 303 1522 338 Ideo
1549 303 1591 338 de
1619 303 1783 340 industria
1810 304 1859 340 fa-

234 353 444 394 Minorum,
485 353 608 389 deinde
635 352 746 388 fabius
773 353 842 389 fuit
868 356 993 391 Cardi-

235 405 326 440 nalis
347 405 365 423 *
390 404 564 440 invifi‘cus.
593 407 638 439 Et
664 413 780 439 tamen
801 418 991 453 numquam

234 455 368 490 dimisit
405 455 550 490 studium
589 454 837 503 speculationis
875 458 991 492 Sacra-

234 518 310 540 rum
339 504 623 554 Scripturarum3
665 504 778 539 immo
820 507 930 541 multa
956 508 989 541 &

234 556 354 603 pulcra
394 555 525 603 scripsit
561 555 599 591 in
636 555 728 590 sacra
770 556 989 605 Theologia‚

233 606 317 653 quia
345 619 489 654 magnus
518 606 653 641 Dostor
679 605 768 641 fuit:

283 659 408 703 sempre
431 657 550 704 pospofi
575 658 608 692 la
629 656 759 699 sinistra
784 670 876 693 cura.

234 705 342 746 Idest,
370 719 486 742 curam
516 706 787 754 temporalium,
814 721 900 755 quae
928 706 991 743 du-

234 757 287 791 cit
313 757 354 791 ad
382 766 553 792 mortem.
595 757 698 792 Unde
726 771 784 805 per
811 758 987 793 Infernurn

234 805 368 855 semper
404 807 476 841 itur
513 807 553 842 ad
590 806 778 851 sinistram,
819 809 905 844 ficut
933 821 990 856 pa-

235 857 308 892 tuit
353 856 390 892 in
434 857 546 892 Libro
593 858 707 904 primo
752 871 812 906 per
853 868 989 894 totum.

235 909 390 942 Dextera
417 920 500 942 vero
527 908 626 943 ducit
652 908 693 943 ad
721 909 857 957 vitam3
902 910 991 945 unde

234 970 295 1005 per
326 958 568 1005 Purgatorium
591 957 722 1006 semper
742 960 814 994 itur
833 959 873 994 ad
898 962 989 996 Coe-

235 1009 309 1042 lum
339 1008 380 1042 ad
408 1008 606 1044 dexteram.
634 1010 763 1057 Aliqui
792 1020 906 1045 tamen
933 1024 991 1059 per

235 1071 353 1094 curam
382 1057 559 1093 dexteram
587 1060 620 1093 8<
661 1059 825 1095 finistram
854 1060 988 1096 intelli-

233 1118 322 1156 gunt
368 1108 478 1144 vitam
524 1111 837 1160 contemplativam
883 1112 916 1146 8<
954 1125 989 1147 a-

234 1159 388 1195 Εὶίνεῐτι.

283 1211 469 1245 Illuminato
480 1239 489 1254 ‚
517 1232 705 1238 -----

234 1261 327 1296 Heic
348 1262 590 1297 Bonaventura
613 1262 776 1298 nominat
796 1262 883 1299 alios
904 1263 989 1299 duos

233 1310 346 1347 socios
361 1336 371 1351 ‚
398 1311 516 1347 dicens
534 1324 542 1346 :

282 1363 467 1397 Illuminato
494 1365 536 1396 (9‘
562 1363 700 1410 Agostin
720 1364 779 1409 son
806 1364 930 1411 quinci.

231 1410 288 1447 Isti
325 1411 465 1448 fuerunt
500 1413 541 1449 de
584 1413 707 1461 primis
748 1415 989 1450 imitatoribus

230 1462 330 1497 Beati
360 1463 559 1510 Francisci;
590 1464 679 1498 unde
706 1463 814 1498 dicit:

280 1513 345 1545 Che
367 1513 423 1554 fur
447 1512 497 1546 de'
520 1513 619 1557 primi
637 1513 743 1556 fialzi
764 1515 940 1558 peverelli,

278 1561 345 1595 Che
372 1562 423 1595 nel
448 1562 579 1608 capcstro
602 1576 623 1596 α
647 1563 711 1596 Dio
731 1562 764 1603 fi
783 1563 852 1606 fero
875 1564 987 1600 amici.

229 1611 316 1646 Idest
327 1635 337 1650 ,
352 1611 391 1647 in
407 1611 528 1647 habitu
546 1612 646 1648 Beati
662 1613 836 1649 Francisci
852 1641 862 1657 ‚
890 1615 987 1663 cujus

231 1664 368 1696 Fratres
410 1671 552 1708 portant
593 1663 759 1698 chordam
802 1663 955 1700 cinEiam
977 1693 985 1701 .

229 1711 292 1744 Sed
322 1710 398 1745 heic
426 1710 540 1746 oritur
565 1710 768 1747 dubitatio.
806 1716 926 1758 Quum
956 1716 984 1750 i-

229 1759 294 1795 stae
332 1773 480 1796 coronae
517 1760 670 1797 constent
697 1775 740 1797 ex
776 1763 878 1798 claris
914 1767 985 1799 Do-

227 1810 404 1855 &oribus‚
444 1813 532 1848 viris
567 1825 712 1859 magnae
748 1811 914 1848 scientiae
948 1813 984 1849 ἃ

229 1860 417 1909 sapientiae
439 1889 448 1906 ‚
492 1863 670 1910 quomodo
707 1862 762 1898 isti
798 1863 867 1898 duo
904 1866 985 1899 Fra—

227 1920 316 1950 tres,
353 1913 415 1960 qui
451 1911 592 1949 fuerunt
629 1912 788 1948 homines
821 1913 986 1961 ignoran-

227 1971 301 2004 tes,
338 1974 556 2010 reponuntur
591 1964 685 1999 inter
711 1963 791 1999 istos
819 1964 985 2000 literatis-

226 2011 355 2048 fimos?
388 2014 446 2049 Ad
475 2013 688 2050 solutionem
716 2014 818 2062 hujus
846 2014 984 2050 dubita—

225 2062 336 2098 tionis
377 2063 422 2098 est
461 2065 683 2107 notandum,
726 2064 819 2112 quod
848 2065 984 2100 Au8’c0r

226 2112 312 2148 fecit
339 2112 609 2160 pulcherrimam
648 2114 848 2150 fibiionem.
890 2118 980 2151 Nam

225 2163 329 2210 ponit
356 2164 390 2198 8<
418 2164 652 2212 repraesentat
679 2165 813 2200 animas
840 2165 980 2201 istorum

225 2213 422 2248 Dofi'mrum
470 2213 744 2250 scientificorum
794 2214 829 2250 in
873 2215 981 2265 figura

224 2265 411 2299 Stellarum
439 2265 773 2309 lucentiffimarum,
810 2265 892 2314 quia
921 2267 981 2313 qui

224 2314 390 2350 erudiunt
428 2314 517 2350 alios
559 2316 600 2350 ad
649 2316 815 2363 justitiam
838 2344 847 2360 ‚
892 2318 981 2351 velut

222 2366 342 2399 Stellae
362 2365 536 2411 fulgebunt
562 2367 595 2400 in
624 2370 734 2413 Regno
762 2367 844 2411 Dei,
873 2376 912 2402 ut
931 2368 981 2403 ait

223 2414 398 2462 Propheta
410 2442 418 2451 .
436 2414 551 2451 Modo
568 2417 608 2452 ad
626 2416 836 2465 propositum
851 2444 858 2452 .
877 2419 979 2454 Prae-

221 2465 311 2501 diai
339 2467 475 2501 Fratres
495 2466 583 2502 licet
602 2480 672 2502 non
698 2467 890 2504 erudierint
910 2467 980 2504 for-

223 2518 260 2551 [ὲ
288 2517 344 2552 vel
382 2516 566 2561 ἀοΕὶΓὶηᾶ,
603 2519 659 2553 vel
700 2517 886 2566 scriptura,
926 2528 980 2555 ta-

221 2579 300 2604 men
341 2580 444 2615 opere
470 2566 509 2604 &
536 2569 699 2617 exemplo
738 2570 822 2604 bene
859 2569 979 2605 aedifi-

326 2621 414 2655 Tom.
435 2620 497 2655 HI.

1105 352 1155 388 cit
1183 351 1402 387 mentionem
1430 353 1471 387 de
1498 353 1597 401 ipsis.

1158 407 1223 450 Ugo
1248 405 1292 437 da
1317 402 1503 437 San-vitane
1530 425 1715 433 -----

1105 454 1197 489 Heic
1242 454 1487 488 Bonaventura
1538 453 1703 490 describit
1751 455 1859 492 alium

1106 503 1297 539 Do&0rem
1315 530 1326 546 ‚
1354 503 1493 538 dicens:

1159 557 1224 601 Ugo
1250 556 1292 590 da
1317 554 1503 588 San-vittam
1529 555 1545 587 ὲ
1571 555 1626 602 qm'
1661 570 1713 591 con
1750 556 1805 589 elli
1816 571 1838 599 ,-

1105 603 1178 640 Hic
1219 603 1289 640 fuit
1325 606 1440 652 primo
1476 603 1680 642 Canonicus
1712 608 1861 654 Rrgula-

1103 654 1152 689 ris
1169 681 1178 697 ,
1205 654 1329 690 deinde
1356 653 1424 689 fuit
1451 657 1651 692 Canonicus
1678 658 1713 693 in
1735 657 1861 694 §.meio

1107 704 1252 740 ViCtore
1282 704 1447 744 Parifius,
1486 719 1630 754 magnus
1661 709 1794 745 Dfflor
1821 709 1860 744 in

1106 754 1195 790 sacra
1223 755 1421 802 Theologia
1444 755 1481 790 in
1502 758 1680 794 MCVHI.
1703 762 1748 794 Et
1769 763 1861 796 rnul—

1105 814 1159 840 tos
1187 804 1224 841 δε
1255 808 1389 852 pulcros
1417 806 1546 841 Lssbros
1583 808 1733 855 scripsst.
1775 813 1861 849 Fuit

1107 856 1162 890 vir
1190 856 1417 891 sanffiffimae
1447 866 1560 893 vitae.
1606 860 1707 895 Unde
1749 875 1859 909 quum

1107 907 1278 941 laboraret
1315 908 1349 941 in
1379 907 1573 951 extremis,
1617 920 1758 957 portato
1795 913 1859 949 fibi

1106 954 1265 1004 Corpore
1293 957 1444 995 Christi,
1473 957 1587 993 dixit:
1630 962 1758 996 Anima
1793 978 1862 1000 mea

1104 1008 1187 1040 vade
1216 1007 1313 1048 simul
1348 1021 1414 1042 cum
1455 1012 1639 1043 Redemtore
1678 1021 1731 1045 tuo
1751 1039 1759 1048 .
1811 1016 1860 1051 Et

1106 1056 1276 1092 continuo
1326 1059 1398 1105 ejus
1444 1057 1585 1106 spiritus
1622 1060 1739 1097 exivit
1758 1087 1769 1102 ‚
1819 1064 1859 1101 &

1106 1107 1317 1143 Eucharistia
1345 1108 1462 1144 exivit
1488 1110 1530 1144 de
1558 1123 1660 1146 manu
1695 1114 1861 1150 sacerdo-

1105 1157 1172 1196 tis,
1201 1156 1238 1192 &
1267 1157 1453 1194 vifib1liter
1480 1161 1618 1195 volavit
1655 1162 1691 1197 in
1721 1167 1859 1202 coelum

1105 1220 1182 1243 cum
1212 1210 1275 1243 illa
1303 1210 1418 1244 anima
1448 1210 1663 1248 beatiffima.

1155 1261 1187 1292 E
1214 1260 1320 1293 Pietro
1346 1281 1573 1287 ——————

1105 1309 1197 1343 Heic
1213 1309 1376 1346 nominat
1393 1309 1501 1346 alium
1517 1310 1676 1360 spiritum
1690 1341 1700 1358 ,
1717 1313 1858 1354 dicens:

1156 1362 1187 1393 E
1213 1361 1320 1394 Pietro
1346 1362 1553 1407 Μαηὲἱατοοτ
1562 1385 1744 1402 —————

1105 1408 1166 1444 Iste
1197 1411 1316 1445 Petrus
1353 1412 1534 1448 Comestor
1575 1412 1646 1450 fuit
1686 1416 1861 1455 Lom'oar-

1103 1459 1191 1500 dus,
1220 1460 1275 1495 vir
1302 1473 1446 1510 magnae
1474 1463 1663 1510 scientiae,
1692 1467 1753 1513 qui
1775 1468 1861 1505 fecit

1104 1510 1275 1549 Librum,
1313 1524 1374 1558 qui
1402 1512 1533 1549 dicitur
1560 1516 1704 1557 Historia
1730 1519 1860 1554 Schola-

1095 1560 1201 1601 stica,
1238 1561 1274 1596 in
1303 1574 1373 1607 quo
1402 1563 1595 1601 declaravit
1632 1568 1744 1602 multa
1772 1582 1862 1617 pun-

1103 1609 1158 1645 &a
1185 1612 1217 1645 8:
1246 1610 1350 1646 dubia
1379 1614 1498 1649 Sacrae
1539 1615 1756 1663 scripturae.
1796 1622 1862 1655 Fe-

1103 1660 1153 1694 cit
1180 1660 1397 1709 epitaphium
1429 1665 1624 1710 ponendum
1663 1666 1763 1717 supra
1800 1671 1860 1705 Se-

1103 1712 1260 1758 pulcrum
1290 1711 1387 1747 suum
1417 1713 1476 1749 sub
1505 1714 1567 1750 hac
1595 1715 1734 1753 forma:

1154 1788 1178 1804 ‚,
1206 1765 1317 1795 Petrus
1325 1763 1397 1807 sum
1409 1790 1418 1807 ,
1435 1777 1522 1810 quem
1534 1776 1627 1812 petra
1636 1768 1716 1814 tegit
1728 1789 1744 1794 -
1759 1775 1859 1807 -dy‘c,

1103 1812 1149 1844 Et
1177 1810 1313 1846 subdit:

1153 1863 1641 1896 ----ePietr0----

1102 1909 1193 1945 Heic
1226 1909 1391 1947 describit
1429 1914 1538 1950 alium
1573 1915 1734 1964 spiritum
1755 1943 1766 1958 ,
1805 1919 1860 1957 di-

1101 1973 1200 1995 cens:

1176 2032 1192 2037 -
1219 2032 1235 2037 -
1261 2032 1276 2037 ·-
1303 2032 1320 2038 —
1347 2026 1362 2045 e
1389 2014 1495 2048 Pietro
1523 2016 1652 2062 [spano-

1101 2060 1173 2097 Hic
1201 2060 1271 2097 fuit
1298 2065 1417 2098 Frater
1446 2066 1688 2111 Praedicator,
1716 2070 1776 2117 qui
1807 2071 1855 2108 fe-

1101 2112 1151 2146 cit
1178 2111 1366 2148 Traaatus
1393 2114 1430 2149 in
1459 2116 1616 2165 Logica,
1644 2119 1704 2166 qui
1734 2122 1858 2157 djstin-

1100 2161 1150 2197 &i
1178 2162 1256 2198 sunt
1292 2162 1329 2198 in
1357 2163 1541 2202 duodecim
1583 2169 1736 2206 Libellis
1763 2171 1857 2210 intra

1102 2222 1233 2261 partem
1262 2214 1429 2262 majorem
1456 2217 1490 2251 8<
1519 2218 1692 2255 minorem
1711 2247 1719 2256 .
1748 2223 1854 2268 Quod

1101 2262 1304 2305 opusculum
1348 2264 1418 2300 fuit
1445 2267 1546 2303 valde
1586 2270 1675 2306 utile
1702 2273 1856 2310 novellis

1100 2313 1363 2350 introducendis
1391 2316 1432 2351 ad
1459 2318 1633 2367 Logicam
1661 2319 1699 2357 &
1727 2324 1854 2360 Artes.

1101 2364 1202 2400 Unde
1229 2364 1345 2400 dicit:
1522 2408 1529 2414 .

1151 2416 1180 2449 Il
1207 2416 1282 2462 qual
1304 2416 1365 2462 giia
1390 2417 1456 2452 luce
1483 2418 1516 2453 in
1543 2421 1651 2456 dodeci
1676 2423 1818 2462 zibelli.

1099 2464 1261 2505 scilicet,
1288 2466 1326 2502 in
1354 2468 1508 2504 mundo:

1149 2519 1261 2551 Natan
1288 2538 1604 2549 --------

1062 2566 1190 2617 'Heic
1243 2568 1489 2606 Bonaventura
1528 2572 1692 2610 nominat
1743 2575 1854 2612 alium

1134 2619 1163 2651 B
1190 2618 1210 2652 b
1239 2618 1259 2651 h
1730 2625 1799 2674 spi„
