2304 3100
199 200 284 256 '289

145 320 216 346 tem
245 307 469 350 Florentiae,
499 307 594 354 pueri
623 317 798 342 currentes
826 309 898 342 cla-

145 360 306 395 mabant:
337 358 416 390 Vide
441 361 583 401 Lonzam
595 372 613 399 ,·
637 367 675 393 ut
702 357 791 392 mihi
820 370 897 392 nar—
926 352 928 389 J

143 409 240 444 rabat
275 406 491 443 suaviffimus
528 408 714 443 Boccatius
742 407 782 443 de
807 406 897 442 Cer-

142 457 237 493 taldo
254 485 262 493 .
301 460 304 461 ⁷

231 510 268 543 In
296 511 391 543 Cant.
420 510 462 543 II.
491 508 632 551 Inferni,
661 508 744 552 Vers.
774 510 807 544 8.

141 585 144 587 Α
192 562 218 591 O
244 568 365 601 mente,
385 559 436 592 che
452 558 595 602 scrivesti
614 559 677 597 εἱὸ,
698 557 743 592 ch’
762 557 784 592 i’
804 557 896 592 vt'di.

142 609 230 643 Tria
250 608 389 643 AuEtor
409 607 553 643 invocat
574 607 720 644 fidenter
741 607 778 643 in
799 607 896 643 suum

140 657 351 693 subfidium.
388 658 472 693 Fuit
507 657 674 705 liquidem
712 657 783 706 ipse
819 660 897 693 Au-

140 708 218 744 Εὶοι·
257 708 366 744 mirae
403 708 606 757 capacitatis
645 707 683 743 &
725 707 896 756 perspicui

139 758 368 800 intelle6’tus,
407 757 445 793 ὃ(
475 757 633 794 altiffimi
663 758 821 815 ingenii,
858 756 896 794 &

139 808 310 844 subtilis
300 809 538 844 inventionis.
559 809 668 856 Cujus
686 808 795 843 animi
812 822 897 856 qua-

137 859 303 902 litatem,
341 859 495 907 corporis
522 859 654 906 effigies
685 859 897 894 mirabiliter

139 910 325 956 arguebat.
363 909 446 944 Fuit
482 922 632 955 namque
668 908 726 944 hic
755 922 896 944 venera-

87 992 88 995 ,
140 959 223 995 bilis
258 961 390 995 Dantes
427 959 571 994 staturae
608 958 813 993 mediocris.
849 961 896 993 Et

140 1022 247 1056 quum
277 1010 317 1043 ad
345 1018 518 1044 maturam
545 1019 693 1044 aetatem
722 1007 895 1056 pervenis—

140 1060 213 1098 set.
249 1058 323 1093 ibat
359 1059 616 1106 aliquantulum
655 1072 799 1094 curvus,
838 1061 896 1093 In-

141 1109 246 1144 ceffus
274 1109 346 1156 ejus
374 1119 445 1143 erat
475 1109 589 1156 gravis
617 1110 649 1143 8<
679 1108 894 1144 mansuetus.

140 1159 295 1194 Habitus
322 1158 594 1198 honestissimus,
627 1158 665 1194 &
695 1158 894 1208 profeffioni

88 1212 91 1216 ¹
139 1209 218 1245 suae
245 1209 482 1244 conveniens.
512 1210 623 1244 Vultu
652 1211 780 1257 longo,
813 1209 894 1244 naso
922 1232 924 1252 3

139 1258 323 1305 aquiline,
349 1260 461 1294 oculis
487 1259 740 1306 groffiusculis,
765 1260 894 1294 maxil—
922 1289 924 1299 ,

137 1308 184 1343 lis
211 1307 420 1355 grandibus,
457 1309 554 1342 labro
591 1308 756 1343 inferiore
783 1310 896 1356 majo·
922 1304 923 1338 Ῑ

87 1370 93 1388 l
137 1371 196 1398 re,

137 1407 246 1442 denfis
274 1405 312 1442 &
340 1407 449 1455 nigris
470 1406 507 1443 &
528 1407 670 1454 crispis,
699 1408 786 1443 facie
808 1408 894 1443 sem·
920 1409 922 1425 ‘¹

233 1358 350 1392 colore
386 1356 507 1399 fusco,
545 1357 682 1398 capillis
718 1357 754 1393 &
793 1359 895 1394 barba

138 1471 199 1507 per
226 1459 496 1496 melancolicus,
526 1458 792 1494 meditabundus
821 1458 893 1506 spe—

137 1508 319 1543 culabatur
343 1534 352 1542 .

137 1657 310 1705 descripto
352 1658 531 1706 publicato
556 1687 566 1700 ,
612 1659 693 1694 dum
736 1659 893 1694 transiret

137 1721 198 1755 per
233 1720 337 1742 unam
375 1707 494 1750 viam,
531 1708 590 1744 ubi
628 1718 724 1744 erant
762 1711 892 1744 multae

138 1757 314 1792 Dominae
355 1768 581 1806 congregatae
608 1783 618 1797 ‚
664 1758 757 1806 quod
798 1759 892 1794 dixit

399 1508 545 1543 Accidit
586 1521 667 1556 ergo
709 1508 813 1543 semel
856 1508 893 1543 in
920 1507 921 1525 ³

136 1557 252 1593 nobili
292 1557 456 1593 Civitate
494 1561 652 1593 Veronae
676 1585 685 1600 ,
729 1559 796 1605 jam
839 1557 895 1593 sua
920 1573 921 1593 z

136 1608 228 1643 fam-5.
264 1609 426 1656 vulgata,
464 1607 501 1644 &
540 1607 681 1644 Inferno
719 1622 778 1657 per
814 1622 921 1644 eumv

138 1821 204 1843 una
232 1820 347 1842 earum
373 1821 460 1843 voce
487 1808 669 1852 submissa,
697 1809 747 1844 ita
775 1817 891 1844 tamen
918 1820 921 1826 “

136 1867 175 1893 ut
203 1858 404 1893 audiretur:
447 1858 525 1892 Vide
561 1859 652 1892 illum
670 1883 679 1898 ,
717 1859 771 1904 qui
796 1860 892 1894 vadit

136 1910 170 1942 in
198 1908 377 1951 Insernmn,
406 1908 451 1945 ὅ)
479 1910 646 1943 revertitur
674 1910 747 1943 inde
764 1933 771 1946 ‚
800 1923 892 1955 quum

130 1958 194 2000 fibi
225 1959 348 2004 placet,
385 1957 429 1996 ό*
459 1969 594 2005 reportat
620 1960 720 1993 adhuc
747 1973 829 1993 nova
855 1961 892 1993 de

135 2009 197 2046 iis,
224 2009 279 2054 qui
305 2008 353 2042 ili
373 2009 469 2052 sunt.
498 2008 568 2044 Cui
595 2008 772 2057 respondit
799 2009 887 2044 alia:

138 2061 248 2092 Verum
274 2058 371 2093 dicis.
402 2062 514 2093 Nonne
540 2059 631 2093 vides
661 2061 807 2106 quomodo
832 2060 890 2093 ba-

136 2109 187 2142 bet
212 2107 342 2142 barbam
365 2109 494 2155 crispam
519 2119 642 2156 propter
668 2111 816 2148 calorem,
845 2109 891 2148 (ῤ’

132 2172 170 2201 J1
161 2157 251 2194 sum
278 2158 399 2191 colorem
434 2169 556 2205 propter
587 2160 733 2202 sumum,
771 2161 825 2207 qui
851 2161 891 2202 est

137 2207 213 2242 ibi?
244 2209 295 2242 De
322 2221 392 2254 quo
423 2210 552 2244 Dantes
580 2209 674 2249 risu,
701 2210 787 2245 licet
814 2213 890 2246 raro

137 2257 194 2292 vel
223 2270 411 2304 numquam
442 2257 551 2293 ridere
579 2258 722 2295 soleret.
751 2263 803 2295 De
831 2274 890 2296 cu-

136 2309 190 2356 jus
229 2307 314 2342 Vita
352 2306 448 2342 varia
486 2309 519 2342 ἃ
556 2307 694 2344 fortuna
731 2309 890 2349 diversa,

136 2357 222 2393 ficut
259 2357 329 2403 ipse
369 2356 465 2404 saepe
492 2357 529 2393 in
567 2357 632 2393 hoe
660 2358 773 2395 Libro
809 2360 891 2396 scri-

137 2408 210 2446 bit,
239 2407 375 2444 dicetur
401 2407 488 2443 alibi
517 2407 584 2443 suis
611 2408 720 2445 locis.

387 2460 449 2493 ,spi
477 2459 559 2503 VerJ.
583 2470 639 2494 10.

185 2508 385 2544 Incomincim'
394 2522 408 2543 .·

493 198 792 241 COMMENT.
824 199 890 241 IN
918 199 1049 243 DAN
1058 198 1144 239 TIS
1171 199 1411 240 COMOED.

145 267 277 295 taretur
312 257 452 305 quidam
490 257 619 292 Pardus
657 271 716 305 per
751 256 898 292 Civita—
926 261 969 294 ‘A
1008 256 1146 292 Austor
1182 256 1303 290 videns
1340 256 1499 291 liberalia
1536 256 1664 295 studia,

920 2086 921 2099 ¹
929 2076 956 2109 E

435 2513 552 2549 Poeta,
579 2509 630 2544 che
649 2509 694 2545 mi
708 2510 804 2557 guidi
823 2510 889 2545 &a
916 2545 921 2555 ,

973 1137 975 1150 ,
1003 1108 1126 1143 dicunt
1145 1133 1155 1148 ,

973 1157 1076 1193 ‘lum
1118 1158 1216 1193 suum
1258 1157 1432 1193 literalem
1473 1170 1543 1192 non
1586 1157 1758 1205 attingere

972 1257 974 1293 ἶ
1003 1259 1173 1294 crederem
1190 1283 1198 1297 ‚

1624 217 1640 241 2
1650 219 1704 252 90

1702 271 1762 296 oo-

1008 306 1137 342 tiffime
1166 306 1327 344 Poetica,
1365 306 1428 340 effe
1456 305 1586 341 deserta
1615 320 1634 341 a
1662 306 1763 340 Prin-

977 328 980 392 l
1009 356 1146 401 cipibus
1174 357 1208 390 &
1238 355 1451 393 Nobilibus,
1489 356 1550 402 qui
1589 356 1763 402 principa-

978 409 980 414 ’
1007 406 1090 442 liter
1126 405 1283 440 solebant
1318 405 1355 439 in
1386 405 1536 439 Po‘e'ticis
1573 405 1762 444 deleffiarh

978 449 1041 491 f&
1077 456 1122 491 ob
1163 456 1228 490 hoc
1264 457 1377 497 Opera
1416 454 1563 503 Virgilii
1586 479 1596 493 ,
1638 456 1763 502 quibus

1007 509 1121 554 Opera
1151 505 1292 541 Poetica
1326 504 1481 540 solebant
1508 506 1597 540 olim
1635 504 1763 540 intitu-

1007 556 1097 596 lari,
1125 557 1159 591 &
1187 558 1302 604 Opera
1331 555 1480 590 aliorum
1510 555 1762 590 excellentium

1009 608 1213 645 Poetarum,
1251 606 1361 653 jacere
1399 604 1555 647 negleRa
1583 606 1617 640 &
1645 604 1761 650 despe-

1005 657 1082 697 ξἰει,
1119 656 1253 692 cautius
1289 654 1328 692 &
1366 655 1567 701 prudentius
1604 654 1636 690 se
1663 655 1762 690 redu—

1006 707 1062 742 xit
1089 708 1130 742 ad
1166 706 1280 742 stilum
1309 707 1510 754 vulgarem,
1547 718 1654 753 quum
1693 706 1762 753 jam

1005 757 1194 793 literaliter
1221 756 1402 804 incepiffet
1428 755 1497 790 fic:

1058 809 1179 843 Ultima
1204 811 1320 854 Regna
1342 820 1451 841 canam
1467 806 1577 852 fluido
1600 806 1760 841 contermi-

1107 872 1149 892 na
1175 859 1321 896 Mundo,

1056 907 1233 954 spiritibus
1272 920 1350 954 quae
1389 907 1458 942 lata
1495 916 1608 953 patent
1633 931 1644 946 ‚
1684 918 1761 954 quae

1103 958 1243 1004 praemia
1268 958 1401 1002 solvunt

1054 1011 1116 1042 Pro
1143 1008 1262 1042 meritis
1287 1008 1395 1054 cuique
1415 1007 1483 1051 sut's
1495 1020 1515 1049 ‚·
1541 1006 1613 1045 &aa

1004 1058 1084 1093 Alii
1125 1058 1256 1097 aliter,
1297 1056 1336 1093 &
1379 1057 1484 1092 multi
1525 1056 1760 1093 communiter

1192 1108 1285 1156 quod
1322 1107 1461 1143 Aufflor
1496 1108 1665 1155 cognovit
1702 1107 1758 1142 sti-

1004 1208 1044 1243 ad
1072 1218 1143 1244 tam
1173 1208 1315 1243 arduum
1344 1207 1486 1255 thema3
1515 1207 1608 1254 quod
1635 1209 1668 1242 &
1694 1221 1759 1256 ego

1237 1258 1298 1293 nis1
1328 1271 1392 1293 -me
1420 1267 1577 1293 moveret
1606 1257 1757 1293 aufiori—

1002 1317 1054 1343 tas
1079 1308 1258 1343 noviffimi
1288 1310 1413 1343 Poetae
1443 1307 1667 1348 petrarchae,
1695 1308 1754 1355 qui

1002 1360 1147 1405 loquens
1184 1359 1225 1393 de
1263 1361 1398 1397 Dante,
1437 1357 1557 1393 scribit
1584 1359 1624 1394 ad
1653 1371 1757 1394 vene—

1002 1409 1147 1443 rabilem
1178 1411 1439 1455 Praeceptorem
1479 1421 1594 1443 meum
1626 1410 1757 1444 Bocca-

1002 1458 1092 1493 tium
1129 1458 1170 1493 de
1207 1457 1405 1494 Certaldo:
1445 1461 1572 1505 Magna
1608 1460 1685 1492 mibi
1719 1461 1758 1492 de

1002 1507 1069 1553 ejus
1111 1509 1241 1554 Ingenio
1277 1509 1380 1554 opinio
1415 1508 1456 1549 est
1477 1533 1487 1547 ‚
1525 1506 1654 1555 potuisse
1689 1523 1757 1543 eum

1002 1558 1126 1597 omnia,
1154 1560 1265 1604 quibus
1293 1556 1489 1603 intendiffit.

1002 1609 1065 1643 Ad
1079 1612 1173 1643 Cant.
1194 1611 1253 1642 III.
1275 1608 1416 1651 Inferni,
1439 1607 1520 1652 Verfi
1539 1611 1594 1652 58.
1614 1608 1659 1646 όν
1671 1609 1756 1655 seqq.

1051 1659 1160 1703 Possla
1200 1658 1244 1692 ch'
1266 1658 1294 1692 io
1338 1657 1373 1692 v'
1397 1657 1467 1693 ebbi
1510 1659 1600 1692 alcun
1641 1659 1758 1693 risone--

1096 1709 1217 1753 seluto,

1053 1760 1218 1797 Guardai‚
1246 1773 1261 1792 e
1287 1758 1361 1792 vicli
1386 1757 1524 1793 l’ombra
1549 1758 1586 1792 di
1611 1759 1731 1798 Colm',

1053 1810 1117 1842 Che
1139 1809 1202 1852 fece
1227 1820 1282 1854 per
1307 1809 1423 1843 viltate
1452 1808 1475 1841 'l
1497 1821 1579 1854 gran
1607 1809 1732 1853 rifitzto.

1003 1858 1061 1894 Ad
1089 1857 1301 1906 propositum
1338 1858 1426 1893 dicit
1462 1858 1627 1901 Auemr,
1664 1858 1757 1906 quod

1003 1922 1044 1943 ex
1072 1909 1237 1944 omnibus
1273 1908 1351 1956 ipfis
1388 1910 1495 1956 elegit
1524 1910 1558 1943 δ(
1588 1921 1754 1956 recogno—

1003 1959 1058 1994 vit
1095 1958 1247 1994 animam
1286 1959 1410 2000 unius,
1448 1958 1509 2005 qui
1545 1971 1588 1993 ex
1616 1959 1757 1994 vilitate

1003 2008 1088 2044 fecit
1116 2010 1307 2044 maximam
1337 2008 1656 2043 renuntiationem.
1693 2008 1756 2043 Sed

1003 2059 1082 2107 quis
1110 2058 1215 2094 fuerit
1243 2058 1302 2094 iste
1330 2071 1474 2106 magnus
1502 2057 1627 2097 tristis,
1665 2067 1757 2093 certe

1004 2108 1201 2144 communis
1237 2107 1274 2144 ὃ(
1312 2107 1465 2156 vulgaris
1501 2106 1570 2143 fere
1596 2108 1758 2143 omnium

1003 2159 1127 2208 opinio
1169 2158 1233 2194 effe
1275 2158 1444 2201 videtur,
1487 2157 1579 2204 quod
1621 2158 1759 2193 Αυξὶοι·

1004 2209 1115 2244 noster
1154 2209 1232 2244 heic
1273 2209 1438 2256 loquatur
1478 2207 1519 2242 de
1560 2207 1758 2243 Coelestlno

1005 2263 1049 2295 V.
1077 2259 1138 2306 qui
1169 2267 1313 2294 vocatus
1341 2257 1385 2293 est
1422 2259 1542 2292 Frater
1570 2259 1690 2293 Petrus
1718 2258 1760 2293 de

1003 2312 1179 2345 Morono.
1208 2308 1314 2354 Quod
1342 2307 1592 2355 multipliciter
1620 2307 1761 2354 probari

1005 2359 1165 2395 videtur.
1194 2360 1314 2394 Primo
1334 2358 1475 2406 quidem
1498 2357 1682 2392 necessario
1704 2357 1757 2392 vi-

1004 2410 1128 2445 dentur
1155 2422 1317 2457 arguere,
1353 2421 1441 2455 quae
1468 2408 1605 2443 Auetor
1640 2406 1754 2442 dicit:

1003 2460 1034 2494 Il
1061 2473 1145 2505 gran
1171 2458 1297 2503 rifiuto.
1332 2460 1380 2493 Et
1416 2457 1458 2493 fic
1487 2456 1757 2493 antonomastice

1003 2508 1143 2546 videtur
1180 2509 1301 2546 debere
1327 2507 1495 2559 intelligi
1530 2508 1571 2544 de
1601 2509 1756 2553 Papatu.

1555 2555 1706 2593 Certum
