2216 3105
276 202 361 248 4&

552 188 1521 234 BENVENUTIIMOLENSIS

1709 203 1794 242 470

220 251 290 288 bita
316 265 406 287 mea.
435 251 528 298 Rege
555 252 686 294 juvene
714 259 882 289 mortuo,
909 252 978 286 Ca-
1015 249 1047 282 A
1096 249 1149 284 Ad
1179 246 1554 296 cognitionem-istius
1596 246 1771 281 nominati
1809 240 1853 277 est

221 302 324 338 strum
352 301 526 336 redditum
555 300 600 336 est
621 300 709 348 Regi
731 300 887 336 Henrico
915 302 979 335 Pa·
1004 317 1007 353 ἰ

222 352 290 391 tri,
317 353 351 386 &
380 351 587 386 Beltrandus
615 360 754 399 captus.
797 349 868 386 Cui
905 352 978 385 Rex

222 401 331 437 fertur
350 401 494 437 dixisse:
525 403 718 440 Beltrande,
747 401 842 436 audio
865 411 894 434 te
908 401 980 445 sae-

219 463 260 500 pe
278 452 418 487 inaniter
438 451 593 498 jae‘laffe,
621 456 701 499 quod
724 465 892 498 numquam
907 451 979 495 fue—

223 556 316 589 Nunc
341 565 416 600 opus
442 553 505 595 est,
547 564 583 588 ut
609 566 745 588 exerceas
770 563 868 587 totum
904 552 982 596 scire

222 613 330 639 tuum.
357 603 429 640 Cui
457 604 665 640 Beltrandus
692 602 904 652 sagaciffime
929 615 981 637 re-

221 516 267 538 rrs
293 513 435 550 operatus
461 503 656 538 medietatem
677 512 749 536 tuae
771 502 979 549 prudentiae.
1006 496 1010 698 ἱ

221 653 383 698 spondit:
414 655 533 697 Inclyte
561 655 714 693 Domine,
753 665 868 688 mortuo
896 657 984 699 Rege

212 708 243 750 J
246 718 345 739 avene
359 729 369 744 ‚
396 715 518 740 mortua
531 705 572 747 est
581 706 679 740 omnis
701 704 876 739 Prudentia
895 717 959 738 mea
973 727 982 742 .

222 814 296 841 tate
317 815 435 841 motus
456 806 565 842 libere
585 805 740 853 pepercit
761 805 841 841 s1bi.
873 804 983 840 Dein-

222 855 265 891 de
292 869 399 904 quum
431 858 506 892 Rex
533 856 757 892 familiariter
790 856 984 903 increparet

225 907 477 946 Beltrandum‚
507 920 567 942 cur
588 920 777 954 numquam
800 905 982 955 reprehen—

223 957 321 992 derat
355 956 394 993 &
420 967 645 993 revocaverat
672 960 840 1001 juvenem
869 970 886 992 a
922 969 983 991 va-

224 1007 280 1043 nis
306 1008 470 1056 operibus
498 1008 589 1050 suis,
617 1008 795 1056 respondit
823 1008 983 1043 Beltran-

224 1057 287 1093 dus
315 1058 520 1106 prudenter:
563 1063 744 1105 Numquam
783 1058 858 1093 vidi
885 1057 983 1104 ipsum

224 1122 325 1143 errare
352 1109 385 1142 in
413 1122 444 1142 re
471 1110 623 1145 minima.
665 1111 768 1145 Tunc
795 1117 984 1144 renovatus

226 1159 271 1193 est
299 1160 454 1205 ploratus
484 1160 596 1196 Patris
624 1159 722 1209 super
749 1169 898 1195 mortem
920 1171 984 1194 no-

227 1208 387 1245 biliffirui
415 1209 484 1246 filii
510 1210 562 1246 sui
576 1237 584 1245 .

224 755 409 802 Ingenium,
438 754 484 794 &¹
511 757 651 791 cautela.
679 757 783 791 Tunc
813 757 887 790 Rex
911 753 983 796 pie-
1007 749 1012 903 Ι

462 1262 525 1296 Ad
552 1261 634 1304 Vers.
666 1272 747 1307 135.

276 1310 343 1343 Che
377 1310 467 1344 diedi
504 1311 539 1345 al
575 1315 627 1346 Re
672 1311 837 1346 Giovanm'
872 1311 884 1345 i
919 1312 986 1346 mai

327 1360 475 1403 conforti-

224 1408 318 1445 Heic
345 1420 450 1451 nota,
487 1411 581 1459 quod
615 1410 758 1454 Juvenis
794 1410 864 1446 fuit
890 1411 981 1458 quafi

225 1462 315 1495 alter
354 1460 462 1496 Titus
504 1460 701 1509 Vespasiani
738 1461 833 1496 filius
857 1485 868 1500 ,
921 1462 982 1509 qui

224 1510 307 1545 teste
351 1510 543 1551 Svetonio‚
584 1511 698 1547 dietus
726 1512 770 1546 est
814 1524 900 1546 amor
942 1513 984 1546 (9¹

224 1561 354 1596 deliciae
375 1562 500 1608 generis
526 1562 677 1598 humani.
715 1564 762 1598 Et
798 1561 867 1598 fuit
896 1562 984 1598 libe-

225 1610 432 1651 raliffimus,
461 1622 499 1647 ut
526 1612 615 1656 ille,
643 1611 682 1649 ὃς
711 1612 983 1661 placidiffimus‚

227 1662 461 1709 pulcherrima
489 1662 662 1698 schemata
683 1663 816 1709 semper
835 1663 984 1699 faciens.

227 1713 275 1746 Et
304 1725 422 1759 parum
451 1712 567 1752 vixit,
595 1712 679 1748 ficut
707 1712 745 1748 ὅ(
773 1714 880 1749 Titus
898 1738 909 1753 ‚
945 1713 983 1749 &
1011 1707 1013 1713 Α

229 1771 387 1797 mortuus
415 1762 460 1797 est
495 1763 532 1797 in
561 1763 663 1798 bellis
681 1790 689 1799 .
731 1764 802 1799 Cui
830 1763 985 1800 succeffit

230 1811 398 1847 Ricardus
425 1813 670 1849 strenuissimus
698 1814 869 1850 bellorum
886 1839 895 1853 ‚
924 1815 984 1862 qui

229 1861 314 1897 fecit
342 1864 516 1912 magnalia
554 1864 590 1900 in
632 1864 802 1914 capiendo
843 1865 986 1901 Civita-

229 1922 299 1948 tem
329 1914 453 1949 Acon.
481 1917 528 1949 Et
555 1914 665 1951 dicit:

280 1966 313 1998 E
337 1966 445 2011 perch&
470 1976 505 1999 tu
530 1966 567 2000 di
594 1979 640 2000 me
667 1966 793 2001 novella
817 1967 922 2014 porti,
954 2008 962 2014 ‚

229 2012 337 2053 Idest,
377 2014 444 2050 hoc
483 2015 585 2056 dico,
627 2025 666 2052 ut
703 2016 805 2065 poffis
850 2028 987 2066 portare

230 2076 324 2098 nova
364 2065 404 2100 ad
433 2065 625 2111 mundum,
661 2066 703 2102 ad
740 2081 844 2115 quem
883 2068 1015 2103 audio:

232 2122 267 2148 te
295 2114 508 2151 rediturum.
551 2119 598 2152 Et
633 2116 809 2166 specificat
837 2117 985 2154 formam

232 2164 310 2200 suae
338 2166 479 2212 culpae,
507 2166 646 2203 dicens:

282 2218 316 2251 Io
351 2216 413 2260 feci
453 2217 479 2251 il
518 2219 643 2258 Padre,
674 2217 732 2252 e’l
761 2217 858 2266 figlio
884 2219 917 2253 in
952 2219 988 2265 se

332 2267 462 2302 ribelli.

232 2316 339 2357 mest,
359 2317 442 2353 fecit
464 2320 594 2367 Regem
613 2321 805 2363 juvenem,
830 2318 868 2356 ἃ.
890 2322 987 2355 Hen-

231 2367 343 2402 ricum
381 2378 535 2404 veterem
585 2370 658 2419 ejus
700 2372 837 2406 Patrem
879 2370 986 2407 hostes

230 2417 369 2454 infestos
397 2418 489 2455 inter
515 2419 548 2455 se
565 2448 573 2455 .

342 2472 404 2504 Ad
430 2474 524 2505 Cant.
550 2473 673 2507 XXIX.
702 2471 784 2514 Vers.
815 2485 871 2520 27.

281 2523 329 2556 Et
344 2521 414 2555 adil
431 2522 574 2556 nominar
588 2523 663 2557 Geri
677 2524 730 2558 del
751 2524 861 2560 Bello.

1094 298 1291 336 sciendum,
1335 305 1427 344 quod
1457 296 1515 332 iste
1542 297 1669 331 Gerius
1697 296 1762 331 Vir
1791 308 1852 330 no-

1093 349 1175 385 bilis
1211 348 1279 384 fuit
1318 350 1438 382 Frater
1468 346 1614 382 Domini
1658 346 1767 381 Cioni
1795 343 1850 381 del

1093 400 1194 435 Bello
1220 398 1261 434 de
1282 397 1527 446 Aldigheriis;
1557 396 1617 444 qui
1648 395 1756 430 homo
1777 409 1853 430 mo·-

1093 450 1190 485 lestus
1236 451 1269 484 &
1308 447 1557 484 Schismaticus
1600 446 1667 482 fuit
1710 445 1853 481 interfe-

1092 500 1168 536 &tus
1196 501 1241 535 ab
1267 512 1337 534 uno
1373 499 1415 534 de
1443 498 1636 534 Sacchettis
1674 497 1852 532 nobilibus

1092 555 1132 586 de
1163 550 1363 588 Florentia,
1400 549 1441 585 de
1481 549 1608 596 quibus
1649 547 1689 583 fit
1718 547 1852 583 mentio

1092 603 1196 638 Cant.
1226 602 1320 636 XVI.
1353 599 1501 636 Paradifi
1519 626 1526 635 .
1554 599 1628 646 Qui
1659 598 1853 634 seminave-

1092 661 1144 687 rat
1171 651 1380 687 discordiam
1411 650 1504 686 inter
1527 650 1714 698 quosdam.
1743 649 1854 697 Cujus

1091 715 1184 737 mors
1214 715 1282 737 non
1312 701 1380 737 fuit
1409 701 1589 736 vindicata
1616 702 1679 749 per*
1703 699 1853 748 spatium

1095 755 1205 788 XXX.
1221 765 1411 788 annorum.
1442 751 1614 787 finaliter
1639 750 1707 787 filii
1727 750 1854 786 Domi—

1091 807 1128 839 ni
1145 803 1255 840 Cioni
1268 831 1277 847 ,
1293 804 1325 838 8<
1344 812 1486 850 nepotes
1505 801 1649 851 praefati
1666 801 1766 837 Gerii
1779 826 1787 839 ‚
1804 800 1853 836 fe·

1091 864 1213 890 cerunt
1234 853 1430 889 vindiffiam
1445 878 1455 893 ‚
1477 852 1724 888 interficiendo
1746 865 1855 888 unum

1090 905 1132 940 de
1168 904 1360 940 Sacchettis
1397 904 1435 939 in
1471 902 1560 938 ostio
1597 902 1677 938 suo.
1715 904 1761 937 Et
1800 915 1853 937 re-

1092 954 1231 1004 spondit
1261 954 1442 1003 Vergilius
1469 953 1562 1002 quafi
1591 954 1720 989 tacite.
1757 953 1850 998 Quia

1091 1006 1186 1041 enim
1217 1008 1347 1041 Dantes
1375 1005 1489 1040 dicere
1518 1004 1648 1052 posset,
1676 1003 1853 1051 quomodo

1091 1070 1156 1106 ego
1177 1069 1246 1091 non
1269 1055 1343 1091 vidi
1365 1055 1508 1104 ipsum?
1535 1055 1624 1090 dicit
1649 1054 1849 1102 Vergiliusz

1143 1111 1193 1141 Tu
1221 1108 1265 1141 eri
1292 1107 1373 1141 allor
1397 1108 1426 1140 si
1452 1107 1504 1141 del
1530 1116 1612 1140 tutto
1640 1106 1791 1151 impedito
1808 1132 1817 1147 ,

1093 1157 1204 1201 Idest,
1242 1157 1380 1205 penitus
1408 1165 1597 1206 occupatus
1635 1169 1714 1191 cum
1742 1156 1854 1191 oculiss

1092 1208 1217 1244 defixis

1141 1263 1244 1295 sowa
1271 1258 1370 1298 colui,
1398 1259 1449 1293 che
1465 1259 1525 1306 gia
1550 1268 1641 1292 tenne
1667 1257 1851 1301 Altasorte.

1092 1310 1235 1346 Scilicet
1249 1338 1258 1353 ‚
1276 1309 1503 1345 Beltrandum
1525 1309 1579 1344 del
1603 1308 1735 1343 Bornio
1752 1335 1762 1351 ,
1790 1307 1851 1355 qui

1092 1373 1199 1395 unum
1227 1360 1406 1408 Oppidum
1436 1360 1473 1395 in
1512 1360 1646 1407 Anglia
1682 1358 1770 1393 olim
1800 1369 1852 1394 te-

1091 1411 1190 1446 nuit.
1219 1413 1265 1445 Εἴ
1287 1410 1447 1445 nominat
1468 1410 1566 1445 istam
1589 1411 1736 1445 Terram
1759 1422 1850 1445 nunc

1091 1460 1309 1504 incidenter,
1361 1461 1444 1507 quia
1485 1474 1556 1495 non
1607 1460 1852 1495 nominaverat

1091 1524 1165 1546 eam
1196 1511 1320 1559 supra,
1348 1511 1408 1546 ubi
1436 1514 1602 1560 agebatur
1638 1511 1679 1546 de
1720 1511 1852 1559 princi-

1091 1561 1161 1611 pali
1192 1561 1366 1609 materia;

1141 1613 1206 1647 Che
1233 1626 1291 1646 non
1316 1611 1483 1659 guardasti
1510 1611 1543 1646 in
1571 1613 1632 1657 ld,
1652 1611 1685 1653 st
1715 1612 1754 1655 su
1778 1623 1854 1658 par—

1193 1675 1273 1699 ttto.
1474 1703 1476 1705 v

1092 1716 1138 1749 Et
1166 1714 1251 1748 bene
1279 1713 1389 1756 dicit,
1427 1712 1510 1760 quia
1546 1712 1587 1748 de
1625 1712 1673 1748 rei
1705 1712 1853 1748 veritate

1093 1763 1231 1799 Auetor
1257 1765 1378 1799 debuit
1414 1765 1479 1799 effe
1518 1762 1641 1799 saltem
1669 1763 1853 1799 abstraetus

1094 1815 1131 1850 in
1159 1814 1303 1849 fictione
1333 1814 1523 1861 profunda,
1564 1827 1669 1861 quam
1699 1813 1851 1862 superius

1094 1864 1178 1900 fecit
1223 1865 1259 1900 in
1306 1864 1541 1913 descriptione
1586 1865 1684 1900 illius
1724 1878 1853 1912 poenae

1095 1915 1289 1951 mirabilis.
1329 1915 1411 1951 Ideo
1449 1915 1561 1950 menti
1599 1915 1675 1950 suae
1702 1928 1852 1963 occupa-

1095 1975 1150 2002 tae
1201 1967 1292 2001 circa
1337 1966 1437 2001 illam
1481 1964 1754 2014 speculationem
1783 1978 1852 2000 non

1094 2016 1248 2052 occurrit
1283 2016 1409 2052 Gerius
1446 2016 1501 2051 del
1540 2017 1666 2055 Bello,
1708 2015 1769 2063 qui
1799 2016 1853 2052 vi-

1096 2067 1240 2103 debatur
1266 2067 1500 2102 nominandus
1528 2066 1621 2102 inter
1648 2066 1726 2102 istos
1756 2067 1854 2102 Schi-

1097 2118 1259 2153 smaticos
1311 2119 1512 2153 vulneratos
1562 2119 1595 2152 δ(
1643 2119 1812 2152 laceratos
1839 2131 1850 2166 3

1096 2169 1156 2216 qui
1185 2169 1222 2204 in
1252 2168 1325 2204 vita
1362 2168 1430 2203 fuit
1466 2177 1645 2204 truncatus
1682 2167 1772 2203 ferro
1809 2170 1855 2204 ob

1096 2219 1191 2255 istam
1221 2220 1378 2266 culpam.
1418 2221 1464 2254 Et
1493 2214 1563 2265 post
1601 2229 1751 2254 mortem
1779 2233 1853 2255 cae-

1096 2271 1191 2306 ditur
1219 2283 1237 2306 a
1266 2270 1440 2307 Diabolo,
1470 2269 1554 2306 ficut
1582 2271 1614 2305 St
1643 2269 1729 2306 alii,

1346 2322 1408 2356 Ad
1436 2324 1517 2368 Vers.
1547 2324 1604 2369 36.

1148 2375 1180 2407 E
1205 2373 1247 2406 cic)
1276 2371 1315 2406 m’
1332 2373 1371 2406 lm
1398 2371 1516 2416 e'satto
1542 2389 1561 2407 a
1588 2373 1617 2416 se
1642 2374 1701 2419 ρίἶι
1725 2372 1777 2418 pt'o
1796 2397 1804 2407 .

1147 2422 1251 2468 Quasi
1289 2423 1403 2458 dicat:
1435 2425 1474 2458 In
1517 2423 1583 2459 hoc
1612 2423 1722 2472 magis
1751 2423 1854 2457 doleo

1068 2483 1071 2519 ᾗ
1097 2472 1133 2508 ὃ(
1152 2474 1369 2519 compatior,
1403 2474 1486 2521 quia
1507 2476 1664 2520 pulcrum
1697 2475 1729 2509 8(
1756 2473 1853 2519 pium

1067 2530 1071 2560 ἑ
1096 2524 1235 2560 videtur
1262 2524 1372 2561 facere
1400 2525 1596 2561 vindietam
1632 2526 1673 2561 de
1701 2524 1853 2572 parenti—

1744 2575 1805 2608 bus
