2216 3105
245 201 329 244 541-
535 183 829 226 COMMENF.
860 185 926 229 IN
964 179 1188 235 DANTJS
1215 178 1456 223 COMOED.

260 245 323 281 Ad
333 245 430 278 Cant.
444 244 498 277 VI.
509 244 695 289 Purgatorii
713 244 795 288 Vers.
814 256 826 279 1
837 256 869 290 3.

235 294 343 341 Quivi
371 305 424 328 era
453 291 610 329 l’Aretin
624 317 635 333 ,
664 294 717 329 che
745 296 791 329 da
808 295 836 328 le
857 294 945 331 brac-

286 345 335 379 cia
359 343 430 381 &a

185 395 278 433 Heic
308 396 413 429 Poeta
454 393 621 430 describit
649 395 815 443 quosdam
844 395 946 445 spiri-

187 458 242 484 tus
277 445 462 480 modernos
499 446 672 481 notabiles
694 473 702 481 .

187 496 350 532 nominat
378 508 483 530 unum
523 509 687 545 magnum
729 497 821 540 Juris
850 500 946 533 Con-
974 506 978 530 1

188 547 317 582 fultum
346 545 387 581 de
415 545 566 590 Aretio,
603 547 664 595 qui
692 546 762 582 fuit
790 557 946 596 tempore

186 598 253 633 illo
281 595 450 635 famosus,
478 595 516 632 Sc
545 608 665 633 acutus
693 597 729 633 in
751 598 867 634 Civili
889 601 946 634 Sa-

189 647 351 696 pientia,
389 647 500 682 audax
529 647 656 683 nimis.
694 646 801 683 Unde
842 649 946 685 semel

188 699 423 745 interrogatus
459 709 478 731 a
520 697 740 733 Scholaribus
782 698 849 734 suis
879 701 946 734 Bo-

189 748 336 786 noniae,
379 746 420 782 de
462 747 613 794 quodam
661 749 790 795 punEio
840 750 946 797 juris,

190 811 259 833 non
288 796 428 832 erubuit
455 797 589 833 dicere:
634 801 700 838 Ite,
743 800 783 833 ite
809 802 852 833 ad
878 804 947 835 A:-

190 847 342 890 cmstum,
384 847 439 893 qui
465 847 667 883 imbrattavit
707 860 804 884 totum
830 854 948 895 Corpus

181 900 301 943 Juris.
341 897 448 932 Unde
475 897 586 933 dicit:
625 900 731 945 Qui-ui
767 914 818 935 era
854 901 947 936 l'An

190 948 293 983 min.
334 948 407 983 Hic
436 958 579 984 vocatus
607 949 652 984 est
683 951 854 986 Dominus
884 952 947 986 Be-

191 997 361 1045 nincasag
391 997 478 1033 licet
505 1001 595 1034 male
624 1000 757 1035 cefferit
785 1000 866 1036 fibi.
903 1004 948 1036 Et

191 1047 262 1085 fuit
297 1048 338 1083 de
368 1061 436 1083 uno
473 1049 651 1093 Castello,
689 1051 780 1098 quod
818 1051 948 1087 dicitur

191 1097 381 1135 Laterina.
424 1100 471 1145 Et
497 1100 613 1148 tangit
639 1101 827 1136 occisorem
854 1103 948 1149 ejus,

191 1148 309 1184 virum
337 1148 498 1184 omnium
527 1148 578 1185 sui
616 1151 784 1199 temporis
812 1151 951 1188 violen-

190 1198 384 1243 fiffimum,
421 1212 522 1246 quem
551 1210 715 1237 notanter
741 1201 906 1238 describit
933 1217 950 1238 a
979 1196 982 1232 l

979 1272 981 1279 Α
1027 1277 1030 1285 .
1059 1247 1248 1283 cidissimus
1277 1247 1463 1283 Boccatius
1491 1248 1532 1284 de
1559 1250 1727 1286 Certaldo
1750 1251 1818 1286 ser—

193 1248 380 1286 ferocitate
409 1249 463 1285 sua
477 1262 488 1297 3
518 1250 636 1287 dicens
651 1265 659 1287 z

242 1319 258 1325 -
284 1317 302 1325 -ι
329 1320 346 1325 -
371 1320 388 1324 -
414 1319 431 1325 —
457 1301 509 1333 che
533 1302 577 1335 da
603 1305 633 1334 le
658 1303 777 1337 bruccia
977 1308 982 1345 l

239 1349 335 1383 Fiere
353 1350 390 1384 di
408 1349 494 1383 Ghin
515 1351 552 1384 di
571 1354 666 1385 Taceo
686 1352 759 1386 ebbe
778 1357 812 1387 la
836 1364 948 1388 morte.
976 1349 981 1381 ἶ

190 1398 296 1441 Ideo,
348 1399 505 1442 Lechr,
558 1402 669 1444 volo,
708 1402 801 1448 quod
839 1403 949 1445 scias,

189 1450 281 1497 quod
311 1448 371 1483 iste
408 1449 546 1484 Ghinus
574 1463 643 1487 non
685 1450 754 1486 fuit
781 1452 831 1487 ira
860 1452 950 1487 infa—

188 1499 277 1538 mis,
306 1507 344 1533 ut
373 1499 483 1545 aliqui
513 1498 692 1542 scribunt,
721 1501 815 1548 quod
843 1501 950 1538 fuerit

190 1560 336 1598 magnus
364 1548 524 1591 ficamus,
561 1551 594 1584 8<
634 1550 804 1596 spoliator
830 1552 948 1588 strata·
977 1571 980 1593 ρ

188 1613 286 1635 rum.
331 1598 390 1634 Iste
431 1612 581 1647 namque
623 1600 762 1637 Ghinus
814 1603 949 1651 Tacchi

190 1650 258 1684 fuit
286 1649 342 1684 vir
363 1649 558 1693 mirabilis,
587 1664 752 1699 magnus,
777 1654 949 1689 membra—

188 1709 266 1736 tus,
296 1698 394 1745 niger
421 1699 518 1744 pilo,
546 1701 579 1733 δί
602 1713 702 1736 carne
722 1702 948 1743 fortissimus,

191 1754 247 1784 ut'
276 1749 402 1783 Scaeva
440 1748 672 1789 laeviffimus,
710 1762 749 1786 ut
791 1753 950 1799 Papirius

191 1797 323 1834 Cursor
362 1798 507 1846 prudens
550 1801 582 1834 8<
626 1801 757 1849 largus.
798 1803 882 1838 Fuit
909 1803 949 1838 de

190 1848 384 1884 Nobilibus
425 1849 466 1884 de
508 1850 540 1885 la
570 1853 709 1890 Fratta,
746 1853 979 1890 Comitatus*

192 1901 377 1934 Senarum.
415 1899 488 1944 Qui
517 1901 678 1948 expulsus
714 1902 849 1938 viribus
877 1906 950 1939 Co-

749 449 795 481 Et
832 447 946 496 primo
974 455 990 505 l

191 1949 320 1984 mitum
357 1949 398 1984 de
451 1950 574 1985 santia
616 1952 719 1987 Flora
760 1954 949 2001 occupavit

191 1997 352 2034 Castrum
406 2000 525 2035 nobile
567 2001 775 2038 Radicofani
828 2014 949 2040 contra

193 2050 343 2096 Papam.
370 2050 418 2095 Et
455 2063 534 2085 cum
563 2050 630 2086 suis
666 2051 807 2088 famulis
836 2054 949 2089 mani-

190 2098 336 2147 pulariis
372 2098 523 2135 faciebat
565 2103 692 2136 multas
734 2103 769 2136 δε
808 2101 978 2152 magnas!

190 2148 353 2197 praedas,
389 2148 441 2184 ita
468 2151 560 2197 quod
589 2152 705 2187 nullus
735 2162 872 2200 poterat
898 2154 948 2190 ire
976 2184 977 2195 ³

191 2210 289 2235 tutus
318 2201 466 2235 Romam
494 2202 551 2235 vel
579 2202 651 2236 alio
678 2215 736 2247 per
763 2212 875 2250 partes
902 2204 948 2240 il-

188 2313 310 2336 manus
338 2300 433 2349 ejuS,
475 2301 535 2349 qui
564 2315 634 2337 non
662 2303 836 2340 recederet
862 2317 945 2340 con—

187 2360 327 2394 tentus,
367 2349 404 2386 ἃ.
433 2362 564 2388 amaret
591 2353 624 2387 8<
661 2353 818 2390 laudaret
844 2368 943 2391 eum.
973 2366 975 2396 ῥ’

185 2403 235 2438 Et
271 2401 351 2436 audi
390 2414 522 2438 morem
565 2402 776 2439 laudabilem
814 2403 851 2440 in
877 2406 943 2442 tali
972 2399 975 2434 ἶ

186 2462 260 2488 arte
296 2452 552 2489 latrocinandi.
589 2454 624 2489 Si
662 2464 834 2491 mercator
870 2467 973 2492 erat=

187 2513 333 2552 captus,
360 2502 498 2539 Ghinus
526 2505 732 2552 explorabat
758 2506 941 2554 placabili·
972 2523 973 2526 ¹

977 2025 1030 2083 'El

974 2215 977 2231 ³

188 2251 265 2286 las.
303 2249 366 2285 Sed
405 2249 475 2286 fere
511 2252 628 2287 nullus
670 2251 869 2289 incurrebat
909 2242 976 2319 in:¹
1025 2244 1029 2286 l

1676 199 1755 240 542

986 247 1018 281 A
1053 251 1132 279 ter,
1169 239 1339 287 quantum
1367 238 1430 274 ille
1459 247 1594 287 poterat
1622 239 1683 277 fibi
1711 245 1812 279 dare.

1053 293 1101 326 Et
1127 289 1150 324 fi
1171 290 1233 325 ille
1254 289 1395 324 dicebat
1413 289 1626 338 quingentos
1654 295 1812 338 Aurem,

1054 340 1230 377 auferebat
1256 338 1318 375 fibi
1346 348 1521 374 trecentos
1538 366 1549 383 ,
1586 341 1620 374 &
1649 343 1812 379 reddebat

1053 391 1244 434 ducentos,
1272 389 1411 426 dicens:
1444 390 1518 423 Volo
1537 392 1619 436 quod
1643 393 1734 438 poffis
1759 408 1813 427 ne-

1049 441 1404 489 gotiari&lucrar1'.
1440 440 1476 475 Si
1513 450 1587 475 erat
1623 454 1710 476 unus
1754 445 1813 478 Sa-

1026 492 1172 528 'cerdos
1207 491 1306 527 dives
1345 492 1380 526 δε
1426 490 1594 539 pinguis,
1637 491 1813 528 auferebat

1027 548 1029 579 ὲ
1055 543 1118 578 fibi
1146 543 1277 577 mulam
1306 543 1483 590 pulcram.
1521 542 1554 576 &
1582 541 1687 577 dabat
1714 542 1746 578 ei
1774 556 1814 579 u—

1027 599 1138 629 lnum
1180 592 1310 628 tristem
1352 592 1562 627 roncinum.
1604 594 1652 628 Et
1691 592 1713 628 fi
1742 604 1816 630 erat

1056 657 1143 679 unus
1171 642 1344 679 Scholaris
1372 655 1500 691 pauper
1526 642 1654 678 vadens
1683 643 1722 679 ad
1749 643 1815 680 stu-

1056 694 1175 732 dium,
1220 694 1373 729 donabat
1413 692 1474 728 fibi
1516 693 1669 742 aliquam
1712 708 1816 743 pecu-

1058 745 1177 783 niam,
1206 745 1239 779 &
1267 744 1518 780 exhortabatur
1545 743 1656 793 ipsum
1686 745 1728 780 ad
1757 746 1815 781 be-

1057 808 1099 830 ne
1121 794 1290 843 agendum
1312 796 1345 829 8<
1368 793 1618 842 proficiendum
1646 795 1682 830 in
1705 795 1817 832 scien-

1058 846 1131 880 tia.
1168 847 1216 880 Et
1243 854 1334 881 certe
1372 844 1393 878 sl
1422 844 1481 880 iste
1509 845 1640 881 nobilis
1676 846 1816 883 Ghinus

1058 908 1247 943 numquam
1291 894 1424 930 fecisset
1474 895 1568 930 aliud
1615 896 1815 942 laudabile,

1057 945 1118 981 nifi
1147 945 1239 993 quod
1269 955 1340 980 tarn
1369 945 1505 993 egregie
1526 945 1719 982 medicavit
1739 947 1816 982 Ab-

1059 997 1171 1031 batem
1213 994 1483 1031 Cluniacensem
1530 996 1817 1034 delicatissimum

1057 1045 1094 1081 ὃς
1133 1045 1362 1086 ditiffimum,
1398 1047 1432 1081 &
1469 1046 1606 1082 curavit
1633 1047 1770 1096 optime
1797 1062 1817 1084 a

1058 1096 1181 1131 morbo
1222 1095 1414 1136 stomachi,
1456 1109 1518 1144 pro
1560 1111 1630 1145 quo
1671 1098 1747 1134 ibat
1775 1099 1817 1135 ad

1027 1164 1031 1196 s
1059 1148 1179 1183 balnea
1217 1160 1295 1183 curn
1325 1146 1468 1195 superbo
1507 1156 1671 1195 apparatu
1699 1149 1818 1185 Galli-

1026 1197 1121 1274 ὶεο,
1160 1207 1199 1233 ut
1239 1196 1469 1245 pulcherrime
1511 1197 1634 1234 scribit
1660 1199 1716 1235 vir
1744 1202 1819 1249 pla-

1058 1311 1160 1334 mone
1188 1308 1346 1333 materno
1372 1298 1410 1334 in
1438 1299 1549 1334 Libro
1571 1299 1651 1344 suo,
1680 1301 1742 1349 qui
1763 1301 1817 1337 di—

1057 1348 1148 1384 citur
1184 1352 1394 1393 Decumum,
1423 1348 1517 1385 satis
1554 1350 1635 1387 effet
1673 1351 1817 1387 laudan-

1056 1399 1137 1434 dus.
1167 1398 1228 1434 Sed
1258 1408 1297 1433 ut
1324 1399 1397 1434 cito
1425 1400 1566 1436 veniam
1595 1401 1636 1436 ad
1664 1402 1820 1451 proposi-

1055 1459 1159 1492 tum,
1196 1448 1327 1484 accidit
1364 1449 1493 1489 semel,
1536 1451 1629 1499 quod
1672 1452 1840 1500 quidam*

1055 1498 1160 1534 frater
1195 1498 1307 1534 Ghini
1344 1509 1485 1548 captus,
1527 1502 1743 1550 adjudicatus
1772 1503 1817 1539 est

1056 1548 1236 1596 suspendio
1287 1562 1345 1597 per
1397 1550 1610 1597 praedifi‘ium
1656 1554 1816 1597 Iudicem

1056 1598 1305 1638 Benincasam,
1342 1600 1404 1646 qui
1442 1611 1515 1636 erat
1551 1611 1636 1637 tune
1666 1604 1816 1640 Affeffor

1056 1649 1092 1685 in
1133 1648 1298 1685 Civitate
1339 1653 1536 1687 Senarum.
1579 1653 1641 1688 Sed
1686 1653 1817 1690 timens

1055 1699 1275 1735 ferocitatem
1303 1700 1438 1740 Ghini,
1467 1701 1570 1738 finito
1597 1703 1739 1745 officio,
1766 1704 1819 1740 fa·

1055 1750 1130 1785 <stus
1157 1749 1202 1784 est
1230 1750 1385 1785 Auditor
1414 1753 1547 1799 Papae,
1590 1763 1630 1789 ut
1669 1753 1714 1790 fic
1755 1765 1814 1791 tu-

1055 1799 1127 1835 tior
1153 1799 1259 1835 esset.
1302 1802 1422 1845 Quum
1465 1812 1578 1837 autem
1608 1803 1740 1840 sederet
1766 1805 1817 1840 se-

1056 1851 1123 1885 mel
1153 1862 1214 1897 pro
1241 1849 1411 1886 tribunali
1440 1851 1479 1886 ad
1510 1852 1658 1889 bancum
1686 1854 1724 1889 in
1752 1857 1815 1891 Sa·

1054 1901 1107 1939 la,
1136 1900 1174 1935 in
1201 1913 1268 1948 qua
1295 1910 1393 1936 erant
1421 1901 1536 1936 millia
1565 1903 1814 1951 personarum,

1054 1964 1132 1986 ecce
1159 1950 1297 1985 Ghinus
1326 1951 1460 1986 Tacchi
1489 1952 1714 2002 incognitus,
1751 1969 1814 1991 ve-

1054 2002 1107 2036 lut
1132 2001 1318 2043 Scaevola,
1348 2002 1458 2050 magis
1482 2002 1679 2044 timendus,
1708 2018 1811 2054 quam

1056 2052 1204 2090 timens,
1225 2050 1351 2086 invafit
1371 2065 1449 2087 eum
1472 2053 1705 2099 mirabiliter,
1727 2057 1813 2093 aliae

1054 2100 1283 2139 terribiliter,
1333 2100 1371 2137 δε
1423 2102 1542 2151 gladio
1592 2105 1812 2143 transfossum

1055 2151 1303 2200 praecipitavit
1331 2152 1371 2187 ab
1400 2154 1492 2188 alto.
1532 2156 1579 2189 Et
1615 2155 1750 2205 fugiens
1778 2171 1815 2193 e-

1026 2227 1028 2242 ἰ
1057 2201 1161 2241 vafit,
1198 2201 1362 2237 tranfiens
1398 2204 1497 2239 velut
1531 2203 1664 2242 fulmen
1693 2207 1813 2244 ardens

1056 2266 1115 2300 per
1142 2252 1296 2287 medium
1325 2253 1503 2289 turbarum
1521 2282 1530 2290 .
1571 2258 1619 2292 Et
1645 2257 1712 2293 hoc
1739 2258 1784 2294 est
1801 2287 1811 2303 ,

1025 2291 1028 2340 l
1055 2303 1147 2350 quod
1175 2302 1264 2338 dicit
1301 2305 1407 2338 Poeta
1444 2318 1535 2340 nunc
1572 2305 1613 2342 de
1642 2308 1813 2345 Beninca-

1024 2342 1027 2395 Ξ
1055 2352 1109 2395 sa,
1137 2353 1187 2388 che
1211 2356 1256 2388 da
1281 2354 1311 2387 le
1337 2353 1458 2389 braccia
1486 2355 1566 2400 fiere
1591 2357 1626 2392 di
1662 2359 1750 2393 Ghin
1776 2360 1813 2395 di

1024 2398 1027 2446 ξ
1054 2407 1151 2438 Taceo
1177 2402 1251 2438 ebbe
1276 2404 1311 2439 la
1337 2416 1451 2440 morte.
1487 2407 1535 2441 Et
1571 2417 1655 2444 nota
1672 2436 1681 2453 ‚
1719 2410 1812 2457 quod

1024 2447 1125 2502 {ipse
1161 2453 1298 2489 Ghinus
1335 2454 1459 2491 habuit
1495 2467 1645 2494 mortem
1674 2459 1811 2495 violen-

1023 2488 1027 2538 l
1054 2514 1125 2539 tam
1155 2504 1195 2538 ab
1223 2503 1315 2541 alio.
1355 2507 1448 2541 Nam
1491 2508 1583 2556 Papa
1611 2509 1811 2545 Bonifacius

1100 2553 1258 2591 bima.

1690 2572 1764 2598 mg·
