2216 3105
438 211 521 251 47¹

745 200 1040 245 COMMENT.
1073 203 1139 245 ΙΝ
1169 203 1388 246 DANTIS
1414 205 1658 248 COMOED:

1864 212 1957 263 ··472

378 251 443 288 bus
481 254 518 289 in
564 254 627 291 isto
665 260 822 295 mundo.
859 263 905 296 Et
945 261 1023 297 heic
1061 264 1144 298 volo
1177 265 1229 301 Al
1254 262 1366 299 solent
1405 265 1510 300 multi
1551 264 1724 301 infirmari
1752 264 1849 301 dieto
1878 266 2014 315 tempo-

378 313 414 339 te
442 313 563 341 notare
581 331 591 345 ‚
620 309 714 355 quod
742 323 849 358 quum
878 325 999 348 omnes
1027 312 1141 349 homi-

375 367 438 390 nes
459 357 670 395 naturaliter
691 361 837 397 tendant
859 362 899 398 ad
925 363 1118 399 vinditOcam
1132 389 1141 403 ,

377 406 579 443 Florentini
607 408 649 444 ad
677 409 746 446 hoc
789 412 944 450 maxime
981 414 1060 450 sunt
1088 428 1140 450 ar-

375 455 568 493 dentiffimi
614 458 653 495 &
701 462 840 510 publice
890 463 927 500 &
974 464 1110 512 private
1131 493 1139 501 .

375 507 483 552 Quod
513 509 599 544 bene
625 510 847 559 ostenderunt
888 514 933 550 iis
969 515 1138 562 tempori-

376 557 438 593 bus
466 559 638 596 Ecclefiae
667 565 868 603 Romanae,
897 564 955 600 cui
983 565 1137 601 fecerunt

376 609 544 645 rebellare
591 623 752 659 magnam
801 623 933 661 partem
974 615 1100 651 Italiae
1127 641 1137 655 ,

371 671 455 694 cum
485 672 610 705 magna
630 662 847 698 desolatione
866 665 1026 700 omnium
1048 668 1137 701 Ter—

374 722 490 744 rarum
534 709 571 744 &
612 712 754 747 excidio
781 715 996 750 multorum.
1034 716 1136 751 Unde

375 759 504 803 eredo,
542 762 636 808 quod
677 761 852 810 fignanter
891 764 1015 801 fecerit
1058 765 1135 802 heic

374 809 516 845 Aufilor
552 811 649 848 istam
694 813 874 850 fiffionem
917 815 1137 864 singulariter

375 861 436 897 ista
463 861 504 896 de
533 862 652 907 causa,
681 863 719 899 in
747 878 814 913 qua
835 866 1006 907 ostendit,
1034 867 1133 903 istum

376 911 538 960 spiritum
569 914 814 951 Florentinum
843 916 927 953 adeo
957 917 1135 966 indignari

375 963 417 999 de
445 963 603 1000 vindicta
631 978 703 1001 non
731 965 821 1002 faeta
849 967 890 1003 de
917 982 980 1008 eo,
1024 967 1061 1004 ὃ(
1104 968 1135 1004 se

375 1013 553 1050 absentare
581 1015 658 1052 illi.
688 1018 781 1053 Bene
809 1018 951 1059 audivi,
978 1020 1135 1068 optimos

376 1065 603 1102 Florentinos
644 1067 799 1104 maxime
836 1068 1039 1106 damnantes
1068 1083 1135 1119 ‘ge—

376 1129 440 1150 nus
470 1117 755 1154 florentinorum
784 1119 903 1154 animo
954 1119 991 1156 &
1032 1135 1135 1169 appe-

374 1167 445 1201 titu
492 1167 694 1204 vindieiae.

375 1217 572 1253 introducit
614 1219 814 1267 Vergilium
859 1220 1050 1269 sapientem
1079 1223 1133 1259 vi-

373 1281 478 1313 rum,
507 1268 568 1317 qui
597 1269 658 1305 fibi
687 1271 753 1306 hoc
780 1271 1017 1309 dissuadebat.

625 1322 687 1356 Ad
715 1322 796 1366 Verfi
825 1323 886 1369 46.

425 1372 516 1417 „Qual
535 1372 621 1405 dolor
634 1373 706 1416 sora
715 1386 735 1415 ;
748 1372 783 1417 se
799 1374 837 1407 de
852 1374 905 1420 gli
919 1374 1044 1421 [pedali

477 1423 524 1456 Di
545 1423 757 1458 Valdichiana
782 1444 1013 1452 ------

373 1472 431 1507 Ad
461 1473 527 1508 hoc
555 1473 600 1507 est
627 1472 829 1512 sciendum,
871 1475 963 1522 quod
992 1474 1131 1511 Chiana

374 1523 419 1557 est
459 1524 627 1571 quaedam
670 1524 787 1558 Vallis
824 1524 1001 1572 palustris,
1039 1539 1130 1561 mor-

337 1584 340 1587 ·
372 1583 453 1612 tua,
492 1572 528 1608 ὃς
568 1572 720 1608 marcida
762 1573 799 1608 in
841 1575 996 1615 Tuscia,
1038 1576 1131 1613 inter

375 1622 564 1662 Clusium,
603 1623 796 1663 Annium,
836 1625 869 1660 δε
911 1628 1128 1666 Cortonam,

372 1673 408 1708 in
428 1673 607 1709 territorio
623 1673 801 1709 (ji-:itatis
819 1677 981 1711 senarum
995 1683 1013 1712 .'
1030 1680 1129 1723 Quae

371 1724 486 1759 reddit
515 1730 624 1759 aerem
656 1725 870 1771 pestilentem
908 1726 945 1761 in
983 1727 1129 1768 aestate,

371 1774 511 1822 quando
553 1774 598 1810 est
633 1774 788 1810 intensus
825 1777 940 1811 calor.
982 1779 1034 1812 De
1062 1791 1128 1824 qua

371 1826 477 1860 etiam
508 1824 549 1860 fit
586 1824 721 1860 mentio
760 1825 797 1860 in
825 1825 932 1861 Cant.
959 1828 1126 1863 paradisi.
1153 1835 1156 1849 ⁸

369 1878 476 1919 Juxta
513 1885 629 1910 autem
660 1876 799 1911 Vallem
838 1877 932 1912 istam
962 1887 1035 1913 erat
1062 1878 1127 1913 illo

367 1935 527 1973 *tempore
556 1925 742 1974 Hospitale
766 1927 806 1961 de
835 1928 1041 1975 Alrupuffu,
1069 1929 1125 1965 ubi
1153 1940 1155 1966 i

368 1975 526 2012 solebant
563 1977 627 2012 effe
671 1976 776 2012 multi
821 1991 983 2025 pauperes
1029 1979 1127 2015 infir-

369 2037 529 2067 mantes,
566 2026 603 2063 &
641 2041 700 2076 ptr
736 2027 946 2076 consequens
983 2033 1154 2079 magnus}

368 2078 470 2113 dolor
482 2091 494 2126 3

419 2150 434 2155 -
462 2150 477 2155 -
504 2150 520 2155 -
547 2150 562 2154 -
590 2140 640 2163 tra
659 2127 683 2162 'l
703 2129 840 2176 Luglio,
861 2129 915 2164 e'l
935 2131 1124 2167 Settemhre.
1151 2161 1153 2168 ,

367 2179 454 2215 {dest
489 2179 530 2214 de
558 2178 671 2214 mense
700 2180 867 2223 Augusti.
904 2181 1002 2217 Sicut
1028 2182 1123 2218 enim
1151 2183 1153 2198 ³

367 2231 465 2265 locus
502 2229 546 2265 est
582 2229 680 2265 causa
716 2229 957 2271 infirmitatis,
998 2231 1049 2268 ita
1086 2231 1123 2268 &

367 2289 504 2328 ternpus
541 2279 694 2315 maxime
731 2279 907 2329 Augustus
943 2281 987 2317 est
1024 2282 1122 2318 infir-

367 2344 444 2366 mus
481 2329 624 2375 mensis,
666 2329 773 2366 etiam
816 2331 854 2366 in
897 2331 985 2367 locis
1013 2332 1122 2369 sanis.

366 2383 415 2416 Et
442 2381 550 2416 dicit:

417 2435 451 2467 Ε
467 2432 502 2466 di
519 2431 692 2470 sardinia,
717 2446 732 2465 e
747 2431 784 2466 di
800 2435 977 2467 I’vffaremma
993 2433 1004 2467 i
1024 2435 1102 2468 mali
1112 2460 1121 2473 ‚

366 2482 478 2522 Idest,
520 2482 637 2529 qualia
665 2483 756 2517 mala
783 2493 912 2518 exeunt
938 2483 979 2518 de
1007 2484 1123 2519 Mari-

367 2543 475 2570 ‘nma-

520 2533 563 2569 In
599 2531 787 2568 Maritima
828 2532 922 2570 enim
965 2536 1153 2570 Romana*

1160 714 1198 764 ‘tro

1171 1166 1200 1200 Γ)

746 1169 829 1205 Ideo
871 1171 1010 1207 AuPtor
1049 1173 1160 1208 bene1
1218 1189 1220 1196 >

1252 327 1308 349 re.
1345 314 1520 351 Similiter
1562 316 1669 352 multi
1706 315 1933 353 infirmantur
1974 318 2013 354 in

1253 364 1430 401 Sardinia.
1453 367 1499 402 Et
1518 365 1597 402 heic
1617 375 1722 407 nota,
1743 367 1837 415 quod
1857 366 1892 402 in
1915 381 2012 415 prae-

1251 413 1355 451 dietis
1383 416 1472 451 locis
1500 416 1597 452 causa
1625 417 1848 453 infirmitatis
1868 416 1914 453 est
1934 430 2011 454 cor-

1251 466 1368 514 ruptio
1397 467 1482 502 aeris
1532 468 1565 502 8<
1609 480 1717 515 aquae
1755 477 1897 517 propter
1924 480 2009 504 ven-

1250 523 1304 551 tos
1332 517 1600 561 meridionales,
1636 520 1670 553 δε
1713 518 1923 555 exceffivum
1952 532 2010 554 ca-

1249 566 1380 602 lorem.
1422 567 1524 602 Unde
1551 567 1667 604 Insula
1696 569 1875 605 Sardiniae
1901 568 2010 605 habet

1250 622 1360 651 a‘e'rern
1389 617 1629 663 pestilentem,
1658 619 1813 655 maxime
1834 620 1926 655 circa
1947 633 2008 655 ex-

1249 674 1359 701 trema
1387 668 1494 701 litora
1521 666 1598 702 sua.
1637 670 1720 703 Non
1758 669 1802 704 fic
1829 669 1867 704 in
1895 670 2008 705 medi-

1249 715 1416 751 terraneis
1445 716 1624 752 montibus
1662 715 1700 753 &
1727 718 1841 753 locis.
1881 720 1927 753 Et
1954 728 2008 754 ta-

1249 779 1327 802 men
1357 765 1452 802 Sardi
1489 766 1600 815 magis
1628 765 1790 803 habitant
1831 767 1938 804 litora
1966 768 2008 804 ad

1246 816 1476 852 defensionem
1505 816 1662 860 Insulae,
1691 831 1778 866 quae
1805 818 1850 854 est
1876 832 1918 854 ex
1941 832 2007 863 op-

1251 866 1359 912 posito
1399 867 1609 903 Barbariae.
1653 868 1754 904 Unde
1781 867 1918 904 Medici
1967 868 2006 905 &

1246 916 1463 953 Met-catores
1501 917 1541 953 de
1588 918 1693 954 Italia
1729 919 1766 954 in
1808 919 2018 966 Sardiniam*

1247 967 1471 1013 accedentes,
1499 968 1573 1004 cito
1597 968 1823 1006 infirmantur
1860 968 1897 1006 δε
1928 983 2005 1005 mo-

1246 1018 1407 1054 riuntur.

1407 1071 1472 1104 Ad
1498 1070 1581 1115 Vetf
1613 1073 1670 1117 38.
1693 1072 1737 1105 Θ·
1759 1071 1843 1119 seqq.

1296 1123 1368 1154 Non
1383 1123 1469 1154 credo
1479 1145 1489 1160 ,
1506 1120 1550 1155 ch’
1565 1136 1585 1156 a
1601 1124 1697 1156 veder
1712 1123 1853 1169 maggior
1867 1121 2006 1168 trt'stt'zr'a

1347 1170 1435 1216 Foffe
1452 1172 1483 1204 in
1499 1172 1607 1218 Egina
1619 1173 1642 1206 it
1654 1173 1752 1219 Popol
1763 1183 1845 1207 tutto
1859 1173 2005 1216 infermo.

1244 1222 1341 1256 Haec
1379 1221 1423 1257 est
1465 1221 1618 1258 breviter
1659 1222 1803 1268 fistio„
1827 1236 1914 1271 quae
1942 1236 2006 1270 pro

1244 1284 1367 1320 magna
1406 1281 1501 1318 parte
1538 1273 1699 1310 continet
1736 1272 1913 1308 historiam
1944 1286 2004 1307 ve-

1241 1335 1341 1357 ram.
1387 1325 1433 1358 Et
1476 1322 1590 1370 primo
1631 1323 1772 1370 quidem
1816 1323 1913 1370 pestis
1941 1322 2003 1358 ista

1243 1371 1311 1407 fuit
1332 1372 1419 1408 olim
1444 1386 1589 1422 magna,
1611 1387 1697 1420 quae
1720 1372 1887 1421 spoliavit
1908 1372 2001 1420 quasi

1242 1432 1352 1458 totam
1394 1422 1594 1459 Civitatem
1633 1423 1891 1459 habitatoribus
1929 1423 2002 1467 pri-

1243 1472 1308 1508 mis
1325 1499 1333 1508 .
1383 1473 1480 1508 Sicut
1522 1473 1633 1509 {imile
1675 1473 1829 1509 vidimus
1880 1474 2001 1510 diebus

1241 1522 1361 1558 nostris
1389 1523 1425 1558 in
1455 1524 1577 1559 multis
1604 1525 1749 1560 Terris.
1791 1526 1837 1559 Et
1865 1524 1906 1559 de
1934 1524 2001 1560 ali—

1241 1573 1366 1619 quibus
1394 1573 1616 1609 audivimus.
1647 1575 1745 1610 Sicut
1773 1573 1810 1609 in
1838 1576 2001 1610 MCCC-

1213 1625 1410 1660 ‘XLVHL
1449 1638 1536 1671 quae
1571 1634 1648 1659 orta
1686 1625 1731 1660 est
1767 1625 1804 1658 in
1843 1624 2001 1671 partibus

1240 1674 1426 1714 Orientis,
1454 1675 1505 1710 ita
1533 1674 1698 1722 fatigavit
1726 1674 1916 1709 humanum
1943 1688 2001 1722 ge-

1241 1738 1330 1764 nus,
1372 1724 1464 1772 quod
1494 1726 1624 1760 multae
1653 1726 1782 1760 Terrae
1811 1725 2000 1760 destruts'lae

1239 1774 1318 1810 sunt
1345 1776 1451 1810 etiam
1481 1774 1740 1811 inoccidente
1777 1775 1910 1810 nostro.
1954 1778 1999 1811 Et

1240 1825 1422 1874 praecipue
1450 1825 1571 1861 Sicilia
1600 1825 1668 1861 fuit
1696 1835 1821 1861 vexata
1864 1826 1923 1860 issa
1951 1828 1999 1860 E-

1241 1875 1412 1922 pidemia,
1458 1874 1496 1912 &
1543 1876 1699 1911 Sardinia
1743 1877 1857 1910 multo
1901 1877 1996 1922 plus.

1240 1927 1334 1972 Quia
1362 1940 1404 1962 ex
1432 1926 1573 1969 decern,
1611 1939 1738 1961 novem
1780 1926 1913 1969 periisse
1942 1926 1998 1961 di-

1241 1986 1385 2013 cuntur.
1424 1976 1540 2012 Pcstea
1568 1975 1603 2011 in
1634 1979 1894 2012 MCCCLXH.
1929 1976 1998 2012 fuit

1241 2027 1309 2062 alia
1337 2027 1436 2076 pestis
1465 2040 1613 2076 magnag
1642 2028 1674 2063 8<
1705 2027 1816 2074 psidie
1837 2027 1905 2062 alia
1928 2036 1995 2062 ter—

1241 2077 1289 2113 tia
1307 2105 1314 2112 .
1369 2080 1468 2114 Haec
1509 2086 1624 2113 autem
1668 2078 1765 2126 pestis
1810 2077 1996 2126 inguinum

1240 2128 1403 2172 provenit
1430 2141 1473 2164 ex
1501 2130 1613 2164 multa
1641 2129 1863 2177 corruptione
1891 2129 1995 2163 aeris.

1239 2179 1322 2215 Ideo
1351 2179 1435 2215 bene
1473 2178 1641 2227 fingitur,
1678 2179 1771 2227 quod
1812 2178 1879 2214 fuit
1917 2192 1995 2213 cau-

1240 2229 1309 2265 sata
1337 2243 1379 2265 ex
1407 2231 1456 2265 ira
1485 2230 1653 2273 Iunonis,
1681 2229 1764 2277 quia
1791 2232 1880 2274 Juno
1907 2229 1994 2264 dici-

1239 2289 1296 2316 tur
1323 2282 1397 2316 Dea
1425 2281 1511 2316 aeris
1539 2295 1557 2315 a
1587 2281 1724 2317 Poetis.

1488 2334 1550 2367 Ad
1578 2331 1660 2376 Vers.
1691 2334 1749 2368 81.

1289 2382 1352 2416 Del
1364 2382 1526 2429 pr'qzt'cor,
1548 2383 1599 2416 che
1620 2396 1677 2417 non
1692 2384 1734 2417 ha
1748 2382 1809 2428 Ριῖι
1822 2379 1965 2425 soccorso.

1238 2431 1420 2467 Sciendum
1439 2461 1450 2476 ,
1488 2432 1581 2480 quod
1610 2433 1753 2468 metalla
1788 2431 1864 2466 sunt
1893 2430 1990 2465 diffe-

1238 2483 1386 2517 rentiata
1415 2483 1507 2518 inter
1533 2483 1566 2518 se
1593 2482 1702 2518 solum
1746 2494 1804 2529 per
1831 2481 1992 2515 acciden-

1237 2534 1341 2568 talem
1372 2533 1544 2576 formam,
1585 2532 1623 2568 δε
1659 2545 1730 2568 non
1759 2544 1817 2580 per
1845 2531 1991 2587 substan-

1876 2592 1941 2616 tia»
