2216 3105
423 280 476 320 w
724 262 1130 321 ANTJQUJR

359 327 461 357 santo
471 322 616 357 Antonio
627 348 634 357 .
646 322 743 358 Audi
757 322 888 358 interea
900 325 1117 371 Sigeberturn

360 374 398 409 in
424 372 608 409 Chronico
636 372 676 408 ad
701 375 846 408 Annum
872 375 1117 409 MLxxxlx.

360 427 503 468 Annus,
541 424 611 463 ait,
636 424 805 471 pestilens,
834 425 965 458 maxime
1001 424 1034 458 in
1061 429 1118 458 Oc-

360 475 512 509 cidentali
534 486 625 522 parte
661 475 906 521 Letharingiae‚
934 475 988 509 ubi
1023 475 1118 509 multi

353 525 441 569 sacro
467 528 543 572 Igne
567 525 715 560 interiora
739 526 926 570 consumente
949 537 1116 571 computre-

353 575 492 620 scentes,
518 575 612 617 exefis
647 575 793 610 membris
822 575 919 617 instar
953 578 1116 610 carbonum

360 626 618 672 nigrescentibus,
646 636 702 660 aut
730 626 951 671 miserabiliter
979 626 1115 660 moriun-

358 686 431 720 tur,
459 687 516 710 aut
542 678 685 711 manibus
711 676 758 715 ὅγ’
781 677 913 723 pedibus
930 676 1116 723 putrefaflis

359 727 516 765 truncati,
542 726 759 771 miserabiliori
781 727 870 762 vitae
894 727 1091 772 reservantur
1100 740 1115 760 .·

358 777 454 810 multi
477 780 550 811 verb
575 789 738 811 nervorum
761 776 966 811 contrafiione
991 777 1115 819 distorti

357 837 604 862 tormentantur.
634 826 815 876 Ejusmodi
844 836 958 863 autem
991 828 1113 862 morbo

357 877 497 922 afflati,
533 890 604 925 quo
640 877 857 926 potiffimum
898 876 1029 913 affliaa
1069 877 1114 912 est

358 927 478 963 Gallia
513 928 657 963 Saeculo
688 930 769 963 XII.
806 927 1034 976 (quanquam
1071 941 1113 963 ne

357 977 642 1027 praecedentibus
669 977 811 1026 quidem
839 978 1017 1026 caruerit)
1043 982 1114 1013 Ar-

356 1030 463 1064 dentes
490 1029 775 1077 appellabantur,
803 1028 932 1077 quippe
968 1028 1030 1063 fibi
1059 1028 1114 1063 vi—

356 1079 528 1114 debantur
555 1080 653 1115 velut
681 1078 762 1127 igne
787 1079 939 1125 correpti
966 1078 1028 1126 qui
1057 1091 1116 1126 per

356 1143 478 1166 eorum
493 1132 648 1165 membra
664 1129 831 1177 serperet.
848 1132 1012 1175 Herpetem
1027 1141 1114 1162 non-

356 1180 449 1216 nulli
474 1193 515 1215 ex
542 1179 697 1226 antiquis
722 1178 904 1226 appellaffe
930 1178 1115 1213 creduntur

355 1231 449 1266 hunc
485 1230 676 1277 morbum3
714 1227 770 1263 sed
806 1227 954 1263 fortaffis
996 1231 1116 1274 Herpes

355 1281 398 1316 ab
427 1283 503 1327 Igne
523 1280 611 1325 sacro
637 1277 792 1314 diversus
830 1277 921 1313 fuit.
959 1280 1001 1313 In
1029 1279 1114 1313 Vita

355 1330 500 1367 SanRae
528 1332 713 1378 Dympnae
746 1328 929 1376 Virginis,
958 1341 1053 1364 num.
1079 1341 1115 1376 9.
1140 1310 1145 1361 i

355 1381 448 1430 apud
490 1379 740 1416 Bellandianos
786 1379 869 1414 haec
912 1378 1111 1414 habentur:

353 1434 461 1468 Habet
488 1431 579 1478 Ignis
615 1431 671 1464 ille
696 1430 783 1476 apud
808 1429 997 1465 Archiatros
1021 1430 1114 1475 plura

354 1470 501 1521 nomina,
530 1481 660 1516 Dicitur
685 1480 799 1527 quippe
825 1479 914 1524 Ignis
940 1482 1053 1517 Sacer,
1082 1481 1114 1512 I-

350 1535 427 1582 gnis
452 1531 612 1573 Persicus,
640 1529 804 1575 &Ignis
838 1528 1030 1572 Infernalis.
1067 1531 1114 1562 Et

353 1585 393 1626 est
420 1583 475 1631 qui
510 1581 624 1623 Esther
649 1580 768 1614 dicitur
793 1581 908 1613 Graeco
937 1580 1112 1617 vocabulo,

351 1597 440 1669 hocq
460 1631 506 1668 est
540 1630 634 1666 titio.
675 1631 761 1665 Erat
797 1636 914 1665 autem
957 1602 1138 1668 diversus}

1173 251 1627 306 MEDJJAEVJ
1871 273 1922 309 ω

1155 323 1187 357 Α
1229 323 1368 358 morbus
1397 323 1514 358 Sanffi
1537 322 1684 367 Lazari,
1705 321 1771 358 hoc
1799 321 1845 358 est
1864 327 1985 370 Lepre,

1228 386 1246 408 a
1275 375 1396 408 morbo
1424 374 1541 409 Sanffli
1573 373 1750 412 Antonii,
1779 373 1847 409 five
1884 377 1925 409 ab
1954 377 1986 409 I-

1223 438 1286 470 gne
1310 428 1421 463 Sacro,
1443 424 1495 459 uti
1523 424 1639 472 prodit
1659 423 1813 459 Historia
1840 423 1985 460 Miscel-

1228 476 1260 508 la
1292 474 1514 510 Bononienfis
1545 474 1586 509 ad
1614 476 1760 509 Annum
1789 476 1984 510 MCCCC-

1230 527 1379 560 XLVII.
1409 526 1467 560 ubi
1496 525 1567 563 ait,
1596 525 1787 559 violatores
1814 526 1985 572 Templo-

1228 588 1302 610 rum
1333 575 1369 610 in
1398 576 1594 623 direptione
1624 574 1728 610 Urbis
1762 575 1984 610 Placentinae

1229 639 1246 660 a
1269 628 1344 660 Deo
1370 626 1531 673 punitos.
1552 628 1614 660 „AL-t
1637 626 1744 659 alcuni
1761 625 1882 670 soldati
1905 639 1985 659 ven-

1229 689 1265 709 ne
1293 676 1317 709 il
1345 677 1425 711 male
1450 676 1485 710 di
1511 679 1610 710 santo
1636 675 1802 718 Antonio,
1830 677 1873 710 ad
1899 676 1984 710 alcu-

1229 726 1263 759 ni
1291 726 1316 759 il
1343 727 1422 761 male
1447 727 1484 760 di
1509 730 1575 760 San
1604 730 1764 770 Lae-zero.
1790 727 1985 773 Utramque

1231 779 1312 811 vero
1339 778 1431 812 luem
1460 775 1669 824 contagione
1697 776 1795 811 fuiffe
1825 789 1983 811 commu-

1227 826 1380 862 nicatam
1405 827 1514 866 sanis,
1534 826 1671 874 opinari
1694 827 1766 874 jure
1790 826 1984 874 possumus.

1227 878 1369 912 Gratiae
1404 880 1485 912 vero
1514 878 1687 912 habendae
1716 877 1854 924 optimo
1883 879 1982 922 Deo,

1227 927 1320 974 quod
1348 927 1466 962 senfim
1496 927 1632 963 deflerit
1670 936 1838 974 utraque,
1865 927 1916 962 ita
1944 936 1983 963 ut

1228 987 1288 1012 aut
1315 979 1474 1016 nullum,
1502 987 1562 1013 aut
1598 977 1785 1013 admodum
1814 991 1908 1013 raros
1936 977 1981 1013 ii-

1227 1026 1319 1061 sdem
1362 1027 1620 1062 contaminatos
1662 1027 1766 1062 Italia
1811 1027 1983 1076 aspiciat.

1228 1078 1359 1111 Verum
1385 1090 1427 1111 ne
1451 1077 1582 1112 nostrae
1607 1077 1748 1123 quidem
1775 1078 1882 1112 aetati
1907 1077 1984 1113 suae

1227 1125 1348 1160 desunt
1384 1140 1593 1170 aerumnae,
1621 1126 1760 1174 quando
1796 1140 1812 1162 a
1850 1127 1983 1163 duobus

1227 1175 1360 1211 Seculis
1387 1176 1425 1212 in
1457 1179 1633 1225 Europam
1671 1177 1770 1212 illata
1799 1177 1843 1213 est
1868 1180 1981 1213 Vene-

1226 1239 1282 1262 rea
1315 1228 1409 1266 lues,
1447 1227 1602 1274 antiquis
1639 1236 1778 1271 tamen,
1816 1237 1855 1263 ut
1891 1227 1981 1264 infra

1225 1277 1546 1313 animadvertemus
1586 1277 1624 1312 in
1666 1277 1808 1312 Differt.
1850 1280 1982 1314 XLIV.

1224 1340 1294 1361 non
1320 1327 1464 1374 ignota,
1489 1327 1586 1376 cujus
1613 1328 1838 1363 incommoda
1863 1328 1983 1376 qualia

1224 1376 1375 1420 fuerint,
1418 1391 1457 1412 ac
1498 1377 1564 1412 s1nt
1605 1377 1896 1426 supervacaneum
1940 1379 1985 1414 est

1223 1427 1437 1463 meminisse.
1468 1426 1653 1463 Ceffarunt
1680 1429 1793 1464 morbi
1821 1428 1878 1463 illi
1902 1429 1984 1464 hor-

1221 1477 1343 1512 ribiles
1374 1477 1474 1527 sane·
1506 1477 1662 1514 succeffit
1692 1478 1750 1514 hic
1778 1480 1866 1514 alter
1902 1481 1984 1515 lon-

1221 1541 1262 1575 ge
1290 1536 1406 1562 tamen
1444 1510 1590 1569 mitior,
1618 1530 1651 1563 8<
1679 1529 1746 1567 iis,
1775 1528 1867 1576 quod
1905 1531 1982 1577 plus

1220 1577 1287 1621 est,
1314 1577 1421 1613 ferme
1449 1578 1527 1614 unis
1566 1580 1739 1623 servatus,
1767 1579 1829 1627 qui
1859 1581 1981 1615 volen—

1220 1636 1270 1664 tes
1296 1626 1336 1666 in
1364 1628 1454 1665 vitia
1480 1638 1605 1665 ruunt.

1154 1232 1184 1266 C

1191 1535 1200 1672 ἱ

1848 2633 1925 2669 DE
