2216 3105
423 214 507 252 411

741 202 1177 249 BENVENUTI
1222 207 1659 251 IMOLENSlSo

1843 224 1926 263 412

367 256 472 292 Cant.
503 258 565 292 Vl'.
602 259 708 295 Anno
750 266 833 299 vero
860 263 1017 311 sequenti
1046 279 1121 314 pars
1163 270 1195 304 A
1229 279 1304 301 rum
1333 267 1556 308 sceleratum,
1584 266 1622 303 ὅ(
1643 266 1894 303 inhumanum.
1926 266 1983 302 Pi-

366 306 462 341 Alba
501 308 638 345 Pistorii
676 309 717 346 de
744 313 858 350 mense
896 315 1013 352 Madii
1044 330 1122 352 cum

366 354 486 413 favore
513 357 551 395 ἃ
580 360 717 396 auxilio
744 364 852 411 partis
872 366 1007 411 Albae,
1036 380 1123 415 quae

366 407 509 463 vlgebat
552 411 773 453 Florentiae,
812 416 960 463 perculit
989 427 1119 465 partem

367 458 538 513 Nigram‚
565 461 599 495 &
628 461 795 500 destruxit
824 467 954 514 palatia
981 481 1121 503 eorum.

366 508 473 556 Nigri
501 510 625 546 dein-‘ie
655 525 823 550 venerunt
865 526 985 552 contra
1015 518 1122 553 Pisto-

364 557 456 593 rium
472 587 481 603 ‚
510 561 595 596 duce
615 562 790 599 Marcello
810 565 1021 603 Marchione
1040 568 1122 604 Ma—

365 608 519 648 laspina.
547 613 680 647 Contra
709 627 796 661 quos
823 616 984 652 exierunt
1012 619 1121 657 Albi,

364 656 401 693 ὃ(
440 659 605 696 debellati
647 662 724 698 sunt
765 664 802 700 in
846 679 995 714 campo,
1038 667 1122 703 ficut

363 709 504 744 Aufitor
532 711 671 748 viletur
697 713 811 750 dicere
832 715 868 750 in
890 717 1013 752 litera.
1042 718 1121 753 Alii

363 767 482 794 tamen
521 762 667 805 volunt,
712 766 805 811 quod
843 766 980 802 Aueior
1015 767 1122 811 respi-

364 809 435 844 ciat
463 810 503 844 ad
533 825 637 847 unam
665 814 879 851 obfidionem
921 816 959 853 δε
988 818 1122 866 captio-

362 872 442 895 nem
475 862 611 898 pistorii
630 888 640 902 ,
677 878 764 912 quae
791 866 859 902 fuit
889 868 960 914 post
985 869 1121 916 aliquot

363 913 509 946 Annos.
540 912 645 948 Unde
673 916 820 952 ulterius
849 919 932 953 volo
960 928 994 954 te
1015 918 1120 959 scire,

362 962 455 1008 quod
495 963 529 997 in
569 966 758 1001 MCCCV.
786 981 893 1015 quum
923 983 999 1018 pars
1027 971 1120 1005 Alba

362 1012 444 1047 esset
471 1015 612 1060 expulsa
650 1016 690 1051 de
719 1019 923 1059 Florentia,
966 1021 999 1055 &
1028 1020 1119 1067 quasi

362 1063 491 1109 ubique
521 1065 562 1100 de
591 1076 663 1101 tota
692 1068 843 1109 Tuscia,
880 1080 1118 1118 praeterquam

361 1113 402 1148 de
430 1113 594 1152 vaitate
627 1117 784 1158 pistorii,
812 1133 900 1167 quae
920 1130 1004 1156 tunc
1025 1130 1120 1157 tene-

362 1163 464 1199 batur
493 1179 551 1212 per
572 1177 702 1214 partem
728 1170 857 1205 Albam
872 1199 880 1214 ‚
903 1185 980 1206 cum
1002 1171 1119 1207 favore

361 1214 588 1256 Pilanorum,
629 1220 857 1256 Aretinorum
881 1250 890 1265 ,
932 1221 970 1257 δε
1012 1222 1118 1257 etiam

360 1266 632 1303 Bononienfium
654 1297 663 1312 ,
725 1271 783 1306 ubi
848 1273 990 1319 vigebat
1044 1286 1119 1320 pars

359 1317 476 1356 Alba,
506 1319 702 1355 Florentini
730 1317 951 1366 dubitantes,
981 1337 1023 1359 ne
1049 1337 1120 1358 cre-

361 1366 469 1402 sceret
490 1382 610 1404 eorum
637 1373 817 1417 potentia,
847 1383 1061 1408 vocaverunt
1083 1374 1117 1408 in

360 1417 594 1463 Capitaneum
635 1422 826 1457 Robertum
876 1427 1008 1459 Ducem
1051 1426 1119 1459 Ca—

358 1468 512 1513 labriae,
554 1469 668 1505 filium
712 1473 834 1508 Caroli
876 1474 922 1509 H.
960 1473 1019 1522 qui
1050 1474 1118 1521 post

359 1517 430 1552 fuit
458 1521 532 1554 Rex
563 1521 757 1570 Robertus3
787 1522 824 1558 ἃ
847 1523 1002 1559 fecerunt
1022 1537 1119 1559 exer-

361 1568 473 1603 citum
503 1580 624 1605 contra
654 1572 837 1608 Pistorium
876 1588 952 1609 cum
983 1577 1120 1610 Lucen—

360 1617 447 1653 sibus
475 1618 514 1654 δε
541 1621 622 1656 aliis
649 1621 752 1658 sociis
780 1624 948 1660 Tusciae.
978 1627 1023 1660 Ec
1046 1627 1121 1660 bre—

360 1670 473 1709 viter,
512 1684 638 1718 magno
666 1682 793 1709 conatu
831 1675 1017 1711 cinxerunt
1044 1688 1117 1710 eam

361 1721 457 1755 vallo
486 1719 524 1756 δί
552 1720 633 1757 fossa
652 1748 663 1762 ,
705 1723 755 1759 ita
791 1726 884 1770 quod
914 1727 1030 1761 nullus
1059 1740 1120 1772 po-

361 1779 451 1805 terat
492 1771 623 1807 intrare
667 1775 722 1808 vel
764 1776 878 1810 exire.
921 1776 983 1811 Sed
1026 1777 1120 1811 intus

362 1829 437 1855 erat
464 1821 606 1868 quidam
645 1837 732 1859 unus
773 1826 969 1861 Tolosanus
997 1828 1038 1861 de
1066 1827 1121 1862 U-

363 1871 471 1905 bertis
500 1885 578 1907 cum
608 1872 690 1909 CC.
718 1875 896 1922 equitibus
934 1876 970 1913 ἃ
1000 1877 1122 1912 multis

363 1920 559 1967 peditibus.
589 1925 734 1960 Interim
761 1928 849 1965 Papa
870 1928 1034 1963 Clemens
1055 1928 1123 1963 mi-

362 1971 403 2006 sit
427 1971 504 2006 suos
524 1974 790 2011 ambasciatores
810 1978 1003 2017 Vascones,
1027 1992 1124 2013 man-

365 2022 448 2057 dans
475 2024 646 2059 exercitui
675 2024 712 2061 δε
743 2028 861 2068 Duei,
903 2029 994 2076 quod
1032 2043 1126 2064 rece-

363 2071 483 2107 derent
511 2074 552 2108 ab
579 2074 776 2113 obfidione.
816 2080 987 2115 Robertus
1015 2080 1122 2115 reces-

364 2121 405 2157 sit
431 2123 571 2158 dimiffo
599 2127 777 2171 exercitu,
814 2128 852 2164 &
893 2130 964 2165 ivit
992 2130 1122 2165 Burde-

364 2174 501 2220 galam.
543 2176 741 2213 Florentini
771 2181 958 2215 noluerunt
986 2182 1119 2228 parere.

366 2225 485 2270 Pugna
512 2233 586 2260 erat
628 2228 798 2264 continuo
825 2230 908 2265 dura
936 2230 974 2266 δε
1002 2231 1123 2266 crude-

365 2273 432 2316 lis,
469 2274 551 2321 quia
579 2275 674 2312 intus
701 2289 799 2314 erant
826 2281 931 2316 multi
966 2277 1120 2316 valentes

364 2323 549 2372 armigeri.
590 2328 637 2361 Et
673 2329 888 2377 quicumque
923 2332 1122 2379 egredieba-

364 2383 440 2414 tur,
482 2374 504 2408 fi
545 2385 619 2411 erat
659 2378 735 2422 vir,
778 2382 1023 2428 amputabatur
1060 2381 1120 2417 fibi

364 2437 444 2473 pes;
482 2424 504 2459 st
543 2426 691 2467 mulier,
730 2429 848 2466 nasus.
889 2433 935 2466 Et
962 2433 1123 2467 remitte-

365 2476 490 2511 bantur
528 2476 565 2511 in
607 2478 791 2515 civitatem
835 2494 895 2527 per
935 2483 1119 2529 quemdam

365 2529 521 2562 Fratrem
547 2529 759 2566 Landonum
787 2531 829 2567 de
855 2533 1040 2581 Eugubio,
1067 2533 1123 2568 vi-

1167 2090 1194 2121 [⁵2⁸1

1206 348 1208 361 ,
1228 317 1402 353 storienses
1424 328 1538 353 autern
1561 328 1631 353 tam
1646 318 1870 366 pertinaciter
1890 317 1984 353 resti-

1206 362 1366 423 lterum,
1395 369 1486 416 quod
1512 369 1736 404 comederunt
1756 369 1875 403 omnia
1903 368 1984 403 hor-

1228 419 1330 454 renda
1359 418 1469 454 ufibus
1498 418 1677 454 humanis.
1706 419 1878 454 Tamdem
1899 418 1984 454 defi-

1229 469 1401 505 cientibus
1428 470 1577 504 omnino
1604 469 1842 509 vifflualibus‚
1870 469 1984 505 reddi-

1228 519 1352 554 derunt
1388 520 1443 559 se,
1480 519 1583 555 salvis
1630 519 1803 567 personis,
1841 520 1897 555 die
1941 522 1981 555 Χ.

1231 569 1388 616 Aprilis,
1434 571 1542 604 Anno
1585 570 1733 605 Domini
1774 572 1983 606 MCCCVI.

1205 619 1425 668 'Florentini
1454 618 1492 654 &
1520 619 1692 655 Lucenses
1719 619 1874 656 fecerunt
1906 634 1983 668 pro-

1228 669 1327 703 sterni
1366 669 1504 703 moenia
1540 667 1578 704 δί
1614 669 1757 703 steccata
1785 670 1983 710 Civitatis,

1229 718 1265 754 ἃ
1295 720 1408 766 plures
1435 720 1585 757 Turres,
1613 720 1645 753 &
1670 721 1786 754 multa
1812 718 1983 755 fortilicia

1227 769 1338 804 dirui.
1368 771 1413 803 Et
1441 768 1635 804 diviserunt
1662 767 1888 804 Comitatum
1929 770 1985 805 Pi-

1227 818 1321 855 storii
1349 819 1442 855 inter
1469 819 1519 854 se.
1563 820 1772 854 Dominium
1809 823 1892 855 vero
1920 820 1984 856 Ci-

1228 870 1351 904 vitatis
1379 869 1539 905 remansit
1567 870 1802 905 Florentinis.
1844 873 1890 906 Et
1918 871 1982 906 tali

1229 919 1333 954 modo
1370 920 1482 955 deleta
1519 919 1556 955 δί
1599 920 1764 956 ἀεῖὶτυξῖιι
1793 920 1860 956 fuit
1888 935 1982 956 arro-

1227 970 1346 1018 gantia
1376 970 1629 1006 Pistoriensium
1648 998 1656 1006 .
1684 974 1729 1006 Et
1757 971 1877 1006 eodem
1907 974 1983 1007 An·

1227 1033 1273 1055 no
1301 1020 1537 1056 Bononienses
1565 1022 1604 1056 ad
1628 1021 1814 1056 suafionem
1838 1024 1983 1057 Floren-

1228 1071 1384 1106 tinorum
1432 1071 1525 1106 faeto
1567 1073 1722 1108 tumultu
1775 1074 1985 1116 expulerunt

1229 1121 1402 1168 principes
1441 1121 1550 1169 partis
1589 1122 1729 1162 Albae,
1765 1123 1799 1157 δ(
1828 1122 1983 1158 fecerunt

1227 1172 1335 1220 ligam
1374 1186 1451 1207 curn
1495 1173 1708 1208 Florentinis
1750 1174 1783 1208 8<
1821 1172 1986 1209 Lucenfi-

1206 1223 1308 1270 Rbus.
1347 1222 1403 1258 Ad
1434 1223 1646 1271 propositum
1674 1237 1757 1272 ergo
1783 1223 1983 1263 redeundo,

1204 1285 1205 1293 ¹
1227 1276 1366 1308 Vannes
1395 1273 1516 1313 Fucii,
1545 1274 1607 1321 qui
1634 1283 1707 1309 erat
1734 1274 1775 1309 de
1798 1283 1893 1319 parte
1915 1274 1983 1309 Ni-

1231 1337 1289 1371 gra
1318 1324 1359 1359 de
1388 1324 1561 1368 Pistorio,
1604 1324 1825 1373 praenuntiat
1853 1324 1984 1364 Danti,

1230 1373 1290 1421 qui
1328 1384 1401 1409 erat
1436 1375 1478 1409 de
1515 1384 1610 1422 parte
1652 1375 1746 1410 Alba
1773 1374 1815 1410 de
1843 1375 1986 1410 Floren-

1230 1425 1299 1462 tia,
1336 1424 1572 1471 expulsionem
1610 1425 1726 1471 primo
1767 1424 1874 1473 partis
1917 1424 1985 1461 Ni-

1228 1488 1307 1522 grae
1343 1475 1383 1509 de
1421 1485 1565 1521 utraque
1608 1477 1739 1513 Terra,
1781 1475 1904 1510 deinde
1931 1488 1985 1510 re-

1203 1562 1205 1575 Ι
1229 1523 1418 1559 versionem
1459 1524 1609 1571 ejusdem
1639 1525 1747 1573 partis
1785 1525 1916 1573 Nigrae
1943 1525 1984 1560 ad

1203 1577 1205 1588 ¹
1231 1575 1445 1610 Florentiam
1474 1576 1506 1609 ὃ(
1540 1574 1720 1610 pistorium
1763 1589 1840 1610 cum
1871 1575 1986 1610 visio-

1231 1626 1299 1660 ria.
1331 1628 1435 1661 Nunc
1463 1625 1503 1659 ad
1525 1625 1662 1660 literam
1684 1625 1894 1660 redeundum
1919 1626 1984 1666 est,

1230 1689 1333 1723 quam
1363 1676 1404 1710 fic
1432 1676 1574 1710 ordina.
1603 1675 1704 1710 Dicit
1732 1678 1892 1710 Vannes:

1280 1727 1427 1772 Aprigli
1437 1725 1549 1759 orm-chi
1559 1726 1592 1760 al
1604 1727 1665 1758 mio
1674 1726 1827 1760 annuntio
1838 1750 1848 1764 ,
1863 1727 1903 1759 (9¹
1915 1726 1990 1764 odi,

1231 1776 1333 1819 idest,
1376 1789 1453 1811 meo
1496 1775 1711 1823 pronostism
1753 1777 1835 1825 quia
1871 1776 1987 1812 dicam

1231 1840 1300 1861 rem
1330 1826 1584 1861 displicituram
1616 1827 1709 1860 tibi.

1283 1877 1399 1914 Pisffoia
1429 1877 1460 1909 in
1486 1878 1559 1923 pria
1585 1876 1727 1910 de'Nert‘
1746 1876 1961 1923 fidt’magra‚

1232 1927 1334 1965 idest,
1366 1927 1478 1969 primo
1507 1926 1713 1973 spoliabitur
1742 1927 1889 1975 Nigris;

1282 1978 1341 2012 Pot'
1368 1980 1505 2015 Firenze
1532 1978 1666 2012 rinnova
1689 1990 1782 2024 gente
1818 1991 1832 2010 e
1859 1977 1961 2012 moslt'.

1233 2028 1326 2074 Quia
1374 2027 1508 2063 scilicet
1557 2027 1606 2063 ibi
1650 2028 1756 2063 etiam
1798 2028 1989 2076 expellitur

1209 2092 1308 2124 ,ρει-3
1339 2078 1471 2122 Nigra,
1513 2091 1599 2125 quae
1637 2078 1746 2126 postea
1774 2078 1987 2113 revertitur.

1230 2132 1273 2164 Et
1301 2129 1450 2175 expellit
1477 2129 1582 2163 aliam
1604 2128 1645 2163 de
1673 2129 1873 2168 Florentia,
1902 2128 1986 2164 ficut

1230 2182 1321 2215 clare
1357 2179 1524 2226 scriptum
1565 2178 1609 2214 est
1646 2179 1742 2226 supra
1779 2182 1886 2215 Cant.
1921 2181 1983 2214 Vl.

1231 2230 1404 2265 Finaliter
1444 2229 1553 2274 postea
1592 2230 1703 2273 Nigra
1731 2230 1877 2265 reintrat
1905 2230 1986 2264 Flo-

1231 2282 1402 2322 rentiam,
1439 2279 1476 2316 &
1514 2280 1664 2328 expellit
1705 2281 1857 2319 Albam,
1897 2279 1986 2314 unde

1231 2331 1346 2367 dicit:
1389 2334 1519 2370 Mtrte,
1556 2330 1639 2366 idest
1674 2331 1800 2367 infusio
1835 2328 1987 2367 blattis,

1233 2383 1292 2429 qui
1322 2382 1365 2417 est
1388 2384 1480 2416 Deus
1503 2382 1607 2420 belli,
1635 2393 1744 2429 tragge
1764 2392 1883 2426 vapor,
1902 2378 1986 2413 idest

1234 2432 1388 2477 ardorem
1418 2432 1608 2472 bellicum,
1645 2432 1779 2467 scilicet
1805 2429 1987 2465 Marchio-

1209 2496 1311 2517 ·nem
1352 2482 1563 2517 Marcellum
1593 2482 1806 2530 praediRum
1824 2508 1834 2524 ,
1872 2480 1989 2516 virum

1234 2533 1405 2568 strenuum
1432 2545 1628 2569 armorum.

1824 2580 1944 2615 --di
