2216 3105
319 202 335 227 1

226 244 265 280 ad
281 203 470 279 4Inf7ernum
493 253 637 285 verum,
664 243 698 276 &
721 241 897 277 sciverunt
918 256 981 278 no-
1009 244 1053 312 ‘A

227 308 269 329 va
296 293 336 328 de
364 292 434 328 alio
461 292 619 328 Mundo.
647 294 693 327 Et
721 292 820 341 juxta
847 294 982 340 procla·
1009 314 1012 365 Ι

226 343 417 380 mationem
439 342 565 382 banni,
586 342 670 378 ἷεξὶί
693 342 770 378 sunt
790 343 864 379 veri
884 344 981 391 plan—
1010 368 1012 415 Ι

224 394 298 429 &us
326 394 360 428 8<
386 393 544 429 stridores
573 403 790 429 mortuorum
809 421 818 437 ‚
848 394 982 442 percus-
1010 420 1013 437 ι

224 444 365 483 sorum,
402 445 435 479 δε
473 457 616 489 eorum,
662 444 724 492 qui
765 444 898 480 stabant
941 445 981 480 ad

223 494 436 530 videndum.
483 494 578 541 Quia
618 495 770 542 quilibet
812 495 981 535 habebat,

223 546 281 580 vel
309 544 432 580 habere
460 545 620 581 credebat
655 545 717 581 fibi
746 545 886 589 filium,
926 547 981 582 vel

224 595 364 631 fratrem
394 597 450 630 vel
479 595 794 645 consanguineum,
816 598 873 632 vel
895 597 983 632 ami·
1011 584 1014 616 l

226 659 326 681 cum.
363 649 409 681 Et
438 646 504 681 hoc
532 645 600 682 fuit
627 647 811 695 augurium
841 648 983 683 alterius

226 696 369 743 majoris
406 696 524 732 damni
561 697 603 732 de
639 710 741 746 p·ox·.
746 711 803 733 mo
843 698 984 734 venturi
1024 704 1052 737 Β

226 746 289 794 ipfi
317 745 494 782 Civitati.
525 749 617 783 Nam
645 748 767 784 eodem
795 750 903 784 Anno
933 748 984 784 fa-

227 797 323 832 &tum
351 797 396 833 est
423 797 553 833 bellum
592 798 699 834 civile
739 799 776 835 in
805 799 984 835 Florentia

227 847 322 883 inter
349 847 462 883 Albos
489 850 523 883 ὅ(
554 849 703 897 Nigros.
731 851 777 885 Et
805 863 912 897 quum
935 850 985 886 es-

228 898 302 934 sent
329 911 450 933 omnes
477 898 536 934 sub
564 900 691 943 armis,
719 898 757 935 ἃ.
785 900 873 936 Albi
894 900 985 948 quafi

228 949 335 984 essent
362 949 534 988 victores,
572 950 654 997 quia
693 951 866 986 Dominus
896 954 987 987 Cur-

228 999 292 1034 sius
320 999 360 1034 de
389 1000 540 1035 Donatis
577 1014 647 1036 non
687 1001 900 1049 impediebat
929 1002 986 1041 se,

230 1059 306 1085 tum
334 1050 427 1097 quod
454 1059 527 1086 erat
552 1051 780 1099 podagrosus‚
809 1058 883 1088 turn
905 1053 987 1100 quia

230 1100 358 1135 discors
387 1113 464 1135 cum
494 1103 713 1149 magnatibus
741 1102 782 1138 de
809 1102 866 1138 sua
893 1113 987 1151 parte

231 1163 378 1198 magna,
406 1164 475 1186 non
498 1151 652 1199 permisit
676 1155 791 1192 Deus,
819 1154 912 1201 quod
932 1153 987 1189 in—
1016 1174 1017 1178 ι

231 1201 393 1236 cendium
421 1204 600 1249 corporale
627 1203 848 1251 extingueret
869 1205 988 1239 incen-

231 1251 328 1287 dium
357 1252 554 1287 animorum
591 1253 628 1288 in
671 1253 784 1289 furore
811 1254 961 1290 Civium
980 1281 989 1289 .

232 1304 327 1338 Nam
371 1301 538 1350 flagrante
583 1317 722 1339 rumore
764 1305 905 1351 quidam
949 1305 990 1340 de

229 1352 430 1389 Abbatibus
446 1379 456 1388 .
471 1379 479 1387 .
496 1379 504 1388 .
522 1379 530 1388 .
559 1353 738 1394 Clericus,
779 1354 879 1390 Prior
906 1358 989 1390 San-

231 1402 280 1438 Εὶί
310 1402 403 1437 Petri
431 1402 469 1437 in
497 1403 679 1446 Sem-adio,
723 1404 778 1438 vir
805 1404 988 1440 sceleratus

229 1454 263 1487 δε
293 1452 497 1496 dissolutus,
534 1452 680 1488 immifit
723 1453 840 1502 ignem
878 1454 991 1490 artifi-

229 1502 355 1537 cialem
384 1503 499 1550 primo
526 1502 564 1538 in
586 1503 748 1539 domos
731 1516 868 1540 tuorum
892 1507 990 1540 Con-

229 1552 362 1588 sortum
399 1552 436 1588 in
474 1553 577 1589 horto
617 1554 735 1591 saneti
773 1554 988 1604 Michaelis·

230 1601 269 1638 ὃς
311 1603 379 1638 fuit
421 1613 492 1638 tam
534 1604 681 1640 furiosus
724 1605 817 1655 ignis
835 1634 844 1650 ‚
896 1588 989 1654 quod
1031 1609 1064 1642 D

232 1652 339 1688 fiante
367 1654 514 1695 Austro,
556 1654 710 1690 arserunt
748 1656 871 1692 domus
900 1658 991 1692 mul-
1070 1654 1073 1687 l

233 1711 347 1738 tarum
385 1703 647 1740 clariffimarum
692 1706 920 1742 Familiarum
950 1707 991 1742 de
1071 1693 1075 1802 ⁸

233 1755 344 1789 Terra
380 1753 463 1788 illa.
499 1756 546 1789 Et
583 1755 620 1790 in
658 1754 790 1791 summa
816 1766 892 1792 tota
919 1770 992 1792 me—

233 1803 304 1838 lior
331 1817 406 1851 pars
434 1803 607 1840 Civitatis
636 1805 732 1841 arfit.
768 1809 816 1842 Et
853 1807 992 1843 fuerunt
1072 1803 1075 1874 ἱ

235 1853 325 1889 cix-ca
353 1854 421 1890 duo
450 1855 549 1890 mille
586 1854 624 1891 ὅς
652 1856 819 1893 ducentae
847 1858 992 1893 domus.

234 1906 411 1940 Damnum
465 1905 702 1942 thesaurorum
722 1935 732 1950 ,
783 1909 992 1944 mercantia-

234 1968 333 1998 rum‚
379 1954 416 1990 8(
470 1965 660 1993 ceterarum
717 1958 990 2007 supelleffiilium

235 2004 303 2039 fuit
331 2005 544 2042 inaesti21abi
550 2009 604 2043 le.
641 2010 687 2043 Et
714 2008 772 2052 id,
801 2009 894 2056 quod
922 2023 991 2044 non
1020 2041 1022 2048 ,

235 2056 419 2100 urebatur,
456 2057 612 2114 capiebat
617 2072 656 2093 ur
693 2036 853 2095 mariibus
896 2074 993 2108 pzae-
1020 2059 1061 2092 ¹E

235 2104 364 2140 donum
383 2133 393 2150 ‚
430 2107 492 2153 qui
530 2109 700 2143 continuo
729 2111 927 2158 pugnabant
954 2112 991 2145 in

235 2156 358 2191 multis
396 2157 550 2204 partibus
592 2159 785 2195 Civitatis.
828 2163 882 2195 Ex
923 2174 993 2208 quo

235 2207 368 2241 multae
405 2206 582 2252 familiae,
624 2209 828 2257 progenies,
869 2211 903 2245 &
940 2210 993 2246 so-

236 2257 380 2292 cietates
408 2256 548 2293 fuerunt
583 2258 777 2302 desolatae,
818 2262 851 2295 &
890 2274 993 2297 vene-

233 2316 316 2342 runt
344 2307 384 2342 ad
412 2307 571 2357 inopiam
613 2323 655 2345 ex
684 2309 780 2345 ἀίξὶο
808 2311 993 2348 incendio.

233 2360 281 2393 Et
309 2358 483 2403 praediff’ca
512 2359 610 2407 pestis
638 2360 766 2396 accidit
794 2362 994 2398 Florentiae

234 2408 290 2444 die
320 2411 360 2443 X.
384 2409 501 2452 Junii.
545 2412 592 2445 Et
633 2424 675 2446 ex
704 2410 770 2446 hoc
798 2414 994 2448 Cavalcan-

234 2468 308 2497 tes,
350 2460 411 2507 qui
440 2469 523 2496 tunc
551 2470 648 2496 erant
675 2460 868 2510 Caporales
896 2463 993 2499 illius

235 2504 375 2556 Sefflae,
403 2509 542 2548 fuerunt
571 2511 710 2549 banniti
737 2522 917 2562 tamquam
940 2527 995 2550 re-

573 183 873 226 COMMENT.
904 184 971 226 IN
997 179 1226 225 DANTIS
1253 180 1492 222 COMOED.

1706 186 1791 236 418

1095 240 1220 275 belles.
1262 242 1316 274 Ex
1360 238 1545 286 praediffis
1594 239 1675 275 satis
1726 248 1849 288 patet,

1093 291 1186 337 quod
1215 303 1339 337 magna
1367 291 1459 324 mala
1487 289 1560 324 cito
1598 301 1767 326 venerunt
1795 291 1848 327 su-

1094 354 1153 388 per
1174 340 1389 375 Florentiam
1403 364 1412 378 ,
1434 339 1619 375 secundum
1643 341 1734 387 quod
1749 351 1849 383 opta-

1094 399 1216 425 verant
1251 389 1313 425 fibi
1350 390 1408 425 illi
1445 389 1486 425 de
1514 392 1643 425 Prato.
1685 392 1730 425 Et
1766 391 1850 426 ficut

1094 441 1274 480 dicebam,
1296 440 1433 476 AuEtor
1453 440 1571 488 potuit
1596 440 1720 475 habere
1740 441 1850 488 respe-

1095 491 1190 527 &um
1219 492 1261 526 ad
1288 491 1348 527 ista
1375 492 1408 526 3<
1447 490 1488 526 ad
1517 492 1586 526 alia
1614 491 1727 535 mala,
1764 504 1852 538 quae

1095 542 1156 577 ista
1183 541 1324 578 Civitas
1353 542 1442 590 paffa
1478 551 1551 577 erat
1587 551 1743 589 tempore
1771 541 1851 577 suo.

1095 595 1142 628 Et
1178 592 1201 627 fi
1237 592 1361 628 habuit
1397 589 1588 640 respeemrn
1627 593 1668 627 ad
1709 591 1854 637 futura,

1096 642 1206 678 adhuc
1250 644 1335 679 bene
1377 643 1500 678 dixit.
1543 642 1638 689 Quia
1689 653 1826 691 tempus
1844 670 1854 686 ,

1096 694 1190 741 quod
1233 693 1372 729 videtur
1412 695 1556 742 longum
1599 703 1769 742 quantum
1813 693 1856 728 ad

1097 745 1278 793 vulgares,
1321 744 1422 780 breve
1450 743 1610 792 apparuit
1637 743 1854 793 Astrologis.

1097 797 1143 830 Et
1171 795 1309 830 Auffior
1336 794 1495 843 loquitur
1523 796 1674 830 multum
1706 796 1854 841 pruden—

1097 854 1150 881 ter
1176 847 1210 881 δε
1248 855 1375 887 caute,
1410 845 1494 894 quia
1530 845 1590 881 dat
1626 856 1762 895 tempus
1798 845 1854 880 in-

1097 906 1229 932 certum
1248 923 1258 931 .

1198 948 1260 982 Ad
1293 950 1388 981 Cant.
1416 949 1553 982 XXVII.
1583 947 1666 992 Verfi
1696 959 1753 993 23.

1148 1000 1221 1032 Non
1248 997 1414 1041 t'irtcresca
1441 997 1551 1040 restare
1576 1012 1597 1032 a
1618 998 1731 1044 parlier
1759 1011 1855 1032 mxo.

1098 1049 1204 1083 Certe
1230 1061 1301 1083 non
1329 1047 1475 1088 dubito,
1517 1048 1610 1095 quod
1651 1051 1724 1083 Rex
1753 1047 1856 1084 Lati-

1099 1112 1185 1143 nus,
1214 1100 1378 1143 Turnus,
1405 1100 1438 1133 &
1460 1098 1686 1147 Pviegentius,
1714 1099 1755 1134 de
1776 1099 1857 1146 qui-

1099 1150 1159 1184 bus
1201 1151 1272 1184 Ver
1274 1149 1381 1197 gilius
1418 1148 1503 1185 fecit
1549 1158 1604 1184 tot
1645 1150 1854 1198 praeconia,

1099 1210 1136 1234 ut
1164 1199 1204 1234 de
1236 1210 1288 1234 cet
1292 1213 1324 1234 er
1329 1199 1358 1235 is
1387 1198 1582 1235 minoribus
1603 1209 1757 1241 taceam,
1785 1213 1855 1234 nen

1099 1249 1273 1285 valuerint
1311 1260 1448 1285 tantum
1484 1249 1522 1285 in
1563 1251 1663 1286 rebus
1706 1250 1856 1290 mundi,

1097 1311 1266 1348 quantum
1304 1300 1364 1335 iste
1391 1302 1520 1336 Comes
1557 1301 1696 1341 Guido‚
1740 1302 1856 1336 Mala-

1098 1351 1201 1394 testa‚
1229 1351 1504 1398 Nlagliinardus,
1532 1352 1564 1385 δε
1594 1351 1658 1387 alii
1687 1351 1792 1387 multi
1817 1352 1855 1386 in

1099 1400 1331 1435 Romandiola
1350 1425 1360 1439 ‚
1397 1402 1437 1436 de
1466 1401 1591 1448 quibus
1619 1401 1733 1438 statim
1761 1401 1856 1438 dice-

1097 1461 1153 1486 tur
1180 1451 1217 1486 in
1245 1450 1307 1485 isto
1335 1453 1472 1486 Cantu.
1507 1453 1553 1486 Et
1581 1453 1725 1500 probat,
1763 1453 1855 1500 quod

1098 1501 1297 1550 Vergilium
1327 1515 1396 1536 non
1425 1501 1548 1537 debeat
1575 1502 1714 1539 toedere
1744 1517 1857 1539 rema-

1097 1566 1176 1587 nere
1205 1551 1244 1587 ad
1274 1554 1391 1587 locum
1433 1551 1533 1587 istum
1574 1552 1711 1596 secum,
1747 1553 1856 1589 osten-

1097 1603 1179 1638 dens
1226 1602 1319 1637 suam
1373 1602 1550 1638 ardentem
1597 1603 1816 1639 affeetionem
1845 1631 1856 1649 ‚

1098 1667 1202 1700 quam
1230 1653 1334 1689 habet
1362 1654 1403 1688 ad
1430 1653 1645 1702 loquendum
1687 1668 1766 1690 cum
1794 1655 1857 1690 isto

1099 1704 1257 1739 Domino
1285 1704 1423 1740 dicens:

1152 1755 1249 1803 Vedj,
1270 1758 1320 1789 che
1343 1769 1401 1788 non
1423 1755 1549 1800 incresce
1567 1770 1588 1791 a
1607 1770 1673 1797 me,
1700 1757 1744 1790 (9⁹
1762 1757 1857 1791 ardo.

1098 1807 1146 1840 Et
1176 1804 1253 1840 heic
1281 1813 1386 1848 nota,
1429 1806 1522 1853 quod
1551 1806 1628 1842 heic
1657 1820 1728 1842 non
1756 1807 1859 1842 habet

1100 1857 1217 1891 locum
1250 1856 1417 1903 loquendi
1439 1857 1480 1892 de
1502 1857 1642 1893 Inferno
1664 1857 1833 1893 effentiali
1848 1884 1859 1900 ,

1101 1906 1183 1954 quia
1211 1920 1400 1954 numquam
1432 1907 1539 1956 potest
1565 1908 1629 1943 effe
1650 1907 1701 1943 ibi
1728 1908 1858 1944 aliena-

1101 1957 1154 1993 tio
1183 1970 1332 2005 poenae,
1377 1957 1430 1992 sed
1468 1957 1569 1993 debet
1596 1958 1753 2006 intelligi
1783 1971 1860 1993 mo—

1101 2007 1239 2043 raliter.
1295 2008 1501 2054 Aliquando
1548 2008 1643 2043 enim
1684 2009 1861 2057 contigit,

1102 2057 1194 2106 quod
1231 2057 1310 2105 quis
1352 2071 1422 2093 non
1449 2058 1589 2094 videtur
1616 2072 1680 2106 qua
1666 2058 1707 2093 fi
1736 2058 1821 2094 sent‘
1813 2072 1863 2095 ire

1103 2121 1250 2166 poenam
1279 2108 1395 2151 luam,
1427 2109 1566 2156 quando
1593 2110 1754 2157 loquitur
1781 2123 1862 2145 cum

1103 2159 1181 2194 viro
1223 2158 1532 2206 eloquentissimo,
1584 2160 1680 2206 cujus
1726 2160 1863 2207 eloquii

1104 2209 1255 2245 suavitas
1292 2208 1376 2245 fecit
1413 2210 1526 2258 ipsum
1568 2210 1732 2246 oblivisci
1762 2211 1862 2246 dolo-

1103 2260 1171 2300 ris,
1212 2259 1298 2295 ficut
1334 2259 1410 2295 vidi
1447 2260 1488 2295 de
1515 2260 1630 2300 fabio,
1667 2261 1759 2308 quod
1797 2262 1865 2297 ali—

1104 2309 1242 2357 quando
1284 2309 1464 2346 infirmans
1512 2311 1597 2347 fecit
1640 2311 1702 2346 s1bi
1732 2312 1864 2360 portari

1105 2364 1280 2405 Dantem,
1309 2374 1415 2408 quum
1445 2362 1578 2397 arderet
1607 2364 1721 2398 calore
1757 2361 1862 2399 febris

1104 2412 1145 2448 ad
1174 2411 1362 2458 aliqualem
1389 2412 1660 2448 recreationem.

1155 2461 1205 2497 Se'
1233 2473 1268 2496 tu
1306 2474 1368 2509 pur
1393 2465 1440 2498 mh
1466 2463 1500 2498 in
1541 2465 1642 2510 questo
1667 2465 1778 2498 mondo
1803 2462 1863 2497 cie-

1206 2526 1237 2548 ςο
1264 2513 1331 2549 (9¹⁶.

1720 2563 1813 2601 Heic
