2216 3105
420 199 501 238 199

707 187 1112 249 ANTIQUJT.

1156 193 1391 235 MEDII
1432 192 1613 235 AEVI

1833 209 1914 237 200

352 241 483 285 guinis,
506 241 564 287 sed
587 243 776 282 dilatandae
802 250 909 293 caussa
936 252 1106 298 Reipubli—
1133 254 1176 303 ΞΑ
1216 253 1357 298 publicae
1385 264 1512 287 nomen
1540 250 1674 290 audiri,
1702 249 1740 287 ὅ(
1764 251 1891 298 publica
1916 264 1973 285 ‘ve-

314 298 319 301 ’
355 302 428 345 tae,
471 294 504 326 in
546 306 608 341 qua
647 299 750 332 Deum
791 300 847 333 coli
886 302 1107 348 conspicimus.

353 340 468 378 Libro
513 357 651 393 quoque
705 348 924 391 undecimo,
966 352 1107 400 Epistol.

354 402 390 443 4.
411 393 730 434 Mediolanensibus
758 399 899 436 scribit:
931 406 1019 436 Unde
1038 404 1108 450 pos-

350 441 426 498 sunt
451 445 603 481 alimenta
629 448 746 482 Sanflo
771 452 937 492 asinbrofio
963 454 1107 497 servien-

354 494 439 527 tibus
465 498 596 530 Clerici:
631 498 828 540 ministrari,
865 502 948 536 nibil
984 504 1017 537 in
1053 504 1106 537 ho-

343 540 442 582 stium
470 545 568 585 locis,
590 547 649 590 sed
675 548 708 582 in
735 550 869 590 Sicilia,
898 551 944 589 (⁶9¹
972 553 1006 586 in
1032 554 1107 588 aliis

350 594 556 639 Reipublicae
588 597 735 642 partibus
761 601 917 642 conststit.
955 602 1046 638 Vide
1072 605 1104 638 8<

350 643 539 690 Epistolam
570 647 628 682 66.
657 646 738 684 Lib.
767 661 800 696 3.
829 651 966 698 aliaque
995 654 1105 688 multa

348 692 447 733 loca,
485 694 611 742 quibus
647 696 856 735 deflorandis
884 700 1101 748 supersedeo:
1144 702 1167 734 Β

346 755 460 790 neque
488 745 582 780 enirn
611 747 702 783 ultra
729 749 873 786 Leffiori
909 765 995 799 opus
1031 753 1075 788 est
1092 778 1103 793 ,

348 801 387 828 ut
416 794 557 830 tandem
579 796 779 846 intelligat,
800 802 1009 848 Gregorium
1027 803 1103 838 Pri-

346 855 467 884 mum,
504 846 537 880 8<
568 847 759 883 Secundum
797 850 887 886 nihil
916 852 1010 888 aliud
1039 867 1102 889 vo-

346 894 471 929 cabulo
500 896 705 943 ReIpublicae
733 899 968 942 intellexisse,
996 904 1099 951 quam

344 943 458 989 ipsum
489 948 686 984 Romanurn
722 949 934 999 Imperium.
973 954 1099 988 Eadem

344 992 602 1042 significatione
645 999 732 1034 hanc
774 1014 897 1036 vocem
939 1003 1100 1039 adhibuit

344 1044 580 1082 Cassiodorius
610 1049 690 1084 Lib.
716 1063 751 1095 4.
780 1052 923 1097 Epistol.
951 1054 984 1088 6.
1009 1055 1042 1088 8<
1064 1067 1100 1088 a-

342 1094 438 1142 libi;
479 1097 531 1131 uti
560 1098 594 1132 &
629 1101 768 1135 Paullus
809 1102 985 1137 Diaconus
1017 1103 1098 1139 Lib.

341 1157 377 1191 4.
406 1147 492 1193 Cap.
521 1159 588 1202 ⁸37.
625 1148 666 1183 de
702 1149 812 1186 Gestis
849 1153 1099 1200 Langobardo-
1140 1150 1168 1182 C

343 1208 444 1235 rum,
473 1209 570 1245 cujus
599 1197 676 1233 sunt
703 1201 828 1236 verba:
861 1204 1098 1249 Rempublicam

341 1249 521 1281 Romanam
548 1250 696 1283 Eraclius
716 1250 850 1297 suscepit
876 1255 1060 1298 regendam.

393 1295 470 1332 Cur
519 1304 602 1333 vero
655 1299 845 1347 Imperium
902 1305 1096 1340 Romanum

342 1346 549 1392 Reipublicae
585 1351 729 1385 nomine
766 1351 972 1395 donaretur,
1010 1355 1098 1401 post-

343 1409 447 1443 quam
487 1397 545 1433 sub
574 1400 844 1446 Imperatoribus
883 1417 995 1438 rerum
1025 1407 1098 1439 Do—

343 1447 450 1482 minis
480 1448 707 1496 Reipublicae
735 1451 924 1487 auffloritas
952 1467 969 1488 a
998 1462 1097 1490 tanto

342 1505 500 1545 ternpore
525 1498 685 1539 desierat,
714 1501 803 1536 illud
827 1502 863 1537 in
885 1504 994 1539 causi'a
1014 1504 1098 1539 fuis—

342 1546 377 1582 se
413 1557 520 1595 puto,
557 1549 649 1596 quod
687 1551 936 1597 Imperatores,
975 1568 1094 1602 quam-

343 1610 447 1643 quam
490 1597 671 1646 suprema,
712 1600 823 1636 immo
865 1602 933 1638 fere
975 1605 1097 1640 cunff’ta

346 1647 474 1694 Populi
504 1649 654 1685 Romani
682 1651 756 1699 jura
783 1651 820 1686 in
849 1652 881 1688 se
909 1654 1098 1690 transtulis—

343 1696 439 1737 sent‚
467 1711 594 1734 nomen
621 1708 737 1735 tamen
761 1702 986 1750 Reipublicae
1006 1705 1098 1741 inta-

344 1747 440 1782 &um
469 1747 594 1788 slvere,
621 1750 760 1798 ejusque
785 1753 1005 1801 Magistratus
1026 1756 1099 1803 ple-

343 1797 467 1844 rosque
494 1799 733 1840 retinuerunt,
761 1801 933 1839 Consules
954 1818 1098 1853 nempe,

343 1849 509 1884 Senatum
536 1850 602 1884 ἃς.
631 1852 676 1885 Et
703 1853 865 1898 quamvis
892 1854 930 1889 in
951 1857 1096 1891 Monar—

344 1897 460 1933 chiam
488 1912 540 1934 res
568 1900 770 1942 tranfiiffet‚
807 1902 834 1938 ii
863 1904 1096 1941 nihilominus

342 1948 456 1983 videri
485 1951 626 1986 voluere
667 1965 737 1987 non
775 1954 886 2002 Regio
922 1955 1031 1991 titulo
1059 1970 1096 1992 ac

346 1997 510 2046 potestate
554 2014 715 2048 regnare,
761 2002 816 2039 sed
870 2004 1097 2049 Reipublicae

342 2049 440 2084 velut
468 2049 578 2086 adhuc
606 2051 706 2088 stanti
735 2055 898 2101 praeesse.
936 2057 982 2091 Et
1010 2070 1097 2103 quo-

342 2098 437 2133 niam
467 2099 623 2148 Ulpiano
651 2103 731 2139 teste
759 2104 796 2138 in
823 2106 847 2139 l.
876 2106 1096 2153 quintadeci—

341 2160 394 2182 ma
425 2149 461 2184 ff.
491 2150 532 2185 de
568 2153 702 2188 verbor.
735 2153 917 2202 fignificat.
944 2170 982 2190 ea
1019 2167 1096 2191 tan—

341 2199 417 2233 tum
446 2198 527 2234 bona
558 2201 687 2246 publica
723 2204 824 2246 sunt,
864 2218 942 2251 quae
981 2207 1097 2253 Populi

340 2249 481 2282 Romani
501 2249 599 2293 sunt,
628 2252 716 2286 unde
743 2254 849 2288 etiarn
886 2255 1013 2299 publica
1038 2271 1094 2291 ve-

339 2298 476 2344 (vigalia
503 2299 731 2341 dicebantur,
758 2316 799 2338 ex
828 2305 954 2351 quibus
982 2307 1095 2341 veeti-

339 2349 395 2398 gal
424 2349 541 2384 Fiscus
569 2351 754 2398 capiebat,
794 2355 827 2388 8<
855 2357 1024 2390 Publicani
1051 2357 1093 2392 sic

339 2399 507 2448 appellati
536 2400 654 2440 fuere,
682 2403 775 2450 quod
803 2406 927 2449 publica
952 2407 1094 2453 vefiiga—

339 2451 387 2485 lia
408 2450 639 2487 conducerent
661 2462 720 2488 aut
736 2455 963 2503 colligerent:
988 2456 1093 2491 idcir-

342 2514 384 2536 co
411 2504 467 2539 vel
504 2501 565 2537 sub
600 2501 679 2551 ipfis
716 2505 987 2554 Imperatoribus
1014 2508 1093 2542 Rei-

1219 301 1353 348 {figatia
1399 301 1566 350 appellari
1617 310 1839 349 perrexerunt
1859 327 1868 336 .
1918 302 1972 335 Ita

1219 351 1307 399 apud
1335 352 1554 400 Spartianum
1592 352 1693 396 cursus
1732 352 1892 396 Fiscalis.
1929 351 1970 386 ab

1219 402 1297 437 aliis
1325 403 1427 446 cursus
1452 403 1601 437 Publicus
1628 403 1845 449 appellatur.
1882 403 1970 436 Sunt

1218 450 1255 486 &
1284 452 1462 495 innumera
1492 451 1561 487 alia
1588 452 1770 499 exempla.
1797 450 1968 495 Johannes

1219 502 1413 537 Fridericus
1453 502 1655 537 Gronovius
1696 504 1805 537 Anno
1841 503 1970 536 MDC-
2034 538 2036 540 ,

1219 554 1347 588 LXXI.
1377 552 1660 587 Differtationem
1690 551 1802 587 edidit
1841 551 1883 586 de
1909 555 1970 585 Le-

1212 616 1252 648 ge
1278 602 1383 649 Regia
1411 602 1536 650 Populi
1566 602 1739 640 Romani,
1768 613 1872 649 quam
1899 600 1971 648 ipse

1216 652 1501 687 commenticiam
1528 652 1696 688 ostendit.
1726 654 1849 699 Neque
1873 651 1968 686 enim

1216 704 1286 737 ulla
1314 705 1389 738 Lex
1418 715 1570 749 unquam
1601 701 1755 750 prodiit,
1784 715 1842 749 per
1862 714 1966 747 quam

1216 755 1357 788 Senatus
1387 752 1605 800 Populusque
1636 754 1811 787 Romanus
1844 750 1967 785 cuneta

1215 800 1271 837 sua
1301 803 1372 849 jura
1400 803 1436 838 in
1467 805 1696 850 Imperatores
1729 800 1966 837 transtulerit.

1216 854 1266 887 At
1293 852 1392 888 simul
1419 853 1554 888 evincit
1581 853 1655 901 jura
1682 852 1765 887 haec
1789 849 1908 886 sensim
1928 850 1966 885 in

1215 902 1304 949 ipsos
1335 902 1506 950 Augustos
1534 902 1726 941 transfusa,
1763 914 1964 949 quanquam

1215 952 1270 986 illi
1299 953 1524 998 Reipublicae,
1565 952 1633 987 five
1671 951 1822 987 Romani
1851 953 1965 998 Impe-

1213 1001 1258 1035 rii
1286 1001 1430 1036 nomine
1458 1001 1657 1048 potestatem
1686 1002 1899 1049 supremam,
1927 999 1965 1035 &

1213 1050 1326 1099 reapse
1355 1050 1500 1099 Regiam
1528 1060 1748 1093 exercerent,
1785 1051 1818 1085 &
1846 1063 1968 1097 quam-

1213 1101 1267 1135 vis
1294 1100 1404 1137 adhuc
1424 1103 1566 1136 Senatus
1588 1102 1622 1136 &
1643 1100 1866 1149 Magistratus
1888 1113 1967 1135 cum

1215 1151 1347 1186 Romae
1374 1161 1450 1186 tum
1478 1151 1565 1186 alibi
1602 1151 1843 1199 perdurarent.
1883 1152 1966 1186 Non

1212 1200 1367 1237 absimile
1394 1200 1540 1236 fortassis
1569 1202 1768 1247 exemplum
1803 1199 1967 1248 posterio-

1212 1252 1305 1287 ribus
1334 1251 1426 1287 hisce
1453 1252 1604 1287 Saeculis
1649 1251 1854 1299 Respublica
1883 1251 1965 1286 Flo—

1212 1301 1348 1337 rentina
1369 1301 1484 1338 dedit.
1510 1301 1654 1337 Paetum
1676 1311 1854 1350 propterea
1875 1300 1964 1339 fuit,

1212 1361 1250 1387 ut
1291 1351 1497 1399 Reipublicae
1537 1365 1664 1387 nomen
1705 1352 1746 1387 ad
1788 1350 1966 1387 barbarica

1211 1404 1331 1438 Secula
1370 1401 1622 1449 pertransierit,
1659 1416 1729 1437 non
1766 1411 1804 1437 ut
1832 1414 1871 1436 ea
1900 1414 1964 1436 vo-

1212 1465 1250 1487 ce
1285 1452 1534 1500 fignificaretur
1576 1452 1727 1488 Romani
1755 1454 1898 1487 Senatus
1926 1464 1964 1486 ac

1213 1503 1338 1549 Populi
1366 1503 1475 1537 libera
1502 1502 1722 1545 dominatio,
1750 1502 1864 1549 qualis
1884 1511 1963 1536 ante

1210 1553 1340 1595 Julium
1383 1551 1566 1587 Caesarem
1607 1551 1696 1591 fuit,
1737 1551 1792 1586 sed
1834 1553 1963 1585 Roma·

1144 1599 1172 1629 D
1211 1615 1292 1637 num
1322 1601 1533 1651 Imperium,
1562 1602 1618 1637 cui
1647 1609 1824 1650 praeerant
1850 1603 1963 1647 Impe-

1182 1662 1360 1701 statores,
1402 1665 1472 1687 non
1509 1651 1674 1696 nomine,
1715 1651 1769 1686 sed
1799 1650 1963 1697 potestate

1182 1708 1184 1740 ἶ
1212 1705 1340 1750 Reges.
1367 1703 1506 1746 Quibus
1534 1700 1653 1748 positis
1670 1729 1679 1744 ‚
1707 1700 1875 1735 Anastafii
1900 1700 1961 1735 Bi-

1182 1782 1184 1797 ,
1211 1751 1434 1787 bliothecarii
1483 1751 1522 1786 in
1568 1750 1733 1799 Stephani
1780 1752 1825 1786 11.
1876 1751 1962 1785 Vita

1182 1816 1183 1821 ¹
1210 1816 1305 1837 mens
1332 1802 1433 1837 nobis
1461 1809 1597 1850 pateat,
1626 1801 1685 1837 ubi
1713 1810 1828 1836 narrat
1852 1803 1963 1836 Exar-

1181 1881 1183 1897 a
1211 1853 1350 1888 ebatum
1382 1855 1619 1887 Ravennatem
1648 1862 1804 1900 ereptum
1833 1853 1962 1886 Roma—

1181 1904 1183 1946 }
1210 1902 1263 1938 nis
1291 1903 1333 1937 ab
1352 1902 1537 1949 Aistulpho
1562 1902 1872 1950 Langobardorum
1895 1904 1962 1936 Re-

1181 1955 1183 1968 *
1210 1967 1272 2001 ge,
1300 1953 1485 2000 astumque
1512 1952 1598 1990 esse,
1624 1963 1659 1986 ut
1687 1952 1889 1998 Reipublicae
1915 1953 1961 1985 lc<

1182 2018 1264 2046 ¹ca,
1300 2004 1451 2038 diabolico
1485 2005 1525 2037 ab
1560 2015 1591 2037 eo
1626 2002 1776 2049 usurpata
1812 2001 1960 2042 ingenio,

1142 2049 1169 2081 E
1208 2054 1331 2100 proprio
1365 2053 1531 2095 restitueret
1565 2053 1716 2086 domino:
1752 2066 1791 2087 ac
1818 2051 1961 2098 Stepha*

1211 2117 1293 2139 num
1322 2103 1574 2139 commendasse
1596 2102 1746 2151 Pippino
1769 2102 1857 2150 Regi
1877 2103 1962 2146 caus—

1182 2155 1275 2199 ¹sam
1301 2155 1397 2189 Beati
1422 2154 1536 2192 Petri,
1573 2152 1619 2191 ὅγ’
1654 2152 1861 2199 Reipublicae
1896 2156 1964 2187 Ro-

1210 2218 1369 2239 manorum
1407 2205 1546 2238 redderet
1577 2202 1674 2248 jura.
1715 2201 1963 2238 Contendebat

1208 2256 1296 2289 olim
1326 2254 1564 2302 praelaudatus
1593 2255 1754 2299 Ancyrae
1774 2252 1961 2299 Archiepi-

1182 2309 1184 2340 't
1210 2304 1350 2352 scopus,
1391 2305 1483 2340 idem
1526 2303 1624 2339 fuiffe
1650 2308 1827 2338 Romanam
1855 2302 1960 2336 Eccle-

1202 2355 1306 2396 siam,
1335 2353 1372 2390 ὃ(
1402 2355 1639 2401 Rempublicam
1665 2358 1896 2390 Romanorum,
1924 2364 1962 2386 ac

1210 2415 1388 2453 propterea
1416 2405 1651 2441 Exarchatum
1672 2404 1843 2447 restitutum
1862 2401 1960 2436 fuisse

1209 2456 1319 2491 eidem
1349 2455 1539 2491 Ecclesiae.
1576 2454 1691 2503 Atqui
1718 2452 1855 2489 disertis
1883 2465 1959 2487 ver-

1180 2506 1262 2543 {bis
1298 2506 1468 2548 Ecclesiam
1508 2511 1685 2542 Romanam
1725 2504 1745 2539 ὲ
1785 2503 1961 2586 Βερὲζπίὶεα

1881 2565 1910 2586 1-
