<?xml version="1.0" encoding="UTF-8"?>
<!DOCTYPE html PUBLIC "-//W3C//DTD XHTML 1.0 Transitional//EN"
    "http://www.w3.org/TR/xhtml1/DTD/xhtml1-transitional.dtd">
<html xmlns="http://www.w3.org/1999/xhtml" xml:lang="en" lang="en">
 <head>
  <title>
</title>
<meta http-equiv="Content-Type" content="text/html;charset=utf-8" />
  <meta name='ocr-system' content='tesseract 3.04.00' />
  <meta name='ocr-capabilities' content='ocr_page ocr_carea ocr_par ocr_line ocrx_word'/>
</head>
<body>
  <div class='ocr_page' id='page_1' title='image "antiquitatesital03mura_0130.png"; bbox 0 0 2216 3105; ppageno 0'>
   <div class='ocr_carea' id='block_1_1' title="bbox 351 216 1103 310">
    <p class='ocr_par' dir='ltr' id='par_1_1' title="bbox 351 216 1103 310">
     <span class='ocr_line' id='line_1_1' title="bbox 351 216 1103 310; baseline 0.008 -17"><span class='ocrx_word' id='word_1_1' title='bbox 351 285 376 302; x_wconf 88' lang='lat'>„</span> <span class='ocrx_word' id='word_1_2' title='bbox 403 216 526 294; x_wconf 46' lang='lat'>3⁸:123&amp;</span> <span class='ocrx_word' id='word_1_3' title='bbox 554 258 777 307; x_wconf 84' lang='lat' dir='ltr'>pertinentiis</span> <span class='ocrx_word' id='word_1_4' title='bbox 804 263 998 310; x_wconf 59' lang='lat' dir='ltr'>praedictae</span> <span class='ocrx_word' id='word_1_5' title='bbox 1024 264 1103 299; x_wconf 89' lang='lat' dir='ltr'>Ali-</span> 
     </span>
    </p>
   </div>
   <div class='ocr_carea' id='block_1_2' title="bbox 349 307 1105 455">
    <p class='ocr_par' dir='ltr' id='par_1_2' title="bbox 349 307 1105 455">
     <span class='ocr_line' id='line_1_2' title="bbox 351 307 1105 357; baseline 0.009 -14"><span class='ocrx_word' id='word_1_6' title='bbox 351 334 376 352; x_wconf 93' lang='lat'>„</span> <span class='ocrx_word' id='word_1_7' title='bbox 403 307 528 354; x_wconf 87' lang='lat' dir='ltr'>fanae,</span> <span class='ocrx_word' id='word_1_8' title='bbox 557 308 724 345; x_wconf 87' lang='lat' dir='ltr'>videlicet</span> <span class='ocrx_word' id='word_1_9' title='bbox 751 311 788 346; x_wconf 88' lang='lat' dir='ltr'>in</span> <span class='ocrx_word' id='word_1_10' title='bbox 825 314 927 357; x_wconf 82' lang='lat' dir='ltr'>loco,</span> <span class='ocrx_word' id='word_1_11' title='bbox 965 315 1024 350; x_wconf 86' lang='lat' dir='ltr'>ubi</span> <span class='ocrx_word' id='word_1_12' title='bbox 1052 315 1105 349; x_wconf 83' lang='lat' dir='ltr'>di-</span> 
     </span>
     <span class='ocr_line' id='line_1_3' title="bbox 350 358 1103 403; baseline 0.009 -10"><span class='ocrx_word' id='word_1_13' title='bbox 350 384 375 403; x_wconf 87' lang='lat'>„</span> <span class='ocrx_word' id='word_1_14' title='bbox 403 358 496 395; x_wconf 88' lang='lat' dir='ltr'>citur</span> <span class='ocrx_word' id='word_1_15' title='bbox 523 359 678 399; x_wconf 88' lang='lat' dir='ltr'>Ailane‚</span> <span class='ocrx_word' id='word_1_16' title='bbox 706 359 744 396; x_wconf 88' lang='lat'>&amp;</span> <span class='ocrx_word' id='word_1_17' title='bbox 781 361 817 397; x_wconf 91' lang='lat' dir='ltr'>in</span> <span class='ocrx_word' id='word_1_18' title='bbox 847 364 926 399; x_wconf 92' lang='lat' dir='ltr'>loco</span> <span class='ocrx_word' id='word_1_19' title='bbox 963 366 1022 400; x_wconf 87' lang='lat' dir='ltr'>ubi</span> <span class='ocrx_word' id='word_1_20' title='bbox 1050 365 1103 399; x_wconf 90' lang='lat' dir='ltr'>di—</span> 
     </span>
     <span class='ocr_line' id='line_1_4' title="bbox 349 409 1103 455; baseline 0.009 -11"><span class='ocrx_word' id='word_1_21' title='bbox 349 434 374 453; x_wconf 87' lang='lat'><strong>„</strong></span> <span class='ocrx_word' id='word_1_22' title='bbox 402 409 495 446; x_wconf 87' lang='lat' dir='ltr'>citur</span> <span class='ocrx_word' id='word_1_23' title='bbox 522 410 778 455; x_wconf 85' lang='lat' dir='ltr'>Vicuvonelle,</span> <span class='ocrx_word' id='word_1_24' title='bbox 806 415 837 448; x_wconf 85' lang='lat'>&amp;</span> <span class='ocrx_word' id='word_1_25' title='bbox 868 413 905 449; x_wconf 90' lang='lat' dir='ltr'>in</span> <span class='ocrx_word' id='word_1_26' title='bbox 935 414 1034 454; x_wconf 86' lang='lat' dir='ltr'>loco,</span> <span class='ocrx_word' id='word_1_27' title='bbox 1065 429 1103 450; x_wconf 83' lang='lat' dir='ltr'>u-</span> 
     </span>
    </p>
   </div>
   <div class='ocr_carea' id='block_1_3' title="bbox 349 459 1133 513">
    <p class='ocr_par' dir='ltr' id='par_1_3' title="bbox 349 459 1133 513">
     <span class='ocr_line' id='line_1_5' title="bbox 349 459 1133 513; baseline 0.008 -19"><span class='ocrx_word' id='word_1_28' title='bbox 349 484 374 503; x_wconf 90' lang='lat'>„</span> <span class='ocrx_word' id='word_1_29' title='bbox 402 459 437 494; x_wconf 91' lang='lat' dir='ltr'>bi</span> <span class='ocrx_word' id='word_1_30' title='bbox 475 460 606 496; x_wconf 87' lang='lat' dir='ltr'>dicitur</span> <span class='ocrx_word' id='word_1_31' title='bbox 635 463 883 507; x_wconf 65' lang='lat' dir='ltr'>Aquwibola,</span> <span class='ocrx_word' id='word_1_32' title='bbox 912 464 1004 500; x_wconf 86' lang='lat' dir='ltr'>secus</span> <span class='ocrx_word' id='word_1_33' title='bbox 1033 465 1102 513; x_wconf 69' lang='lat' dir='ltr'>ipsa</span> <span class='ocrx_word' id='word_1_34' title='bbox 1132 488 1133 506; x_wconf 32' lang='grc' dir='ltr'>ἢ</span> 
     </span>
    </p>
   </div>
   <div class='ocr_carea' id='block_1_4' title="bbox 1131 582 1135 732">
    <p class='ocr_par' dir='ltr' id='par_1_4' title="bbox 1131 508 1135 732">
     <span class='ocr_line' id='line_1_6' title="bbox 1131 582 1135 732; baseline 0 0"><span class='ocrx_word' id='word_1_35' title='bbox 1131 582 1135 732; x_wconf 70' lang='grc' dir='ltr'><strong>ι</strong></span> 
     </span>
    </p>
   </div>
   <div class='ocr_carea' id='block_1_5' title="bbox 337 511 1103 1617">
    <p class='ocr_par' dir='ltr' id='par_1_5' title="bbox 337 511 1103 1617">
     <span class='ocr_line' id='line_1_7' title="bbox 349 511 1103 554; baseline 0.007 -9"><span class='ocrx_word' id='word_1_36' title='bbox 349 534 371 549; x_wconf 85' lang='lat'>,‚</span> <span class='ocrx_word' id='word_1_37' title='bbox 400 512 516 554; x_wconf 76' lang='lat' dir='ltr'>Here,</span> <span class='ocrx_word' id='word_1_38' title='bbox 543 513 577 546; x_wconf 85' lang='grc'>8(</span> <span class='ocrx_word' id='word_1_39' title='bbox 606 511 642 546; x_wconf 90' lang='lat' dir='ltr'>in</span> <span class='ocrx_word' id='word_1_40' title='bbox 670 512 749 546; x_wconf 91' lang='lat' dir='ltr'>loco</span> <span class='ocrx_word' id='word_1_41' title='bbox 777 514 835 548; x_wconf 80' lang='lat' dir='ltr'>ubi</span> <span class='ocrx_word' id='word_1_42' title='bbox 861 513 992 550; x_wconf 83' lang='lat' dir='ltr'>dicitur</span> <span class='ocrx_word' id='word_1_43' title='bbox 1016 518 1103 550; x_wconf 66' lang='lat' dir='ltr'>Gat-</span> 
     </span>
     <span class='ocr_line' id='line_1_8' title="bbox 345 561 1103 611; baseline 0.007 -16"><span class='ocrx_word' id='word_1_44' title='bbox 345 583 369 599; x_wconf 79' lang='lat'>‚,</span> <span class='ocrx_word' id='word_1_45' title='bbox 398 561 529 596; x_wconf 83' lang='lat' dir='ltr'>tocini.</span> <span class='ocrx_word' id='word_1_46' title='bbox 559 563 605 595; x_wconf 82' lang='lat' dir='ltr'>Et</span> <span class='ocrx_word' id='word_1_47' title='bbox 633 561 673 596; x_wconf 91' lang='lat' dir='ltr'>de</span> <span class='ocrx_word' id='word_1_48' title='bbox 703 562 884 604; x_wconf 69' lang='lat' dir='ltr'>Ecclessis,</span> <span class='ocrx_word' id='word_1_49' title='bbox 912 577 999 611; x_wconf 84' lang='lat' dir='ltr'>quae</span> <span class='ocrx_word' id='word_1_50' title='bbox 1026 565 1103 600; x_wconf 87' lang='lat' dir='ltr'>sunt</span> 
     </span>
     <span class='ocr_line' id='line_1_9' title="bbox 345 610 1101 655; baseline 0.008 -11"><span class='ocrx_word' id='word_1_51' title='bbox 345 637 369 655; x_wconf 89' lang='lat'><strong>„</strong></span> <span class='ocrx_word' id='word_1_52' title='bbox 398 610 609 647; x_wconf 67' lang='lat' dir='ltr'>construstae</span> <span class='ocrx_word' id='word_1_53' title='bbox 651 611 740 647; x_wconf 84' lang='lat' dir='ltr'>infra</span> <span class='ocrx_word' id='word_1_54' title='bbox 767 613 821 648; x_wconf 83' lang='lat' dir='ltr'>his</span> <span class='ocrx_word' id='word_1_55' title='bbox 859 615 1026 650; x_wconf 65' lang='lat' dir='ltr'>Cursibus</span> <span class='ocrx_word' id='word_1_56' title='bbox 1065 615 1101 650; x_wconf 71' lang='grc' dir='ltr'>ὅ(</span> 
     </span>
     <span class='ocr_line' id='line_1_10' title="bbox 343 661 1100 706; baseline 0.007 -11"><span class='ocrx_word' id='word_1_57' title='bbox 343 687 368 706; x_wconf 84' lang='grc'>,,</span> <span class='ocrx_word' id='word_1_58' title='bbox 397 661 607 702; x_wconf 77' lang='lat' dir='ltr'>territoriis,</span> <span class='ocrx_word' id='word_1_59' title='bbox 630 662 795 698; x_wconf 82' lang='lat' dir='ltr'>videlicet</span> <span class='ocrx_word' id='word_1_60' title='bbox 816 664 965 699; x_wconf 72' lang='lat' dir='ltr'>Ecclesia</span> <span class='ocrx_word' id='word_1_61' title='bbox 986 665 1100 700; x_wconf 62' lang='lat' dir='ltr'>Sanffli</span> 
     </span>
     <span class='ocr_line' id='line_1_11' title="bbox 343 710 1100 758; baseline 0.008 -13"><span class='ocrx_word' id='word_1_62' title='bbox 343 737 368 756; x_wconf 85' lang='lat'>‚‚</span> <span class='ocrx_word' id='word_1_63' title='bbox 398 712 519 754; x_wconf 76' lang='lat' dir='ltr'>Petri,</span> <span class='ocrx_word' id='word_1_64' title='bbox 556 710 594 747; x_wconf 75' lang='grc' dir='ltr'>ὅ(</span> <span class='ocrx_word' id='word_1_65' title='bbox 624 713 772 748; x_wconf 82' lang='lat' dir='ltr'>Ecclefia</span> <span class='ocrx_word' id='word_1_66' title='bbox 803 714 920 749; x_wconf 59' lang='lat' dir='ltr'>Sancti</span> <span class='ocrx_word' id='word_1_67' title='bbox 949 715 1100 758; x_wconf 82' lang='lat' dir='ltr'>Johanni</span> 
     </span>
     <span class='ocr_line' id='line_1_12' title="bbox 341 762 1100 806; baseline 0.008 -11"><span class='ocrx_word' id='word_1_68' title='bbox 341 789 366 806; x_wconf 85' lang='lat'>‚‚</span> <span class='ocrx_word' id='word_1_69' title='bbox 396 762 588 806; x_wconf 59' lang='lat' dir='ltr'>Baptistae,</span> <span class='ocrx_word' id='word_1_70' title='bbox 617 764 649 797; x_wconf 73' lang='grc' dir='ltr'>ὅ(</span> <span class='ocrx_word' id='word_1_71' title='bbox 677 764 826 799; x_wconf 78' lang='lat' dir='ltr'>Ecclefia</span> <span class='ocrx_word' id='word_1_72' title='bbox 853 765 995 800; x_wconf 58' lang='lat' dir='ltr'>sanstae</span> <span class='ocrx_word' id='word_1_73' title='bbox 1021 768 1100 801; x_wconf 79' lang='lat' dir='ltr'>Ma-</span> 
     </span>
     <span class='ocr_line' id='line_1_13' title="bbox 340 811 1098 859; baseline 0.008 -14"><span class='ocrx_word' id='word_1_74' title='bbox 340 839 365 857; x_wconf 85' lang='lat'><strong>„</strong></span> <span class='ocrx_word' id='word_1_75' title='bbox 393 811 490 855; x_wconf 83' lang='lat' dir='ltr'>riae,</span> <span class='ocrx_word' id='word_1_76' title='bbox 527 813 560 847; x_wconf 77' lang='lat'>8&lt;</span> <span class='ocrx_word' id='word_1_77' title='bbox 589 813 738 848; x_wconf 78' lang='lat' dir='ltr'>Ecclesia</span> <span class='ocrx_word' id='word_1_78' title='bbox 776 815 893 850; x_wconf 69' lang='lat' dir='ltr'>Sansti</span> <span class='ocrx_word' id='word_1_79' title='bbox 932 815 1098 859; x_wconf 63' lang='lat' dir='ltr'>Niwhi,</span> 
     </span>
     <span class='ocr_line' id='line_1_14' title="bbox 340 862 1098 907; baseline 0.005 -10"><span class='ocrx_word' id='word_1_80' title='bbox 340 889 365 907; x_wconf 86' lang='lat'>‚,</span> <span class='ocrx_word' id='word_1_81' title='bbox 392 862 425 897; x_wconf 75' lang='grc' dir='ltr'>δ(</span> <span class='ocrx_word' id='word_1_82' title='bbox 457 862 604 898; x_wconf 83' lang='lat' dir='ltr'>Ecclefia</span> <span class='ocrx_word' id='word_1_83' title='bbox 626 864 742 899; x_wconf 61' lang='lat' dir='ltr'>Sdnfi&#39;ti</span> <span class='ocrx_word' id='word_1_84' title='bbox 765 866 892 900; x_wconf 88' lang='lat' dir='ltr'>Felicis</span> <span class='ocrx_word' id='word_1_85' title='bbox 911 867 944 900; x_wconf 76' lang='lat'>8&lt;</span> <span class='ocrx_word' id='word_1_86' title='bbox 966 865 1098 901; x_wconf 73' lang='lat' dir='ltr'>Hense-</span> 
     </span>
     <span class='ocr_line' id='line_1_15' title="bbox 340 912 1098 963; baseline 0.007 -17"><span class='ocrx_word' id='word_1_87' title='bbox 340 939 365 957; x_wconf 86' lang='lat'><strong>„</strong></span> <span class='ocrx_word' id='word_1_88' title='bbox 393 912 468 956; x_wconf 88' lang='lat' dir='ltr'>vii,</span> <span class='ocrx_word' id='word_1_89' title='bbox 498 926 585 960; x_wconf 89' lang='lat' dir='ltr'>quae</span> <span class='ocrx_word' id='word_1_90' title='bbox 613 914 691 950; x_wconf 88' lang='lat' dir='ltr'>sunt</span> <span class='ocrx_word' id='word_1_91' title='bbox 719 915 950 956; x_wconf 64' lang='lat' dir='ltr'>construtstae,</span> <span class='ocrx_word' id='word_1_92' title='bbox 978 916 1098 963; x_wconf 84' lang='lat' dir='ltr'>ibique</span> 
     </span>
     <span class='ocr_line' id='line_1_16' title="bbox 340 961 1095 1009; baseline 0.008 -14"><span class='ocrx_word' id='word_1_93' title='bbox 340 961 431 1007; x_wconf 72' lang='lat' dir='ltr'>„in</span> <span class='ocrx_word' id='word_1_94' title='bbox 468 963 542 1008; x_wconf 82' lang='lat' dir='ltr'>ipso</span> <span class='ocrx_word' id='word_1_95' title='bbox 579 965 658 999; x_wconf 87' lang='lat' dir='ltr'>loco</span> <span class='ocrx_word' id='word_1_96' title='bbox 686 966 835 1009; x_wconf 69' lang='lat' dir='ltr'>Aihme,</span> <span class='ocrx_word' id='word_1_97' title='bbox 872 964 911 1001; x_wconf 70' lang='grc' dir='ltr'>ἃ</span> <span class='ocrx_word' id='word_1_98' title='bbox 947 966 1095 1002; x_wconf 66' lang='lat' dir='ltr'>Ecclesia</span> 
     </span>
     <span class='ocr_line' id='line_1_17' title="bbox 339 1013 1096 1063; baseline 0.007 -17"><span class='ocrx_word' id='word_1_99' title='bbox 339 1040 364 1058; x_wconf 84' lang='lat'>‚,</span> <span class='ocrx_word' id='word_1_100' title='bbox 392 1013 598 1050; x_wconf 63' lang='lat' dir='ltr'>Sanfiiorum</span> <span class='ocrx_word' id='word_1_101' title='bbox 636 1014 785 1063; x_wconf 79' lang='lat' dir='ltr'>septem,</span> <span class='ocrx_word' id='word_1_102' title='bbox 802 1019 961 1051; x_wconf 83' lang='lat' dir='ltr'><strong>Fratrum</strong></span> <span class='ocrx_word' id='word_1_103' title='bbox 979 1041 989 1055; x_wconf 93' lang='lat'>‚</span> <span class='ocrx_word' id='word_1_104' title='bbox 1031 1029 1096 1063; x_wconf 83' lang='lat' dir='ltr'>que</span> 
     </span>
     <span class='ocr_line' id='line_1_18' title="bbox 337 1062 1097 1114; baseline 0.005 -17"><span class='ocrx_word' id='word_1_105' title='bbox 337 1090 363 1107; x_wconf 81' lang='lat'>‚,</span> <span class='ocrx_word' id='word_1_106' title='bbox 391 1062 523 1099; x_wconf 80' lang='lat' dir='ltr'>ibidem</span> <span class='ocrx_word' id='word_1_107' title='bbox 545 1064 734 1100; x_wconf 62' lang='lat' dir='ltr'>construfflm</span> <span class='ocrx_word' id='word_1_108' title='bbox 755 1066 799 1100; x_wconf 89' lang='lat' dir='ltr'>est</span> <span class='ocrx_word' id='word_1_109' title='bbox 819 1066 855 1100; x_wconf 92' lang='lat' dir='ltr'>in</span> <span class='ocrx_word' id='word_1_110' title='bbox 876 1067 956 1101; x_wconf 91' lang='lat' dir='ltr'>loco</span> <span class='ocrx_word' id='word_1_111' title='bbox 982 1065 1097 1114; x_wconf 87' lang='lat' dir='ltr'>supra—</span> 
     </span>
     <span class='ocr_line' id='line_1_19' title="bbox 339 1113 1096 1159; baseline 0.005 -12"><span class='ocrx_word' id='word_1_112' title='bbox 339 1141 363 1158; x_wconf 86' lang='lat'>„</span> <span class='ocrx_word' id='word_1_113' title='bbox 392 1113 489 1148; x_wconf 55' lang='lat' dir='ltr'>dicio</span> <span class='ocrx_word' id='word_1_114' title='bbox 512 1116 694 1150; x_wconf 80' lang='lat' dir='ltr'>Gattucini</span> <span class='ocrx_word' id='word_1_115' title='bbox 710 1143 720 1159; x_wconf 88' lang='lat'>‚</span> <span class='ocrx_word' id='word_1_116' title='bbox 748 1114 786 1151; x_wconf 74' lang='grc' dir='ltr'>ὅ(</span> <span class='ocrx_word' id='word_1_117' title='bbox 809 1116 958 1151; x_wconf 78' lang='lat' dir='ltr'>Ecclesia</span> <span class='ocrx_word' id='word_1_118' title='bbox 981 1115 1096 1151; x_wconf 73' lang='lat' dir='ltr'>Sanffi</span> 
     </span>
     <span class='ocr_line' id='line_1_20' title="bbox 339 1163 1098 1214; baseline 0.005 -17"><span class='ocrx_word' id='word_1_119' title='bbox 339 1192 363 1210; x_wconf 82' lang='lat'><strong>„</strong></span> <span class='ocrx_word' id='word_1_120' title='bbox 389 1163 563 1206; x_wconf 76' lang='lat' dir='ltr'>Joh-anni,</span> <span class='ocrx_word' id='word_1_121' title='bbox 588 1179 675 1212; x_wconf 72' lang='lat' dir='ltr'>quae</span> <span class='ocrx_word' id='word_1_122' title='bbox 697 1165 886 1201; x_wconf 64' lang='lat' dir='ltr'>construffi</span> <span class='ocrx_word' id='word_1_123' title='bbox 908 1166 953 1201; x_wconf 89' lang='lat' dir='ltr'>est</span> <span class='ocrx_word' id='word_1_124' title='bbox 977 1166 1098 1214; x_wconf 85' lang='lat' dir='ltr'>ibique</span> 
     </span>
     <span class='ocr_line' id='line_1_21' title="bbox 339 1213 1096 1263; baseline 0.005 -15"><span class='ocrx_word' id='word_1_125' title='bbox 339 1243 362 1261; x_wconf 79' lang='lat'>‚‚</span> <span class='ocrx_word' id='word_1_126' title='bbox 391 1213 428 1248; x_wconf 91' lang='lat' dir='ltr'>in</span> <span class='ocrx_word' id='word_1_127' title='bbox 475 1213 671 1262; x_wconf 56' lang='lat' dir='ltr'>supradicto</span> <span class='ocrx_word' id='word_1_128' title='bbox 718 1218 798 1251; x_wconf 92' lang='lat' dir='ltr'>loco</span> <span class='ocrx_word' id='word_1_129' title='bbox 841 1217 1067 1263; x_wconf 81' lang='lat' dir='ltr'>Aquavibola</span> <span class='ocrx_word' id='word_1_130' title='bbox 1087 1244 1096 1252; x_wconf 91' lang='lat'>.</span> 
     </span>
     <span class='ocr_line' id='line_1_22' title="bbox 338 1266 1098 1314; baseline 0.005 -15"><span class='ocrx_word' id='word_1_131' title='bbox 338 1294 362 1311; x_wconf 82' lang='lat'><strong>„</strong></span> <span class='ocrx_word' id='word_1_132' title='bbox 391 1266 548 1310; x_wconf 84' lang='lat' dir='ltr'>Quarum</span> <span class='ocrx_word' id='word_1_133' title='bbox 580 1266 691 1314; x_wconf 87' lang='lat' dir='ltr'>prima</span> <span class='ocrx_word' id='word_1_134' title='bbox 719 1280 761 1302; x_wconf 85' lang='lat' dir='ltr'>ex</span> <span class='ocrx_word' id='word_1_135' title='bbox 796 1267 978 1312; x_wconf 56' lang='lat' dir='ltr'>praedietis</span> <span class='ocrx_word' id='word_1_136' title='bbox 1007 1269 1098 1303; x_wconf 85' lang='lat' dir='ltr'>Cur-</span> 
     </span>
     <span class='ocr_line' id='line_1_23' title="bbox 339 1316 1096 1363; baseline 0.005 -14"><span class='ocrx_word' id='word_1_137' title='bbox 339 1344 362 1363; x_wconf 78' lang='lat'><em>„</em></span> <span class='ocrx_word' id='word_1_138' title='bbox 392 1316 486 1350; x_wconf 86' lang='lat' dir='ltr'>tibus</span> <span class='ocrx_word' id='word_1_139' title='bbox 512 1317 546 1351; x_wconf 89' lang='lat'>&amp;</span> <span class='ocrx_word' id='word_1_140' title='bbox 575 1317 765 1353; x_wconf 85' lang='lat' dir='ltr'>territoriis</span> <span class='ocrx_word' id='word_1_141' title='bbox 792 1319 825 1352; x_wconf 86' lang='lat'>&amp;</span> <span class='ocrx_word' id='word_1_142' title='bbox 857 1318 1035 1353; x_wconf 82' lang='lat' dir='ltr'>montibus</span> <span class='ocrx_word' id='word_1_143' title='bbox 1063 1320 1096 1353; x_wconf 84' lang='lat'>&amp;</span> 
     </span>
     <span class='ocr_line' id='line_1_24' title="bbox 339 1366 1097 1415; baseline 0.004 -15"><span class='ocrx_word' id='word_1_144' title='bbox 339 1395 363 1413; x_wconf 80' lang='lat'>‚‚</span> <span class='ocrx_word' id='word_1_145' title='bbox 392 1366 542 1402; x_wconf 89' lang='lat' dir='ltr'>collibus</span> <span class='ocrx_word' id='word_1_146' title='bbox 567 1367 600 1401; x_wconf 89' lang='lat'>&amp;</span> <span class='ocrx_word' id='word_1_147' title='bbox 629 1368 750 1414; x_wconf 80' lang='lat' dir='ltr'>aquis,</span> <span class='ocrx_word' id='word_1_148' title='bbox 773 1381 860 1415; x_wconf 78' lang='lat' dir='ltr'>quae</span> <span class='ocrx_word' id='word_1_149' title='bbox 888 1369 952 1403; x_wconf 81' lang='lat' dir='ltr'>effe</span> <span class='ocrx_word' id='word_1_150' title='bbox 975 1368 1097 1403; x_wconf 89' lang='lat' dir='ltr'>viden-</span> 
     </span>
     <span class='ocr_line' id='line_1_25' title="bbox 338 1416 1097 1465; baseline 0.004 -14"><span class='ocrx_word' id='word_1_151' title='bbox 338 1445 362 1463; x_wconf 79' lang='lat'>„</span> <span class='ocrx_word' id='word_1_152' title='bbox 391 1426 448 1452; x_wconf 82' lang='lat' dir='ltr'>tur</span> <span class='ocrx_word' id='word_1_153' title='bbox 474 1416 511 1452; x_wconf 88' lang='lat' dir='ltr'>in</span> <span class='ocrx_word' id='word_1_154' title='bbox 542 1416 738 1465; x_wconf 59' lang='lat' dir='ltr'>supradiRO</span> <span class='ocrx_word' id='word_1_155' title='bbox 766 1419 845 1453; x_wconf 89' lang='lat' dir='ltr'>loco</span> <span class='ocrx_word' id='word_1_156' title='bbox 874 1419 1027 1461; x_wconf 83' lang='lat' dir='ltr'>Ailane‚</span> <span class='ocrx_word' id='word_1_157' title='bbox 1056 1418 1097 1454; x_wconf 89' lang='lat' dir='ltr'>fi-</span> 
     </span>
     <span class='ocr_line' id='line_1_26' title="bbox 339 1466 1097 1517; baseline 0.003 -16"><span class='ocrx_word' id='word_1_158' title='bbox 339 1498 363 1516; x_wconf 75' lang='lat'>„</span> <span class='ocrx_word' id='word_1_159' title='bbox 393 1468 447 1501; x_wconf 88' lang='lat' dir='ltr'>nis</span> <span class='ocrx_word' id='word_1_160' title='bbox 475 1466 578 1502; x_wconf 87' lang='lat' dir='ltr'>habet</span> <span class='ocrx_word' id='word_1_161' title='bbox 603 1468 645 1502; x_wconf 84' lang='lat' dir='ltr'>ab</span> <span class='ocrx_word' id='word_1_162' title='bbox 673 1481 739 1503; x_wconf 83' lang='lat' dir='ltr'>una</span> <span class='ocrx_word' id='word_1_163' title='bbox 767 1477 862 1517; x_wconf 82' lang='lat' dir='ltr'>parte</span> <span class='ocrx_word' id='word_1_164' title='bbox 889 1467 957 1503; x_wconf 90' lang='lat' dir='ltr'>fine</span> <span class='ocrx_word' id='word_1_165' title='bbox 983 1468 1097 1513; x_wconf 86' lang='lat' dir='ltr'>Rib0‚</span> 
     </span>
     <span class='ocr_line' id='line_1_27' title="bbox 337 1517 1093 1567; baseline 0.003 -15"><span class='ocrx_word' id='word_1_166' title='bbox 337 1548 362 1567; x_wconf 78' lang='lat'><strong>„</strong></span> <span class='ocrx_word' id='word_1_167' title='bbox 390 1517 452 1564; x_wconf 86' lang='lat' dir='ltr'>qui</span> <span class='ocrx_word' id='word_1_168' title='bbox 478 1517 606 1566; x_wconf 84' lang='lat' dir='ltr'>mergit</span> <span class='ocrx_word' id='word_1_169' title='bbox 626 1518 668 1553; x_wconf 89' lang='lat' dir='ltr'>de</span> <span class='ocrx_word' id='word_1_170' title='bbox 691 1518 763 1566; x_wconf 70' lang='lat' dir='ltr'>ipsa</span> <span class='ocrx_word' id='word_1_171' title='bbox 791 1518 901 1566; x_wconf 81' lang='lat' dir='ltr'>cripta</span> <span class='ocrx_word' id='word_1_172' title='bbox 926 1519 1093 1566; x_wconf 86' lang='lat' dir='ltr'>antiqua,</span> 
     </span>
     <span class='ocr_line' id='line_1_28' title="bbox 337 1567 1094 1617; baseline 0.003 -15"><span class='ocrx_word' id='word_1_173' title='bbox 337 1599 362 1617; x_wconf 60' lang='lat'>9,</span> <span class='ocrx_word' id='word_1_174' title='bbox 390 1567 451 1614; x_wconf 83' lang='lat' dir='ltr'>qui</span> <span class='ocrx_word' id='word_1_175' title='bbox 490 1581 549 1615; x_wconf 88' lang='lat' dir='ltr'>per</span> <span class='ocrx_word' id='word_1_176' title='bbox 577 1578 713 1616; x_wconf 84' lang='lat' dir='ltr'>tempus</span> <span class='ocrx_word' id='word_1_177' title='bbox 750 1568 886 1604; x_wconf 78' lang='lat' dir='ltr'>hiberni</span> <span class='ocrx_word' id='word_1_178' title='bbox 918 1582 1005 1614; x_wconf 86' lang='lat' dir='ltr'>aqua</span> <span class='ocrx_word' id='word_1_179' title='bbox 1037 1569 1094 1604; x_wconf 89' lang='lat' dir='ltr'>de-</span> 
     </span>
    </p>
   </div>
   <div class='ocr_carea' id='block_1_6' title="bbox 336 1649 1099 2019">
    <p class='ocr_par' dir='ltr' id='par_1_6' title="bbox 336 1649 1099 2019">
     <span class='ocr_line' id='line_1_29' title="bbox 338 1649 1098 1716; baseline 0.004 -14"><span class='ocrx_word' id='word_1_180' title='bbox 338 1649 362 1668; x_wconf 67' lang='lat'><strong>„</strong></span> <span class='ocrx_word' id='word_1_181' title='bbox 393 1667 464 1703; x_wconf 87' lang='lat' dir='ltr'>tice</span> <span class='ocrx_word' id='word_1_182' title='bbox 491 1668 624 1703; x_wconf 81' lang='lat' dir='ltr'>montis</span> <span class='ocrx_word' id='word_1_183' title='bbox 641 1697 650 1713; x_wconf 90' lang='lat'>,</span> <span class='ocrx_word' id='word_1_184' title='bbox 671 1669 733 1716; x_wconf 87' lang='lat' dir='ltr'>qui</span> <span class='ocrx_word' id='word_1_185' title='bbox 762 1669 894 1704; x_wconf 86' lang='lat' dir='ltr'>dicitur</span> <span class='ocrx_word' id='word_1_186' title='bbox 912 1668 1098 1714; x_wconf 75' lang='lat' dir='ltr'>Coppola,</span> 
     </span>
     <span class='ocr_line' id='line_1_30' title="bbox 394 1717 1099 1765; baseline 0.001 -11"><span class='ocrx_word' id='word_1_187' title='bbox 394 1717 432 1754; x_wconf 72' lang='grc' dir='ltr'>ὃ(</span> <span class='ocrx_word' id='word_1_188' title='bbox 459 1731 521 1765; x_wconf 80' lang='lat' dir='ltr'>per</span> <span class='ocrx_word' id='word_1_189' title='bbox 548 1719 716 1755; x_wconf 87' lang='lat' dir='ltr'>verticem</span> <span class='ocrx_word' id='word_1_190' title='bbox 744 1719 786 1755; x_wconf 88' lang='lat' dir='ltr'>de</span> <span class='ocrx_word' id='word_1_191' title='bbox 814 1721 942 1755; x_wconf 85' lang='lat' dir='ltr'>Monte</span> <span class='ocrx_word' id='word_1_192' title='bbox 970 1718 1099 1756; x_wconf 84' lang='lat' dir='ltr'>Cimo-</span> 
     </span>
     <span class='ocr_line' id='line_1_31' title="bbox 340 1769 1098 1820; baseline 0.003 -17"><span class='ocrx_word' id='word_1_193' title='bbox 340 1802 364 1820; x_wconf 74' lang='lat'><strong>„</strong></span> <span class='ocrx_word' id='word_1_194' title='bbox 392 1770 476 1804; x_wconf 76' lang='lat' dir='ltr'>nia:</span> <span class='ocrx_word' id='word_1_195' title='bbox 516 1769 558 1805; x_wconf 91' lang='lat' dir='ltr'>de</span> <span class='ocrx_word' id='word_1_196' title='bbox 595 1770 700 1805; x_wconf 86' lang='lat' dir='ltr'>tertia</span> <span class='ocrx_word' id='word_1_197' title='bbox 738 1779 833 1818; x_wconf 86' lang='lat' dir='ltr'>parte</span> <span class='ocrx_word' id='word_1_198' title='bbox 863 1769 931 1805; x_wconf 87' lang='lat' dir='ltr'>fine</span> <span class='ocrx_word' id='word_1_199' title='bbox 961 1770 1098 1815; x_wconf 88' lang='lat' dir='ltr'>Ribio,</span> 
     </span>
     <span class='ocr_line' id='line_1_32' title="bbox 340 1819 1099 1870; baseline 0.003 -16"><span class='ocrx_word' id='word_1_200' title='bbox 340 1851 364 1870; x_wconf 58' lang='grc' dir='ltr'><strong><em>υ</em></strong></span> <span class='ocrx_word' id='word_1_201' title='bbox 392 1819 454 1867; x_wconf 85' lang='lat' dir='ltr'>qui</span> <span class='ocrx_word' id='word_1_202' title='bbox 493 1819 669 1855; x_wconf 82' lang='lat' dir='ltr'>descendit</span> <span class='ocrx_word' id='word_1_203' title='bbox 696 1820 737 1856; x_wconf 90' lang='lat' dir='ltr'>de</span> <span class='ocrx_word' id='word_1_204' title='bbox 774 1830 893 1856; x_wconf 81' lang='lat' dir='ltr'>monte</span> <span class='ocrx_word' id='word_1_205' title='bbox 921 1821 982 1868; x_wconf 88' lang='lat' dir='ltr'>qui</span> <span class='ocrx_word' id='word_1_206' title='bbox 1010 1821 1099 1856; x_wconf 86' lang='lat' dir='ltr'>dici-</span> 
     </span>
     <span class='ocr_line' id='line_1_33' title="bbox 338 1870 1099 1922; baseline 0.003 -18"><span class='ocrx_word' id='word_1_207' title='bbox 338 1903 363 1922; x_wconf 76' lang='lat'>„</span> <span class='ocrx_word' id='word_1_208' title='bbox 392 1879 450 1905; x_wconf 85' lang='lat' dir='ltr'>tur</span> <span class='ocrx_word' id='word_1_209' title='bbox 472 1871 652 1914; x_wconf 88' lang='lat' dir='ltr'>Merulus,</span> <span class='ocrx_word' id='word_1_210' title='bbox 678 1872 711 1906; x_wconf 88' lang='lat'>&amp;</span> <span class='ocrx_word' id='word_1_211' title='bbox 737 1870 853 1906; x_wconf 84' lang='lat' dir='ltr'>mittit</span> <span class='ocrx_word' id='word_1_212' title='bbox 878 1871 915 1906; x_wconf 90' lang='lat' dir='ltr'>in</span> <span class='ocrx_word' id='word_1_213' title='bbox 941 1870 1012 1920; x_wconf 90' lang='lat' dir='ltr'>ipsa</span> <span class='ocrx_word' id='word_1_214' title='bbox 1034 1873 1099 1906; x_wconf 89' lang='lat' dir='ltr'>Pa-</span> 
     </span>
     <span class='ocr_line' id='line_1_34' title="bbox 336 1919 1098 1971; baseline 0.003 -16"><span class='ocrx_word' id='word_1_215' title='bbox 336 1952 363 1971; x_wconf 66' lang='lat'><em>„</em></span> <span class='ocrx_word' id='word_1_216' title='bbox 390 1919 500 1956; x_wconf 86' lang='lat' dir='ltr'>lude:</span> <span class='ocrx_word' id='word_1_217' title='bbox 540 1920 581 1956; x_wconf 89' lang='lat' dir='ltr'>de</span> <span class='ocrx_word' id='word_1_218' title='bbox 623 1931 745 1968; x_wconf 81' lang='lat' dir='ltr'>quarta</span> <span class='ocrx_word' id='word_1_219' title='bbox 787 1930 882 1969; x_wconf 81' lang='lat' dir='ltr'>parte</span> <span class='ocrx_word' id='word_1_220' title='bbox 920 1922 1098 1969; x_wconf 85' lang='lat' dir='ltr'>quomodo</span> 
     </span>
     <span class='ocr_line' id='line_1_35' title="bbox 390 1969 1098 2019; baseline 0.004 -14"><span class='ocrx_word' id='word_1_221' title='bbox 390 1970 499 2006; x_wconf 86' lang='lat' dir='ltr'>tradit</span> <span class='ocrx_word' id='word_1_222' title='bbox 526 1970 567 2006; x_wconf 89' lang='lat' dir='ltr'>de</span> <span class='ocrx_word' id='word_1_223' title='bbox 604 1969 688 2006; x_wconf 82' lang='lat' dir='ltr'>foris</span> <span class='ocrx_word' id='word_1_224' title='bbox 726 1971 798 2018; x_wconf 82' lang='lat' dir='ltr'>ipsa</span> <span class='ocrx_word' id='word_1_225' title='bbox 837 1973 965 2007; x_wconf 81' lang='lat' dir='ltr'>Palude</span> <span class='ocrx_word' id='word_1_226' title='bbox 993 1972 1098 2019; x_wconf 85' lang='lat' dir='ltr'>usque</span> 
     </span>
    </p>
   </div>
   <div class='ocr_carea' id='block_1_7' title="bbox 392 2020 1098 2070">
    <p class='ocr_par' dir='ltr' id='par_1_7' title="bbox 392 2020 1098 2070">
     <span class='ocr_line' id='line_1_36' title="bbox 392 2020 1098 2070; baseline 0.003 -14"><span class='ocrx_word' id='word_1_227' title='bbox 392 2021 429 2057; x_wconf 84' lang='lat' dir='ltr'>in</span> <span class='ocrx_word' id='word_1_228' title='bbox 460 2021 592 2061; x_wconf 85' lang='lat' dir='ltr'>Ribio,</span> <span class='ocrx_word' id='word_1_229' title='bbox 629 2020 666 2057; x_wconf 89' lang='lat'>&amp;</span> <span class='ocrx_word' id='word_1_230' title='bbox 705 2035 775 2070; x_wconf 87' lang='lat' dir='ltr'>quo</span> <span class='ocrx_word' id='word_1_231' title='bbox 803 2023 900 2058; x_wconf 86' lang='lat' dir='ltr'>badit</span> <span class='ocrx_word' id='word_1_232' title='bbox 935 2022 1006 2070; x_wconf 85' lang='lat' dir='ltr'>ipse</span> <span class='ocrx_word' id='word_1_233' title='bbox 1035 2023 1098 2058; x_wconf 91' lang='lat' dir='ltr'>Ri-</span> 
     </span>
    </p>
   </div>
   <div class='ocr_carea' id='block_1_8' title="bbox 339 1701 365 1769">
    <p class='ocr_par' dir='ltr' id='par_1_8' title="bbox 339 1701 365 1769">
     <span class='ocr_line' id='line_1_37' title="bbox 339 1701 365 1719; baseline 0 0"><span class='ocrx_word' id='word_1_234' title='bbox 339 1701 365 1719; x_wconf 77' lang='lat'>9)</span> 
     </span>
     <span class='ocr_line' id='line_1_38' title="bbox 339 1751 364 1769; baseline -0.04 0"><span class='ocrx_word' id='word_1_235' title='bbox 339 1751 364 1769; x_wconf 71' lang='lat'>95</span> 
     </span>
    </p>
   </div>
   <div class='ocr_carea' id='block_1_9' title="bbox 338 2003 364 2070">
    <p class='ocr_par' dir='ltr' id='par_1_9' title="bbox 338 2003 364 2070">
     <span class='ocr_line' id='line_1_39' title="bbox 338 2003 362 2020; baseline 0.042 -1"><span class='ocrx_word' id='word_1_236' title='bbox 338 2003 362 2020; x_wconf 69' lang='lat'>9)</span> 
     </span>
     <span class='ocr_line' id='line_1_40' title="bbox 338 2053 364 2070; baseline 0 0"><span class='ocrx_word' id='word_1_237' title='bbox 338 2053 364 2070; x_wconf 68' lang='lat'>5)</span> 
     </span>
    </p>
   </div>
   <div class='ocr_carea' id='block_1_10' title="bbox 698 202 1605 261">
    <p class='ocr_par' dir='ltr' id='par_1_10' title="bbox 698 202 1605 261">
     <span class='ocr_line' id='line_1_41' title="bbox 698 202 1605 261; baseline 0.001 -18"><span class='ocrx_word' id='word_1_238' title='bbox 698 202 1102 261; x_wconf 68' lang='lat' dir='ltr'><strong><em>ANTIQUJT.</em></strong></span> <span class='ocrx_word' id='word_1_239' title='bbox 1147 202 1381 246; x_wconf 76' lang='lat' dir='ltr'><em>MEDJJ</em></span> <span class='ocrx_word' id='word_1_240' title='bbox 1422 202 1605 245; x_wconf 62' lang='grc' dir='ltr'>ΛΕΜ</span> 
     </span>
    </p>
   </div>
   <div class='ocr_carea' id='block_1_11' title="bbox 1131 260 1134 271">
    <p class='ocr_par' dir='ltr' id='par_1_11' title="bbox 1131 260 1134 271">
     <span class='ocr_line' id='line_1_42' title="bbox 1131 260 1134 271; baseline 0 0"><span class='ocrx_word' id='word_1_241' title='bbox 1131 260 1134 271; x_wconf 67' lang='lat' dir='ltr'>v</span> 
     </span>
    </p>
   </div>
   <div class='ocr_carea' id='block_1_12' title="bbox 1131 281 1134 363">
    <p class='ocr_par' dir='ltr' id='par_1_12' title="bbox 1131 281 1134 363">
     <span class='ocr_line' id='line_1_43' title="bbox 1131 281 1134 363; baseline 0 0"><span class='ocrx_word' id='word_1_242' title='bbox 1131 281 1134 363; x_wconf 77' lang='lat' dir='ltr'>l</span> 
     </span>
    </p>
   </div>
   <div class='ocr_carea' id='block_1_13' title="bbox 1131 365 1134 487">
    <p class='ocr_par' dir='ltr' id='par_1_13' title="bbox 1131 365 1134 487">
     <span class='ocr_line' id='line_1_44' title="bbox 1131 365 1134 487; baseline 0 2618"><span class='ocrx_word' id='word_1_243' title='bbox 1131 365 1134 487; x_wconf 95' lang='lat' dir='ltr'> </span> 
     </span>
    </p>
   </div>
   <div class='ocr_carea' id='block_1_14' title="bbox 390 1617 1128 1666">
    <p class='ocr_par' dir='ltr' id='par_1_14' title="bbox 390 1617 1128 1666">
     <span class='ocr_line' id='line_1_45' title="bbox 390 1617 1128 1666; baseline 0.005 -15"><span class='ocrx_word' id='word_1_244' title='bbox 390 1628 522 1652; x_wconf 84' lang='lat' dir='ltr'>currit:</span> <span class='ocrx_word' id='word_1_245' title='bbox 553 1617 595 1652; x_wconf 90' lang='lat' dir='ltr'>de</span> <span class='ocrx_word' id='word_1_246' title='bbox 622 1618 767 1654; x_wconf 87' lang='lat' dir='ltr'>secunda</span> <span class='ocrx_word' id='word_1_247' title='bbox 796 1628 891 1666; x_wconf 81' lang='lat' dir='ltr'>parte</span> <span class='ocrx_word' id='word_1_248' title='bbox 919 1619 987 1654; x_wconf 89' lang='lat' dir='ltr'>fine</span> <span class='ocrx_word' id='word_1_249' title='bbox 1020 1633 1098 1655; x_wconf 85' lang='lat' dir='ltr'>ver·</span> <span class='ocrx_word' id='word_1_250' title='bbox 1127 1629 1128 1639; x_wconf 67' lang='lat'>¹</span> 
     </span>
    </p>
   </div>
   <div class='ocr_carea' id='block_1_15' title="bbox 338 2071 1128 2130">
    <p class='ocr_par' dir='ltr' id='par_1_15' title="bbox 338 2071 1128 2130">
     <span class='ocr_line' id='line_1_46' title="bbox 338 2071 1128 2130; baseline 0.003 -24"><span class='ocrx_word' id='word_1_251' title='bbox 338 2103 363 2120; x_wconf 66' lang='lat' dir='ltr'>a,</span> <span class='ocrx_word' id='word_1_252' title='bbox 390 2071 476 2111; x_wconf 91' lang='lat' dir='ltr'>bio,</span> <span class='ocrx_word' id='word_1_253' title='bbox 515 2072 548 2106; x_wconf 89' lang='lat'>&amp;</span> <span class='ocrx_word' id='word_1_254' title='bbox 576 2072 777 2120; x_wconf 87' lang='lat' dir='ltr'>perexiente</span> <span class='ocrx_word' id='word_1_255' title='bbox 812 2073 850 2108; x_wconf 87' lang='lat' dir='ltr'>in</span> <span class='ocrx_word' id='word_1_256' title='bbox 887 2072 960 2121; x_wconf 85' lang='lat' dir='ltr'>ipsa</span> <span class='ocrx_word' id='word_1_257' title='bbox 996 2073 1098 2130; x_wconf 74' lang='lat' dir='ltr'>ripa,</span> <span class='ocrx_word' id='word_1_258' title='bbox 1126 2086 1128 2121; x_wconf 49' lang='grc' dir='ltr'><strong><em>ᾗ</em></strong></span> 
     </span>
    </p>
   </div>
   <div class='ocr_carea' id='block_1_16' title="bbox 338 2122 1178 2221">
    <p class='ocr_par' dir='ltr' id='par_1_16' title="bbox 338 2122 1178 2221">
     <span class='ocr_line' id='line_1_47' title="bbox 339 2122 1178 2172; baseline 0.002 -15"><span class='ocrx_word' id='word_1_259' title='bbox 339 2153 365 2170; x_wconf 77' lang='lat'><strong>„</strong></span> <span class='ocrx_word' id='word_1_260' title='bbox 393 2135 458 2169; x_wconf 85' lang='lat' dir='ltr'>que</span> <span class='ocrx_word' id='word_1_261' title='bbox 487 2122 531 2157; x_wconf 83' lang='lat' dir='ltr'>est</span> <span class='ocrx_word' id='word_1_262' title='bbox 558 2132 594 2157; x_wconf 87' lang='lat' dir='ltr'>at</span> <span class='ocrx_word' id='word_1_263' title='bbox 620 2123 788 2167; x_wconf 79' lang='lat' dir='ltr'>meridie,</span> <span class='ocrx_word' id='word_1_264' title='bbox 825 2122 863 2159; x_wconf 87' lang='lat'>&amp;</span> <span class='ocrx_word' id='word_1_265' title='bbox 897 2134 1097 2172; x_wconf 65' lang='lat' dir='ltr'>peremente</span> <span class='ocrx_word' id='word_1_266' title='bbox 1126 2130 1128 2168; x_wconf 69' lang='grc' dir='ltr'>ξ’</span> <span class='ocrx_word' id='word_1_267' title='bbox 1176 2127 1178 2163; x_wconf 73' lang='grc' dir='ltr'>ἐ</span> 
     </span>
     <span class='ocr_line' id='line_1_48' title="bbox 338 2172 1127 2221; baseline 0.004 -15"><span class='ocrx_word' id='word_1_268' title='bbox 338 2203 362 2220; x_wconf 74' lang='lat'>‚‚</span> <span class='ocrx_word' id='word_1_269' title='bbox 392 2172 428 2207; x_wconf 84' lang='lat' dir='ltr'>in</span> <span class='ocrx_word' id='word_1_270' title='bbox 458 2172 529 2219; x_wconf 81' lang='lat' dir='ltr'>ipsa</span> <span class='ocrx_word' id='word_1_271' title='bbox 558 2173 615 2208; x_wconf 87' lang='lat' dir='ltr'>via</span> <span class='ocrx_word' id='word_1_272' title='bbox 652 2174 819 2221; x_wconf 81' lang='lat' dir='ltr'>antiqua,</span> <span class='ocrx_word' id='word_1_273' title='bbox 857 2187 944 2220; x_wconf 88' lang='lat' dir='ltr'>quae</span> <span class='ocrx_word' id='word_1_274' title='bbox 981 2173 1097 2209; x_wconf 88' lang='lat' dir='ltr'>mittit</span> <span class='ocrx_word' id='word_1_275' title='bbox 1126 2194 1127 2204; x_wconf 58' lang='grc' dir='ltr'>ι</span> 
     </span>
    </p>
   </div>
   <div class='ocr_carea' id='block_1_17' title="bbox 333 2252 1096 2320">
    <p class='ocr_par' dir='ltr' id='par_1_17' title="bbox 333 2252 1096 2320">
     <span class='ocr_line' id='line_1_49' title="bbox 333 2252 1096 2320; baseline 0.001 -12"><span class='ocrx_word' id='word_1_276' title='bbox 333 2252 361 2320; x_wconf 52' lang='lat' dir='ltr'>j:</span> <span class='ocrx_word' id='word_1_277' title='bbox 386 2272 539 2308; x_wconf 83' lang='lat' dir='ltr'>Secunda</span> <span class='ocrx_word' id='word_1_278' title='bbox 568 2271 681 2307; x_wconf 78' lang='lat' dir='ltr'>Curre</span> <span class='ocrx_word' id='word_1_279' title='bbox 713 2272 750 2308; x_wconf 68' lang='grc' dir='ltr'>ὁ(</span> <span class='ocrx_word' id='word_1_280' title='bbox 783 2273 992 2310; x_wconf 79' lang='lat' dir='ltr'>territoriis,</span> <span class='ocrx_word' id='word_1_281' title='bbox 1021 2275 1096 2309; x_wconf 88' lang='lat' dir='ltr'>cul-</span> 
     </span>
    </p>
   </div>
   <div class='ocr_carea' id='block_1_18' title="bbox 330 2320 1093 2371">
    <p class='ocr_par' dir='ltr' id='par_1_18' title="bbox 330 2320 1093 2371">
     <span class='ocr_line' id='line_1_50' title="bbox 330 2320 1093 2371; baseline 0 -12"><span class='ocrx_word' id='word_1_282' title='bbox 330 2353 356 2371; x_wconf 80' lang='lat'><em>„</em></span> <span class='ocrx_word' id='word_1_283' title='bbox 383 2324 430 2359; x_wconf 86' lang='lat' dir='ltr'>tis</span> <span class='ocrx_word' id='word_1_284' title='bbox 466 2320 504 2358; x_wconf 74' lang='grc' dir='ltr'>ἃ.</span> <span class='ocrx_word' id='word_1_285' title='bbox 541 2322 688 2357; x_wconf 85' lang='lat' dir='ltr'>incultis</span> <span class='ocrx_word' id='word_1_286' title='bbox 710 2347 721 2362; x_wconf 89' lang='lat'><em>,</em></span> <span class='ocrx_word' id='word_1_287' title='bbox 767 2324 800 2358; x_wconf 87' lang='lat'>&amp;</span> <span class='ocrx_word' id='word_1_288' title='bbox 844 2324 1023 2359; x_wconf 88' lang='lat' dir='ltr'>montibus</span> <span class='ocrx_word' id='word_1_289' title='bbox 1059 2326 1093 2359; x_wconf 77' lang='lat'>8&lt;</span> 
     </span>
    </p>
   </div>
   <div class='ocr_carea' id='block_1_19' title="bbox 330 2373 1124 2522">
    <p class='ocr_par' dir='ltr' id='par_1_19' title="bbox 330 2373 1124 2522">
     <span class='ocr_line' id='line_1_51' title="bbox 330 2373 1124 2423; baseline 0 -14"><span class='ocrx_word' id='word_1_290' title='bbox 330 2402 353 2420; x_wconf 84' lang='lat'>‚‚</span> <span class='ocrx_word' id='word_1_291' title='bbox 381 2374 531 2409; x_wconf 84' lang='lat' dir='ltr'>collibus</span> <span class='ocrx_word' id='word_1_292' title='bbox 558 2374 592 2407; x_wconf 80' lang='grc' dir='ltr'>ὃ(</span> <span class='ocrx_word' id='word_1_293' title='bbox 621 2373 720 2420; x_wconf 83' lang='lat' dir='ltr'>aquis</span> <span class='ocrx_word' id='word_1_294' title='bbox 753 2373 794 2408; x_wconf 93' lang='lat' dir='ltr'>de</span> <span class='ocrx_word' id='word_1_295' title='bbox 822 2373 1018 2422; x_wconf 60' lang='lat' dir='ltr'>supradicio</span> <span class='ocrx_word' id='word_1_296' title='bbox 1040 2376 1092 2409; x_wconf 90' lang='lat' dir='ltr'>lo-</span> <span class='ocrx_word' id='word_1_297' title='bbox 1122 2389 1124 2423; x_wconf 46' lang='grc' dir='ltr'><strong><em>ᾗ</em></strong></span> 
     </span>
     <span class='ocr_line' id='line_1_52' title="bbox 330 2423 1123 2474; baseline 0.001 -14"><span class='ocrx_word' id='word_1_298' title='bbox 330 2453 354 2471; x_wconf 87' lang='lat'>,‚</span> <span class='ocrx_word' id='word_1_299' title='bbox 382 2437 445 2467; x_wconf 89' lang='lat' dir='ltr'>co,</span> <span class='ocrx_word' id='word_1_300' title='bbox 473 2423 534 2470; x_wconf 87' lang='lat' dir='ltr'>qui</span> <span class='ocrx_word' id='word_1_301' title='bbox 563 2423 694 2459; x_wconf 86' lang='lat' dir='ltr'>dicitur</span> <span class='ocrx_word' id='word_1_302' title='bbox 726 2423 982 2464; x_wconf 86' lang='lat' dir='ltr'>Vicuvonelle‚</span> <span class='ocrx_word' id='word_1_303' title='bbox 1012 2424 1092 2461; x_wconf 86' lang='lat' dir='ltr'>finis</span> <span class='ocrx_word' id='word_1_304' title='bbox 1122 2426 1123 2474; x_wconf 62' lang='lat' dir='ltr'>l</span> 
     </span>
     <span class='ocr_line' id='line_1_53' title="bbox 333 2474 1123 2522; baseline 0 -13"><span class='ocrx_word' id='word_1_305' title='bbox 333 2504 356 2521; x_wconf 79' lang='lat'>‚‚</span> <span class='ocrx_word' id='word_1_306' title='bbox 384 2475 512 2509; x_wconf 82' lang='lat' dir='ltr'>habent</span> <span class='ocrx_word' id='word_1_307' title='bbox 540 2475 582 2509; x_wconf 87' lang='lat' dir='ltr'>ab</span> <span class='ocrx_word' id='word_1_308' title='bbox 615 2488 681 2509; x_wconf 80' lang='lat' dir='ltr'>una</span> <span class='ocrx_word' id='word_1_309' title='bbox 721 2484 817 2522; x_wconf 82' lang='lat' dir='ltr'>parte</span> <span class='ocrx_word' id='word_1_310' title='bbox 849 2474 916 2510; x_wconf 86' lang='lat' dir='ltr'>fine</span> <span class='ocrx_word' id='word_1_311' title='bbox 944 2478 1090 2522; x_wconf 64' lang='lat' dir='ltr'>Surgen-</span> <span class='ocrx_word' id='word_1_312' title='bbox 1121 2486 1123 2521; x_wconf 65' lang='lat'>1</span> 
     </span>
    </p>
   </div>
   <div class='ocr_carea' id='block_1_20' title="bbox 389 2221 1127 2280">
    <p class='ocr_par' dir='ltr' id='par_1_20' title="bbox 389 2221 1127 2280">
     <span class='ocr_line' id='line_1_54' title="bbox 389 2221 1127 2280; baseline 0.004 -24"><span class='ocrx_word' id='word_1_313' title='bbox 389 2222 426 2257; x_wconf 88' lang='lat' dir='ltr'>in</span> <span class='ocrx_word' id='word_1_314' title='bbox 455 2221 529 2269; x_wconf 89' lang='lat' dir='ltr'>ipso</span> <span class='ocrx_word' id='word_1_315' title='bbox 552 2223 682 2265; x_wconf 84' lang='lat' dir='ltr'>Ribio,</span> <span class='ocrx_word' id='word_1_316' title='bbox 710 2224 771 2280; x_wconf 41' lang='lat' dir='ltr'>q&#39;ui</span> <span class='ocrx_word' id='word_1_317' title='bbox 792 2223 837 2258; x_wconf 85' lang='lat' dir='ltr'>est</span> <span class='ocrx_word' id='word_1_318' title='bbox 864 2223 932 2259; x_wconf 91' lang='lat' dir='ltr'>fine</span> <span class='ocrx_word' id='word_1_319' title='bbox 960 2224 1098 2271; x_wconf 84' lang='lat' dir='ltr'>priore.</span> <span class='ocrx_word' id='word_1_320' title='bbox 1126 2228 1127 2236; x_wconf 64' lang='lat'>¹</span> 
     </span>
    </p>
   </div>
   <div class='ocr_carea' id='block_1_21' title="bbox 1123 2240 1127 2377">
    <p class='ocr_par' dir='ltr' id='par_1_21' title="bbox 1123 2240 1127 2377">
     <span class='ocr_line' id='line_1_55' title="bbox 1123 2240 1127 2377; baseline 0 728"><span class='ocrx_word' id='word_1_321' title='bbox 1123 2240 1127 2377; x_wconf 95' lang='lat' dir='ltr'> </span> 
     </span>
    </p>
   </div>
   <div class='ocr_carea' id='block_1_22' title="bbox 1829 222 1910 261">
    <p class='ocr_par' dir='ltr' id='par_1_22' title="bbox 1829 222 1910 261">
     <span class='ocr_line' id='line_1_56' title="bbox 1829 222 1910 261; baseline 0.012 -1"><span class='ocrx_word' id='word_1_322' title='bbox 1829 222 1910 261; x_wconf 74' lang='lat'>244</span> 
     </span>
    </p>
   </div>
   <div class='ocr_carea' id='block_1_23' title="bbox 1132 260 1972 311">
    <p class='ocr_par' dir='ltr' id='par_1_23' title="bbox 1132 260 1972 311">
     <span class='ocr_line' id='line_1_57' title="bbox 1132 260 1972 311; baseline -0.005 -13"><span class='ocrx_word' id='word_1_323' title='bbox 1132 262 1187 298; x_wconf 46' lang='lat' dir='ltr'>‘A‘</span> <span class='ocrx_word' id='word_1_324' title='bbox 1215 290 1237 305; x_wconf 86' lang='lat'>‚,</span> <span class='ocrx_word' id='word_1_325' title='bbox 1265 263 1349 296; x_wconf 82' lang='lat' dir='ltr'>liter</span> <span class='ocrx_word' id='word_1_326' title='bbox 1376 260 1475 296; x_wconf 89' lang='lat' dir='ltr'>vadit</span> <span class='ocrx_word' id='word_1_327' title='bbox 1503 261 1539 297; x_wconf 88' lang='lat' dir='ltr'>in</span> <span class='ocrx_word' id='word_1_328' title='bbox 1569 261 1702 307; x_wconf 87' lang='lat' dir='ltr'>fluvio,</span> <span class='ocrx_word' id='word_1_329' title='bbox 1742 262 1804 311; x_wconf 80' lang='lat' dir='ltr'>qui</span> <span class='ocrx_word' id='word_1_330' title='bbox 1841 265 1972 301; x_wconf 56' lang='lat' dir='ltr'>dicitur</span> 
     </span>
    </p>
   </div>
   <div class='ocr_carea' id='block_1_24' title="bbox 1162 312 1966 2344">
    <p class='ocr_par' dir='ltr' id='par_1_24' title="bbox 1162 312 1966 2344">
     <span class='ocr_line' id='line_1_58' title="bbox 1213 312 1966 361; baseline 0.005 -15"><span class='ocrx_word' id='word_1_331' title='bbox 1213 340 1236 357; x_wconf 84' lang='lat'>‚‚</span> <span class='ocrx_word' id='word_1_332' title='bbox 1264 313 1378 347; x_wconf 75' lang='lat' dir='ltr'>Here:</span> <span class='ocrx_word' id='word_1_333' title='bbox 1420 325 1463 347; x_wconf 85' lang='lat' dir='ltr'>ex</span> <span class='ocrx_word' id='word_1_334' title='bbox 1490 312 1559 347; x_wconf 82' lang='lat' dir='ltr'>alia</span> <span class='ocrx_word' id='word_1_335' title='bbox 1591 323 1686 361; x_wconf 87' lang='lat' dir='ltr'>parte</span> <span class='ocrx_word' id='word_1_336' title='bbox 1723 313 1792 350; x_wconf 90' lang='lat' dir='ltr'>fine</span> <span class='ocrx_word' id='word_1_337' title='bbox 1821 314 1878 349; x_wconf 84' lang='lat' dir='ltr'>via</span> <span class='ocrx_word' id='word_1_338' title='bbox 1906 328 1966 350; x_wconf 86' lang='lat' dir='ltr'>an-</span> 
     </span>
     <span class='ocr_line' id='line_1_59' title="bbox 1212 362 1965 411; baseline 0.005 -15"><span class='ocrx_word' id='word_1_339' title='bbox 1212 390 1236 406; x_wconf 86' lang='lat'>„</span> <span class='ocrx_word' id='word_1_340' title='bbox 1264 363 1383 409; x_wconf 84' lang='lat' dir='ltr'>tiqua:</span> <span class='ocrx_word' id='word_1_341' title='bbox 1423 362 1464 397; x_wconf 91' lang='lat' dir='ltr'>de</span> <span class='ocrx_word' id='word_1_342' title='bbox 1492 362 1595 398; x_wconf 85' lang='lat' dir='ltr'>tertia</span> <span class='ocrx_word' id='word_1_343' title='bbox 1625 374 1720 411; x_wconf 87' lang='lat' dir='ltr'>parte</span> <span class='ocrx_word' id='word_1_344' title='bbox 1756 365 1825 401; x_wconf 90' lang='lat' dir='ltr'>fine</span> <span class='ocrx_word' id='word_1_345' title='bbox 1851 365 1965 400; x_wconf 82' lang='lat' dir='ltr'>Tofo-</span> 
     </span>
     <span class='ocr_line' id='line_1_60' title="bbox 1213 412 1966 463; baseline 0.007 -17"><span class='ocrx_word' id='word_1_346' title='bbox 1213 440 1236 458; x_wconf 85' lang='lat'>„</span> <span class='ocrx_word' id='word_1_347' title='bbox 1263 425 1327 456; x_wconf 89' lang='lat' dir='ltr'>ne,</span> <span class='ocrx_word' id='word_1_348' title='bbox 1364 412 1425 460; x_wconf 88' lang='lat' dir='ltr'>qui</span> <span class='ocrx_word' id='word_1_349' title='bbox 1462 412 1593 448; x_wconf 86' lang='lat' dir='ltr'>dicitur</span> <span class='ocrx_word' id='word_1_350' title='bbox 1619 415 1795 463; x_wconf 86' lang='lat' dir='ltr'>Calegne,</span> <span class='ocrx_word' id='word_1_351' title='bbox 1832 414 1870 451; x_wconf 78' lang='grc' dir='ltr'>ὃ(</span> <span class='ocrx_word' id='word_1_352' title='bbox 1899 415 1966 451; x_wconf 88' lang='lat' dir='ltr'>fine</span> 
     </span>
     <span class='ocr_line' id='line_1_61' title="bbox 1212 463 1964 513; baseline 0.007 -17"><span class='ocrx_word' id='word_1_353' title='bbox 1212 491 1235 508; x_wconf 81' lang='lat'>„</span> <span class='ocrx_word' id='word_1_354' title='bbox 1264 464 1377 502; x_wconf 79' lang='lat' dir='ltr'>Ribo,</span> <span class='ocrx_word' id='word_1_355' title='bbox 1405 463 1466 510; x_wconf 85' lang='lat' dir='ltr'>qui</span> <span class='ocrx_word' id='word_1_356' title='bbox 1494 464 1534 498; x_wconf 92' lang='lat' dir='ltr'>de</span> <span class='ocrx_word' id='word_1_357' title='bbox 1563 463 1709 500; x_wconf 88' lang='lat' dir='ltr'>hiberno</span> <span class='ocrx_word' id='word_1_358' title='bbox 1737 479 1824 513; x_wconf 88' lang='lat' dir='ltr'>aqua</span> <span class='ocrx_word' id='word_1_359' title='bbox 1844 466 1964 501; x_wconf 89' lang='lat' dir='ltr'>decur-</span> 
     </span>
     <span class='ocr_line' id='line_1_62' title="bbox 1212 512 1963 560; baseline 0.007 -14"><span class='ocrx_word' id='word_1_360' title='bbox 1212 541 1234 557; x_wconf 88' lang='lat'>‚‚</span> <span class='ocrx_word' id='word_1_361' title='bbox 1263 513 1332 556; x_wconf 87' lang='lat' dir='ltr'>rit,</span> <span class='ocrx_word' id='word_1_362' title='bbox 1360 512 1398 548; x_wconf 88' lang='lat'>&amp;</span> <span class='ocrx_word' id='word_1_363' title='bbox 1418 514 1570 560; x_wconf 81' lang='lat' dir='ltr'>qualiter</span> <span class='ocrx_word' id='word_1_364' title='bbox 1597 515 1706 550; x_wconf 85' lang='lat' dir='ltr'>intrat</span> <span class='ocrx_word' id='word_1_365' title='bbox 1734 515 1770 551; x_wconf 84' lang='lat' dir='ltr'>in</span> <span class='ocrx_word' id='word_1_366' title='bbox 1799 516 1870 558; x_wconf 77' lang='lat' dir='ltr'>ipsa</span> <span class='ocrx_word' id='word_1_367' title='bbox 1892 518 1963 551; x_wconf 84' lang='lat' dir='ltr'>He-</span> 
     </span>
     <span class='ocr_line' id='line_1_63' title="bbox 1210 562 1963 613; baseline 0.005 -17"><span class='ocrx_word' id='word_1_368' title='bbox 1210 591 1234 608; x_wconf 80' lang='lat'><strong>„</strong></span> <span class='ocrx_word' id='word_1_369' title='bbox 1263 572 1318 597; x_wconf 89' lang='lat' dir='ltr'>te:</span> <span class='ocrx_word' id='word_1_370' title='bbox 1358 562 1398 597; x_wconf 89' lang='lat' dir='ltr'>de</span> <span class='ocrx_word' id='word_1_371' title='bbox 1425 574 1547 611; x_wconf 83' lang='lat' dir='ltr'>quarta</span> <span class='ocrx_word' id='word_1_372' title='bbox 1576 576 1671 613; x_wconf 78' lang='lat' dir='ltr'>parte</span> <span class='ocrx_word' id='word_1_373' title='bbox 1709 565 1776 600; x_wconf 90' lang='lat' dir='ltr'>fine</span> <span class='ocrx_word' id='word_1_374' title='bbox 1814 567 1882 611; x_wconf 70' lang='lat' dir='ltr'>jam</span> <span class='ocrx_word' id='word_1_375' title='bbox 1910 565 1963 600; x_wconf 79' lang='lat' dir='ltr'>di-</span> 
     </span>
     <span class='ocr_line' id='line_1_64' title="bbox 1210 611 1962 658; baseline 0.009 -13"><span class='ocrx_word' id='word_1_376' title='bbox 1210 641 1233 658; x_wconf 82' lang='lat'><strong>„</strong></span> <span class='ocrx_word' id='word_1_377' title='bbox 1262 612 1320 646; x_wconf 71' lang='lat' dir='ltr'>&amp;co</span> <span class='ocrx_word' id='word_1_378' title='bbox 1348 611 1458 648; x_wconf 80' lang='lat' dir='ltr'>fluvio</span> <span class='ocrx_word' id='word_1_379' title='bbox 1486 616 1578 650; x_wconf 88' lang='lat' dir='ltr'>Hete</span> <span class='ocrx_word' id='word_1_380' title='bbox 1596 642 1605 650; x_wconf 89' lang='lat'><strong>.</strong></span> <span class='ocrx_word' id='word_1_381' title='bbox 1633 616 1757 651; x_wconf 87' lang='lat' dir='ltr'>Tertia</span> <span class='ocrx_word' id='word_1_382' title='bbox 1784 615 1897 652; x_wconf 79' lang='lat' dir='ltr'>Curre</span> <span class='ocrx_word' id='word_1_383' title='bbox 1925 615 1962 652; x_wconf 68' lang='grc' dir='ltr'>δε</span> 
     </span>
     <span class='ocr_line' id='line_1_65' title="bbox 1210 663 1961 709; baseline 0.008 -13"><span class='ocrx_word' id='word_1_384' title='bbox 1210 691 1233 708; x_wconf 84' lang='lat'>‚‚</span> <span class='ocrx_word' id='word_1_385' title='bbox 1260 663 1470 702; x_wconf 81' lang='lat' dir='ltr'>territoriis,</span> <span class='ocrx_word' id='word_1_386' title='bbox 1507 665 1612 700; x_wconf 82' lang='lat' dir='ltr'>cultis</span> <span class='ocrx_word' id='word_1_387' title='bbox 1647 667 1682 700; x_wconf 88' lang='lat'>&amp;</span> <span class='ocrx_word' id='word_1_388' title='bbox 1717 665 1890 709; x_wconf 83' lang='lat' dir='ltr'>incultis,</span> <span class='ocrx_word' id='word_1_389' title='bbox 1927 668 1961 701; x_wconf 81' lang='grc'>8(</span> 
     </span>
     <span class='ocr_line' id='line_1_66' title="bbox 1162 712 1961 762; baseline 0.006 -15"><span class='ocrx_word' id='word_1_390' title='bbox 1162 734 1183 748; x_wconf 28' lang='grc' dir='ltr'>«κ</span> <span class='ocrx_word' id='word_1_391' title='bbox 1209 741 1233 758; x_wconf 84' lang='lat'><strong>„</strong></span> <span class='ocrx_word' id='word_1_392' title='bbox 1261 713 1439 748; x_wconf 88' lang='lat' dir='ltr'>montibus</span> <span class='ocrx_word' id='word_1_393' title='bbox 1476 712 1514 750; x_wconf 89' lang='lat'>&amp;</span> <span class='ocrx_word' id='word_1_394' title='bbox 1552 716 1702 750; x_wconf 88' lang='lat' dir='ltr'>collibus</span> <span class='ocrx_word' id='word_1_395' title='bbox 1730 714 1769 750; x_wconf 75' lang='grc' dir='ltr'>ὅ(</span> <span class='ocrx_word' id='word_1_396' title='bbox 1799 716 1897 762; x_wconf 87' lang='lat' dir='ltr'>aquis</span> <span class='ocrx_word' id='word_1_397' title='bbox 1925 716 1961 752; x_wconf 57' lang='grc' dir='ltr'>ὃ(</span> 
     </span>
     <span class='ocr_line' id='line_1_67' title="bbox 1180 751 1964 811; baseline 0.008 -16"><span class='ocrx_word' id='word_1_398' title='bbox 1180 751 1183 794; x_wconf 83' lang='lat' dir='ltr'>l</span> <span class='ocrx_word' id='word_1_399' title='bbox 1209 792 1232 809; x_wconf 59' lang='grc' dir='ltr'>υ</span> <span class='ocrx_word' id='word_1_400' title='bbox 1260 764 1472 799; x_wconf 75' lang='lat' dir='ltr'>molendinis</span> <span class='ocrx_word' id='word_1_401' title='bbox 1500 764 1541 799; x_wconf 90' lang='lat' dir='ltr'>de</span> <span class='ocrx_word' id='word_1_402' title='bbox 1568 764 1765 811; x_wconf 61' lang='lat' dir='ltr'>supradicto</span> <span class='ocrx_word' id='word_1_403' title='bbox 1802 768 1882 801; x_wconf 90' lang='lat' dir='ltr'>loco</span> <span class='ocrx_word' id='word_1_404' title='bbox 1911 769 1964 801; x_wconf 89' lang='lat' dir='ltr'>A-</span> 
     </span>
     <span class='ocr_line' id='line_1_68' title="bbox 1208 813 1963 860; baseline 0.007 -13"><span class='ocrx_word' id='word_1_405' title='bbox 1208 842 1232 859; x_wconf 84' lang='lat'>‚,</span> <span class='ocrx_word' id='word_1_406' title='bbox 1260 813 1448 860; x_wconf 82' lang='lat' dir='ltr'>quavibola</span> <span class='ocrx_word' id='word_1_407' title='bbox 1461 840 1588 850; x_wconf 90' lang='grc'><strong>.......</strong></span> <span class='ocrx_word' id='word_1_408' title='bbox 1618 817 1753 860; x_wconf 84' lang='lat' dir='ltr'>Quarta</span> <span class='ocrx_word' id='word_1_409' title='bbox 1781 815 1895 852; x_wconf 81' lang='lat' dir='ltr'>Curre</span> <span class='ocrx_word' id='word_1_410' title='bbox 1922 816 1963 852; x_wconf 88' lang='lat' dir='ltr'>de</span> 
     </span>
     <span class='ocr_line' id='line_1_69' title="bbox 1207 863 1962 911; baseline 0.007 -14"><span class='ocrx_word' id='word_1_411' title='bbox 1207 892 1231 909; x_wconf 80' lang='lat'>‚,</span> <span class='ocrx_word' id='word_1_412' title='bbox 1259 863 1454 911; x_wconf 67' lang='lat' dir='ltr'>lupradicff&#39;to</span> <span class='ocrx_word' id='word_1_413' title='bbox 1482 865 1561 899; x_wconf 89' lang='lat' dir='ltr'>loco</span> <span class='ocrx_word' id='word_1_414' title='bbox 1588 865 1773 901; x_wconf 76' lang='lat' dir='ltr'>Gattucini</span> <span class='ocrx_word' id='word_1_415' title='bbox 1815 867 1873 902; x_wconf 85' lang='lat' dir='ltr'>has</span> <span class='ocrx_word' id='word_1_416' title='bbox 1902 866 1962 902; x_wconf 86' lang='lat' dir='ltr'>ha-</span> 
     </span>
     <span class='ocr_line' id='line_1_70' title="bbox 1208 913 1960 964; baseline 0.008 -18"><span class='ocrx_word' id='word_1_417' title='bbox 1208 943 1231 959; x_wconf 79' lang='lat'><em>„</em></span> <span class='ocrx_word' id='word_1_418' title='bbox 1260 914 1341 947; x_wconf 86' lang='lat' dir='ltr'>bent</span> <span class='ocrx_word' id='word_1_419' title='bbox 1377 913 1493 948; x_wconf 85' lang='lat' dir='ltr'>fines:</span> <span class='ocrx_word' id='word_1_420' title='bbox 1532 915 1573 949; x_wconf 91' lang='lat' dir='ltr'>de</span> <span class='ocrx_word' id='word_1_421' title='bbox 1611 916 1722 962; x_wconf 85' lang='lat' dir='ltr'>prima</span> <span class='ocrx_word' id='word_1_422' title='bbox 1759 926 1855 964; x_wconf 79' lang='lat' dir='ltr'>parte</span> <span class='ocrx_word' id='word_1_423' title='bbox 1891 916 1960 954; x_wconf 85' lang='lat' dir='ltr'>fine</span> 
     </span>
     <span class='ocr_line' id='line_1_71' title="bbox 1208 961 1961 1014; baseline 0.009 -18"><span class='ocrx_word' id='word_1_424' title='bbox 1208 992 1230 1008; x_wconf 82' lang='lat'>„</span> <span class='ocrx_word' id='word_1_425' title='bbox 1261 962 1437 1009; x_wconf 63' lang='lat' dir='ltr'>praedifi‘co</span> <span class='ocrx_word' id='word_1_426' title='bbox 1466 961 1576 999; x_wconf 90' lang='lat' dir='ltr'>fluvio</span> <span class='ocrx_word' id='word_1_427' title='bbox 1604 967 1719 1000; x_wconf 87' lang='lat' dir='ltr'>Hete:</span> <span class='ocrx_word' id='word_1_428' title='bbox 1758 966 1828 1001; x_wconf 83' lang='lat' dir='ltr'>alia</span> <span class='ocrx_word' id='word_1_429' title='bbox 1865 977 1961 1014; x_wconf 84' lang='lat' dir='ltr'>parte</span> 
     </span>
     <span class='ocr_line' id='line_1_72' title="bbox 1206 1012 1960 1064; baseline 0.008 -18"><span class='ocrx_word' id='word_1_430' title='bbox 1206 1041 1230 1058; x_wconf 80' lang='lat'>‚‚</span> <span class='ocrx_word' id='word_1_431' title='bbox 1258 1012 1327 1047; x_wconf 87' lang='lat' dir='ltr'>fine</span> <span class='ocrx_word' id='word_1_432' title='bbox 1351 1012 1482 1047; x_wconf 88' lang='lat' dir='ltr'>bertice</span> <span class='ocrx_word' id='word_1_433' title='bbox 1507 1014 1659 1049; x_wconf 88' lang='lat' dir='ltr'>montis:</span> <span class='ocrx_word' id='word_1_434' title='bbox 1690 1015 1732 1049; x_wconf 90' lang='lat' dir='ltr'>de</span> <span class='ocrx_word' id='word_1_435' title='bbox 1750 1016 1856 1051; x_wconf 87' lang='lat' dir='ltr'>tertia</span> <span class='ocrx_word' id='word_1_436' title='bbox 1883 1030 1960 1064; x_wconf 87' lang='lat' dir='ltr'>par-</span> 
     </span>
     <span class='ocr_line' id='line_1_73' title="bbox 1206 1061 1964 1114; baseline 0.008 -18"><span class='ocrx_word' id='word_1_437' title='bbox 1206 1092 1228 1108; x_wconf 87' lang='lat'>„</span> <span class='ocrx_word' id='word_1_438' title='bbox 1261 1072 1295 1097; x_wconf 86' lang='lat' dir='ltr'>te</span> <span class='ocrx_word' id='word_1_439' title='bbox 1333 1061 1401 1097; x_wconf 88' lang='lat' dir='ltr'>fine</span> <span class='ocrx_word' id='word_1_440' title='bbox 1439 1063 1568 1098; x_wconf 90' lang='lat' dir='ltr'>bertice</span> <span class='ocrx_word' id='word_1_441' title='bbox 1604 1064 1667 1099; x_wconf 86' lang='lat' dir='ltr'>alii</span> <span class='ocrx_word' id='word_1_442' title='bbox 1705 1065 1863 1107; x_wconf 79' lang='lat' dir='ltr'>montis,</span> <span class='ocrx_word' id='word_1_443' title='bbox 1900 1067 1964 1114; x_wconf 86' lang='lat' dir='ltr'>qui</span> 
     </span>
     <span class='ocr_line' id='line_1_74' title="bbox 1208 1112 1963 1163; baseline 0.007 -16"><span class='ocrx_word' id='word_1_444' title='bbox 1208 1142 1230 1157; x_wconf 78' lang='lat'>‚‚</span> <span class='ocrx_word' id='word_1_445' title='bbox 1258 1112 1389 1148; x_wconf 88' lang='lat' dir='ltr'>dicitur</span> <span class='ocrx_word' id='word_1_446' title='bbox 1430 1113 1471 1148; x_wconf 90' lang='lat' dir='ltr'>de</span> <span class='ocrx_word' id='word_1_447' title='bbox 1514 1113 1714 1150; x_wconf 88' lang='lat' dir='ltr'>Redolixi:</span> <span class='ocrx_word' id='word_1_448' title='bbox 1757 1115 1800 1151; x_wconf 89' lang='lat' dir='ltr'>de</span> <span class='ocrx_word' id='word_1_449' title='bbox 1839 1126 1963 1163; x_wconf 85' lang='lat' dir='ltr'>quarta</span> 
     </span>
     <span class='ocr_line' id='line_1_75' title="bbox 1206 1162 1962 1213; baseline 0.007 -16"><span class='ocrx_word' id='word_1_450' title='bbox 1206 1191 1229 1209; x_wconf 80' lang='lat'>‚,</span> <span class='ocrx_word' id='word_1_451' title='bbox 1258 1171 1353 1211; x_wconf 88' lang='lat' dir='ltr'>parte</span> <span class='ocrx_word' id='word_1_452' title='bbox 1390 1162 1458 1198; x_wconf 90' lang='lat' dir='ltr'>fine</span> <span class='ocrx_word' id='word_1_453' title='bbox 1497 1164 1590 1200; x_wconf 83' lang='lat' dir='ltr'>Rabe</span> <span class='ocrx_word' id='word_1_454' title='bbox 1613 1189 1621 1203; x_wconf 91' lang='lat'>,</span> <span class='ocrx_word' id='word_1_455' title='bbox 1659 1178 1746 1213; x_wconf 88' lang='lat' dir='ltr'>quae</span> <span class='ocrx_word' id='word_1_456' title='bbox 1785 1165 1962 1203; x_wconf 83' lang='lat' dir='ltr'>descendit</span> 
     </span>
     <span class='ocr_line' id='line_1_76' title="bbox 1205 1214 1961 1265; baseline 0.007 -17"><span class='ocrx_word' id='word_1_457' title='bbox 1205 1242 1228 1260; x_wconf 86' lang='lat'>‚‚</span> <span class='ocrx_word' id='word_1_458' title='bbox 1256 1215 1297 1249; x_wconf 88' lang='lat' dir='ltr'>de</span> <span class='ocrx_word' id='word_1_459' title='bbox 1325 1214 1399 1262; x_wconf 86' lang='lat' dir='ltr'>ipso</span> <span class='ocrx_word' id='word_1_460' title='bbox 1428 1223 1574 1258; x_wconf 89' lang='lat' dir='ltr'>monte,</span> <span class='ocrx_word' id='word_1_461' title='bbox 1610 1216 1645 1250; x_wconf 89' lang='lat'>&amp;</span> <span class='ocrx_word' id='word_1_462' title='bbox 1683 1215 1796 1264; x_wconf 83' lang='lat' dir='ltr'>pergit</span> <span class='ocrx_word' id='word_1_463' title='bbox 1822 1216 1860 1252; x_wconf 90' lang='lat' dir='ltr'>in</span> <span class='ocrx_word' id='word_1_464' title='bbox 1888 1216 1961 1265; x_wconf 87' lang='lat' dir='ltr'>ipsa</span> 
     </span>
     <span class='ocr_line' id='line_1_77' title="bbox 1205 1264 1962 1315; baseline 0.005 -16"><span class='ocrx_word' id='word_1_465' title='bbox 1205 1293 1228 1311; x_wconf 87' lang='lat'>‚,</span> <span class='ocrx_word' id='word_1_466' title='bbox 1257 1266 1374 1300; x_wconf 83' lang='lat' dir='ltr'>Hete.</span> <span class='ocrx_word' id='word_1_467' title='bbox 1410 1266 1457 1299; x_wconf 88' lang='lat' dir='ltr'>Et</span> <span class='ocrx_word' id='word_1_468' title='bbox 1494 1264 1548 1300; x_wconf 86' lang='lat' dir='ltr'>his</span> <span class='ocrx_word' id='word_1_469' title='bbox 1585 1266 1771 1313; x_wconf 61' lang='lat' dir='ltr'>praedissis</span> <span class='ocrx_word' id='word_1_470' title='bbox 1810 1276 1962 1315; x_wconf 88' lang='lat' dir='ltr'>quatuor</span> 
     </span>
     <span class='ocr_line' id='line_1_78' title="bbox 1204 1313 1963 1361; baseline 0.001 -9"><span class='ocrx_word' id='word_1_471' title='bbox 1204 1344 1228 1361; x_wconf 90' lang='lat'>‚,</span> <span class='ocrx_word' id='word_1_472' title='bbox 1256 1313 1428 1352; x_wconf 88' lang='lat' dir='ltr'>Curtibus</span> <span class='ocrx_word' id='word_1_473' title='bbox 1456 1313 1494 1351; x_wconf 76' lang='grc' dir='ltr'>ὅ(</span> <span class='ocrx_word' id='word_1_474' title='bbox 1531 1316 1721 1352; x_wconf 86' lang='lat' dir='ltr'>territoriis</span> <span class='ocrx_word' id='word_1_475' title='bbox 1757 1318 1791 1352; x_wconf 89' lang='lat'>&amp;</span> <span class='ocrx_word' id='word_1_476' title='bbox 1829 1317 1963 1353; x_wconf 88' lang='lat' dir='ltr'>monti-</span> 
     </span>
     <span class='ocr_line' id='line_1_79' title="bbox 1205 1363 1963 1414; baseline 0.005 -15"><span class='ocrx_word' id='word_1_477' title='bbox 1205 1394 1227 1411; x_wconf 91' lang='lat'><em>„</em></span> <span class='ocrx_word' id='word_1_478' title='bbox 1257 1365 1317 1400; x_wconf 85' lang='lat' dir='ltr'>bus</span> <span class='ocrx_word' id='word_1_479' title='bbox 1345 1363 1383 1401; x_wconf 69' lang='grc' dir='ltr'>ὃ(</span> <span class='ocrx_word' id='word_1_480' title='bbox 1412 1365 1562 1401; x_wconf 84' lang='lat' dir='ltr'>collibus</span> <span class='ocrx_word' id='word_1_481' title='bbox 1599 1364 1637 1402; x_wconf 86' lang='lat'>&amp;</span> <span class='ocrx_word' id='word_1_482' title='bbox 1675 1367 1773 1414; x_wconf 86' lang='lat' dir='ltr'>aquis</span> <span class='ocrx_word' id='word_1_483' title='bbox 1811 1365 1849 1403; x_wconf 86' lang='lat'>&amp;</span> <span class='ocrx_word' id='word_1_484' title='bbox 1886 1381 1963 1403; x_wconf 89' lang='lat' dir='ltr'>mo-</span> 
     </span>
     <span class='ocr_line' id='line_1_80' title="bbox 1204 1416 1962 1464; baseline 0.005 -15"><span class='ocrx_word' id='word_1_485' title='bbox 1204 1444 1227 1461; x_wconf 89' lang='lat'><em>„</em></span> <span class='ocrx_word' id='word_1_486' title='bbox 1255 1416 1407 1451; x_wconf 76' lang='lat' dir='ltr'>lendinis</span> <span class='ocrx_word' id='word_1_487' title='bbox 1449 1429 1528 1451; x_wconf 90' lang='lat' dir='ltr'>cum</span> <span class='ocrx_word' id='word_1_488' title='bbox 1570 1416 1757 1464; x_wconf 73' lang='lat' dir='ltr'>praediE‘tis</span> <span class='ocrx_word' id='word_1_489' title='bbox 1799 1417 1962 1453; x_wconf 84' lang='lat' dir='ltr'>Ecclefiis</span> 
     </span>
     <span class='ocr_line' id='line_1_81' title="bbox 1204 1465 1961 1512; baseline 0.005 -13"><span class='ocrx_word' id='word_1_490' title='bbox 1204 1465 1346 1510; x_wconf 85' lang='lat' dir='ltr'>„infra</span> <span class='ocrx_word' id='word_1_491' title='bbox 1383 1466 1452 1512; x_wconf 88' lang='lat' dir='ltr'>jam</span> <span class='ocrx_word' id='word_1_492' title='bbox 1489 1465 1577 1501; x_wconf 71' lang='lat' dir='ltr'>diffi</span> <span class='ocrx_word' id='word_1_493' title='bbox 1614 1466 1716 1511; x_wconf 83' lang='lat' dir='ltr'>finis,</span> <span class='ocrx_word' id='word_1_494' title='bbox 1754 1467 1853 1503; x_wconf 88' lang='lat' dir='ltr'>fimul</span> <span class='ocrx_word' id='word_1_495' title='bbox 1882 1481 1961 1503; x_wconf 88' lang='lat' dir='ltr'>curn</span> 
     </span>
     <span class='ocr_line' id='line_1_82' title="bbox 1204 1514 1959 1565; baseline 0.007 -17"><span class='ocrx_word' id='word_1_496' title='bbox 1204 1544 1227 1561; x_wconf 78' lang='lat'>‚,</span> <span class='ocrx_word' id='word_1_497' title='bbox 1255 1516 1419 1550; x_wconf 88' lang='lat' dir='ltr'>omnibus</span> <span class='ocrx_word' id='word_1_498' title='bbox 1460 1514 1666 1563; x_wconf 67' lang='lat' dir='ltr'>supradiRis</span> <span class='ocrx_word' id='word_1_499' title='bbox 1703 1517 1829 1556; x_wconf 83' lang='lat' dir='ltr'>rebus,</span> <span class='ocrx_word' id='word_1_500' title='bbox 1870 1531 1959 1565; x_wconf 86' lang='lat' dir='ltr'>quae</span> 
     </span>
     <span class='ocr_line' id='line_1_83' title="bbox 1204 1564 1958 1613; baseline 0.007 -14"><span class='ocrx_word' id='word_1_501' title='bbox 1204 1594 1227 1612; x_wconf 55' lang='grc' dir='ltr'>υ</span> <span class='ocrx_word' id='word_1_502' title='bbox 1256 1566 1325 1613; x_wconf 87' lang='lat' dir='ltr'>jam</span> <span class='ocrx_word' id='word_1_503' title='bbox 1371 1564 1475 1599; x_wconf 57' lang='lat' dir='ltr'>dietis</span> <span class='ocrx_word' id='word_1_504' title='bbox 1519 1576 1669 1612; x_wconf 82' lang='lat' dir='ltr'>quatuor</span> <span class='ocrx_word' id='word_1_505' title='bbox 1709 1565 1882 1603; x_wconf 85' lang='lat' dir='ltr'>Curtibus</span> <span class='ocrx_word' id='word_1_506' title='bbox 1922 1569 1958 1603; x_wconf 83' lang='lat'>&amp;</span> 
     </span>
     <span class='ocr_line' id='line_1_84' title="bbox 1204 1615 1959 1662; baseline 0.004 -12"><span class='ocrx_word' id='word_1_507' title='bbox 1204 1643 1227 1661; x_wconf 82' lang='lat'>‚‚</span> <span class='ocrx_word' id='word_1_508' title='bbox 1255 1615 1465 1654; x_wconf 87' lang='lat' dir='ltr'>territoriis,</span> <span class='ocrx_word' id='word_1_509' title='bbox 1502 1628 1590 1662; x_wconf 87' lang='lat' dir='ltr'>quae</span> <span class='ocrx_word' id='word_1_510' title='bbox 1626 1625 1664 1651; x_wconf 90' lang='lat' dir='ltr'>ut</span> <span class='ocrx_word' id='word_1_511' title='bbox 1702 1616 1886 1660; x_wconf 86' lang='lat' dir='ltr'>diximus,</span> <span class='ocrx_word' id='word_1_512' title='bbox 1923 1627 1959 1653; x_wconf 86' lang='lat' dir='ltr'>at</span> 
     </span>
     <span class='ocr_line' id='line_1_85' title="bbox 1176 1665 1960 1711; baseline 0.004 -10"><span class='ocrx_word' id='word_1_513' title='bbox 1176 1682 1178 1693; x_wconf 84' lang='lat'><strong><em>=</em></strong></span> <span class='ocrx_word' id='word_1_514' title='bbox 1204 1694 1227 1711; x_wconf 84' lang='lat'>,‚</span> <span class='ocrx_word' id='word_1_515' title='bbox 1254 1665 1338 1701; x_wconf 86' lang='lat' dir='ltr'>fines</span> <span class='ocrx_word' id='word_1_516' title='bbox 1375 1665 1648 1709; x_wconf 84' lang='lat' dir='ltr'>declarabimus,</span> <span class='ocrx_word' id='word_1_517' title='bbox 1685 1665 1771 1701; x_wconf 85' lang='lat' dir='ltr'>ficut</span> <span class='ocrx_word' id='word_1_518' title='bbox 1805 1666 1896 1702; x_wconf 88' lang='lat' dir='ltr'>infra</span> <span class='ocrx_word' id='word_1_519' title='bbox 1924 1683 1960 1704; x_wconf 83' lang='lat' dir='ltr'>a-</span> 
     </span>
     <span class='ocr_line' id='line_1_86' title="bbox 1175 1713 1961 1762; baseline 0.004 -11"><span class='ocrx_word' id='word_1_520' title='bbox 1175 1731 1178 1762; x_wconf 75' lang='grc' dir='ltr'>Ι</span> <span class='ocrx_word' id='word_1_521' title='bbox 1204 1745 1226 1762; x_wconf 91' lang='lat'><strong>„</strong></span> <span class='ocrx_word' id='word_1_522' title='bbox 1254 1717 1314 1751; x_wconf 86' lang='lat' dir='ltr'>liis</span> <span class='ocrx_word' id='word_1_523' title='bbox 1342 1714 1514 1752; x_wconf 73' lang='lat' dir='ltr'>Curribus</span> <span class='ocrx_word' id='word_1_524' title='bbox 1541 1713 1580 1751; x_wconf 85' lang='lat'>&amp;</span> <span class='ocrx_word' id='word_1_525' title='bbox 1607 1716 1819 1759; x_wconf 86' lang='lat' dir='ltr'>territoriis,</span> <span class='ocrx_word' id='word_1_526' title='bbox 1853 1719 1961 1754; x_wconf 87' lang='lat' dir='ltr'>cultis</span> 
     </span>
     <span class='ocr_line' id='line_1_87' title="bbox 1175 1764 1960 1812; baseline 0.005 -12"><span class='ocrx_word' id='word_1_527' title='bbox 1175 1767 1178 1812; x_wconf 66' lang='grc' dir='ltr'><em>ξ</em></span> <span class='ocrx_word' id='word_1_528' title='bbox 1204 1795 1227 1812; x_wconf 86' lang='lat'>,‚</span> <span class='ocrx_word' id='word_1_529' title='bbox 1254 1768 1288 1801; x_wconf 88' lang='lat'>&amp;</span> <span class='ocrx_word' id='word_1_530' title='bbox 1316 1765 1484 1809; x_wconf 82' lang='lat' dir='ltr'>incultis,</span> <span class='ocrx_word' id='word_1_531' title='bbox 1522 1764 1560 1801; x_wconf 67' lang='grc' dir='ltr'>ὅ(</span> <span class='ocrx_word' id='word_1_532' title='bbox 1587 1766 1767 1802; x_wconf 86' lang='lat' dir='ltr'>montibus</span> <span class='ocrx_word' id='word_1_533' title='bbox 1794 1768 1826 1802; x_wconf 80' lang='grc'>8(</span> <span class='ocrx_word' id='word_1_534' title='bbox 1856 1769 1960 1804; x_wconf 77' lang='lat' dir='ltr'>colli-</span> 
     </span>
     <span class='ocr_line' id='line_1_88' title="bbox 1176 1816 1959 1863; baseline 0.008 -14"><span class='ocrx_word' id='word_1_535' title='bbox 1176 1822 1178 1849; x_wconf 67' lang='lat'>5</span> <span class='ocrx_word' id='word_1_536' title='bbox 1204 1846 1227 1862; x_wconf 88' lang='lat'>„</span> <span class='ocrx_word' id='word_1_537' title='bbox 1256 1818 1316 1852; x_wconf 83' lang='lat' dir='ltr'>bus</span> <span class='ocrx_word' id='word_1_538' title='bbox 1344 1818 1378 1851; x_wconf 93' lang='lat'>&amp;</span> <span class='ocrx_word' id='word_1_539' title='bbox 1405 1816 1504 1863; x_wconf 86' lang='lat' dir='ltr'>aquis</span> <span class='ocrx_word' id='word_1_540' title='bbox 1531 1817 1564 1851; x_wconf 89' lang='lat'>&amp;</span> <span class='ocrx_word' id='word_1_541' title='bbox 1590 1817 1825 1857; x_wconf 84' lang='lat' dir='ltr'>molendinis,</span> <span class='ocrx_word' id='word_1_542' title='bbox 1851 1818 1959 1855; x_wconf 83' lang='lat' dir='ltr'>semet</span> 
     </span>
     <span class='ocr_line' id='line_1_89' title="bbox 1176 1866 1959 1916; baseline 0.004 -14"><span class='ocrx_word' id='word_1_543' title='bbox 1176 1880 1178 1894; x_wconf 62' lang='grc' dir='ltr'>ι’</span> <span class='ocrx_word' id='word_1_544' title='bbox 1205 1896 1227 1912; x_wconf 90' lang='lat'>‚,</span> <span class='ocrx_word' id='word_1_545' title='bbox 1255 1866 1417 1902; x_wconf 83' lang='lat' dir='ltr'>Ecclefiis</span> <span class='ocrx_word' id='word_1_546' title='bbox 1445 1866 1589 1915; x_wconf 75' lang='lat' dir='ltr'>prae-fati</span> <span class='ocrx_word' id='word_1_547' title='bbox 1616 1866 1821 1903; x_wconf 73' lang='lat' dir='ltr'>lvionasterii</span> <span class='ocrx_word' id='word_1_548' title='bbox 1851 1870 1959 1916; x_wconf 72' lang='lat' dir='ltr'>perti·-</span> 
     </span>
     <span class='ocr_line' id='line_1_90' title="bbox 1204 1917 1959 1963; baseline 0.003 -11"><span class='ocrx_word' id='word_1_549' title='bbox 1204 1946 1228 1962; x_wconf 82' lang='lat'><strong>„</strong></span> <span class='ocrx_word' id='word_1_550' title='bbox 1255 1917 1441 1955; x_wconf 71' lang='lat' dir='ltr'>uentibus,</span> <span class='ocrx_word' id='word_1_551' title='bbox 1477 1930 1625 1963; x_wconf 87' lang='lat' dir='ltr'>quorum</span> <span class='ocrx_word' id='word_1_552' title='bbox 1663 1918 1822 1953; x_wconf 83' lang='lat' dir='ltr'>omnium</span> <span class='ocrx_word' id='word_1_553' title='bbox 1860 1918 1959 1955; x_wconf 73' lang='lat' dir='ltr'>simul</span> 
     </span>
     <span class='ocr_line' id='line_1_91' title="bbox 1204 1966 1959 2016; baseline 0.001 -13"><span class='ocrx_word' id='word_1_554' title='bbox 1204 1997 1228 2013; x_wconf 89' lang='lat'>‚,</span> <span class='ocrx_word' id='word_1_555' title='bbox 1257 1968 1310 2003; x_wconf 83' lang='lat' dir='ltr'>his</span> <span class='ocrx_word' id='word_1_556' title='bbox 1338 1966 1481 2016; x_wconf 77' lang='lat' dir='ltr'>majoris</span> <span class='ocrx_word' id='word_1_557' title='bbox 1519 1967 1599 2002; x_wconf 73' lang='lat' dir='ltr'>finis</span> <span class='ocrx_word' id='word_1_558' title='bbox 1627 1968 1861 2004; x_wconf 82' lang='lat' dir='ltr'>indicabimus</span> <span class='ocrx_word' id='word_1_559' title='bbox 1899 1969 1959 2004; x_wconf 80' lang='lat' dir='ltr'>ha—</span> 
     </span>
     <span class='ocr_line' id='line_1_92' title="bbox 1205 2017 1958 2067; baseline 0.001 -13"><span class='ocrx_word' id='word_1_560' title='bbox 1205 2047 1227 2064; x_wconf 86' lang='lat'><em>„</em></span> <span class='ocrx_word' id='word_1_561' title='bbox 1257 2020 1354 2054; x_wconf 87' lang='lat' dir='ltr'>bere:</span> <span class='ocrx_word' id='word_1_562' title='bbox 1388 2017 1472 2053; x_wconf 79' lang='lat' dir='ltr'>idest</span> <span class='ocrx_word' id='word_1_563' title='bbox 1499 2018 1539 2052; x_wconf 88' lang='lat' dir='ltr'>de</span> <span class='ocrx_word' id='word_1_564' title='bbox 1568 2032 1634 2054; x_wconf 87' lang='lat' dir='ltr'>una</span> <span class='ocrx_word' id='word_1_565' title='bbox 1663 2030 1758 2067; x_wconf 79' lang='lat' dir='ltr'>parte</span> <span class='ocrx_word' id='word_1_566' title='bbox 1786 2019 1856 2055; x_wconf 74' lang='lat' dir='ltr'>fine</span> <span class='ocrx_word' id='word_1_567' title='bbox 1883 2022 1958 2055; x_wconf 84' lang='lat' dir='ltr'>Ser—</span> 
     </span>
     <span class='ocr_line' id='line_1_93' title="bbox 1205 2069 1958 2116; baseline 0.004 -13"><span class='ocrx_word' id='word_1_568' title='bbox 1205 2097 1228 2114; x_wconf 78' lang='lat'><em>„</em></span> <span class='ocrx_word' id='word_1_569' title='bbox 1256 2083 1291 2104; x_wconf 89' lang='lat' dir='ltr'>ra</span> <span class='ocrx_word' id='word_1_570' title='bbox 1320 2069 1361 2104; x_wconf 90' lang='lat' dir='ltr'>de</span> <span class='ocrx_word' id='word_1_571' title='bbox 1399 2077 1541 2111; x_wconf 88' lang='lat' dir='ltr'>monte,</span> <span class='ocrx_word' id='word_1_572' title='bbox 1579 2069 1640 2116; x_wconf 83' lang='lat' dir='ltr'>qui</span> <span class='ocrx_word' id='word_1_573' title='bbox 1677 2069 1809 2105; x_wconf 86' lang='lat' dir='ltr'>dicitur</span> <span class='ocrx_word' id='word_1_574' title='bbox 1847 2072 1958 2106; x_wconf 74' lang='lat' dir='ltr'>Here-</span> 
     </span>
     <span class='ocr_line' id='line_1_94' title="bbox 1205 2118 1959 2168; baseline 0.003 -14"><span class='ocrx_word' id='word_1_575' title='bbox 1205 2147 1227 2164; x_wconf 92' lang='lat'>„</span> <span class='ocrx_word' id='word_1_576' title='bbox 1256 2119 1402 2155; x_wconf 88' lang='lat' dir='ltr'>monio:</span> <span class='ocrx_word' id='word_1_577' title='bbox 1432 2120 1474 2155; x_wconf 89' lang='lat' dir='ltr'>de</span> <span class='ocrx_word' id='word_1_578' title='bbox 1502 2118 1646 2154; x_wconf 84' lang='lat' dir='ltr'>secunda</span> <span class='ocrx_word' id='word_1_579' title='bbox 1674 2129 1770 2168; x_wconf 82' lang='lat' dir='ltr'>parte</span> <span class='ocrx_word' id='word_1_580' title='bbox 1797 2119 1866 2155; x_wconf 84' lang='lat' dir='ltr'>fine</span> <span class='ocrx_word' id='word_1_581' title='bbox 1895 2120 1959 2157; x_wconf 83' lang='lat' dir='ltr'>flu·—</span> 
     </span>
     <span class='ocr_line' id='line_1_95' title="bbox 1175 2170 1956 2344; baseline 0.001 -139"><span class='ocrx_word' id='word_1_582' title='bbox 1175 2178 1179 2344; x_wconf 64' lang='lat'><em>³</em></span> <span class='ocrx_word' id='word_1_583' title='bbox 1205 2197 1228 2215; x_wconf 86' lang='lat'>‚,</span> <span class='ocrx_word' id='word_1_584' title='bbox 1255 2170 1316 2205; x_wconf 91' lang='lat' dir='ltr'>vio</span> <span class='ocrx_word' id='word_1_585' title='bbox 1344 2170 1522 2218; x_wconf 64' lang='lat' dir='ltr'>praedicto</span> <span class='ocrx_word' id='word_1_586' title='bbox 1540 2198 1550 2213; x_wconf 88' lang='lat'>‚</span> <span class='ocrx_word' id='word_1_587' title='bbox 1586 2170 1648 2217; x_wconf 81' lang='lat' dir='ltr'>qui</span> <span class='ocrx_word' id='word_1_588' title='bbox 1685 2170 1816 2206; x_wconf 83' lang='lat' dir='ltr'>dicitur</span> <span class='ocrx_word' id='word_1_589' title='bbox 1843 2173 1956 2206; x_wconf 85' lang='lat' dir='ltr'>Hete:</span> 
     </span>
    </p>
   </div>
   <div class='ocr_carea' id='block_1_25' title="bbox 1182 544 1186 627">
    <p class='ocr_par' dir='ltr' id='par_1_25' title="bbox 1182 544 1186 627">
     <span class='ocr_line' id='line_1_96' title="bbox 1182 544 1186 627; baseline 0 2478"><span class='ocrx_word' id='word_1_590' title='bbox 1182 544 1186 627; x_wconf 95' lang='lat' dir='ltr'> </span> 
     </span>
    </p>
   </div>
   <div class='ocr_carea' id='block_1_26' title="bbox 1181 637 1185 728">
    <p class='ocr_par' dir='ltr' id='par_1_26' title="bbox 1181 637 1185 728">
     <span class='ocr_line' id='line_1_97' title="bbox 1181 637 1185 728; baseline 0 2377"><span class='ocrx_word' id='word_1_591' title='bbox 1181 637 1185 728; x_wconf 95' lang='lat' dir='ltr'> </span> 
     </span>
    </p>
   </div>
   <div class='ocr_carea' id='block_1_27' title="bbox 1176 1058 1181 2004">
    <p class='ocr_par' dir='ltr' id='par_1_27' title="bbox 1176 1058 1181 2004">
     <span class='ocr_line' id='line_1_98' title="bbox 1176 1058 1181 2004; baseline 0 0"><span class='ocrx_word' id='word_1_592' title='bbox 1176 1058 1181 2004; x_wconf 95' lang='lat' dir='ltr'> </span> 
     </span>
    </p>
   </div>
   <div class='ocr_carea' id='block_1_28' title="bbox 1204 2219 1959 2520">
    <p class='ocr_par' dir='ltr' id='par_1_28' title="bbox 1204 2219 1959 2520">
     <span class='ocr_line' id='line_1_99' title="bbox 1205 2219 1959 2269; baseline 0.001 -14"><span class='ocrx_word' id='word_1_593' title='bbox 1205 2248 1229 2265; x_wconf 85' lang='lat'>‚,</span> <span class='ocrx_word' id='word_1_594' title='bbox 1256 2220 1297 2256; x_wconf 93' lang='lat' dir='ltr'>de</span> <span class='ocrx_word' id='word_1_595' title='bbox 1319 2220 1424 2256; x_wconf 85' lang='lat' dir='ltr'>tertia</span> <span class='ocrx_word' id='word_1_596' title='bbox 1453 2231 1549 2269; x_wconf 82' lang='lat' dir='ltr'>parte</span> <span class='ocrx_word' id='word_1_597' title='bbox 1577 2220 1645 2256; x_wconf 85' lang='lat' dir='ltr'>fine</span> <span class='ocrx_word' id='word_1_598' title='bbox 1674 2219 1785 2256; x_wconf 85' lang='lat' dir='ltr'>fluvio</span> <span class='ocrx_word' id='word_1_599' title='bbox 1812 2222 1959 2256; x_wconf 87' lang='lat' dir='ltr'>Voltur-</span> 
     </span>
     <span class='ocr_line' id='line_1_100' title="bbox 1205 2270 1958 2320; baseline 0 -14"><span class='ocrx_word' id='word_1_600' title='bbox 1205 2299 1228 2317; x_wconf 91' lang='lat'><strong>„</strong></span> <span class='ocrx_word' id='word_1_601' title='bbox 1255 2283 1328 2306; x_wconf 85' lang='lat' dir='ltr'>no:</span> <span class='ocrx_word' id='word_1_602' title='bbox 1367 2272 1409 2306; x_wconf 91' lang='lat' dir='ltr'>de</span> <span class='ocrx_word' id='word_1_603' title='bbox 1445 2282 1568 2319; x_wconf 83' lang='lat' dir='ltr'>quarta</span> <span class='ocrx_word' id='word_1_604' title='bbox 1605 2281 1702 2320; x_wconf 84' lang='lat' dir='ltr'>parte</span> <span class='ocrx_word' id='word_1_605' title='bbox 1737 2270 1806 2306; x_wconf 90' lang='lat' dir='ltr'>fine</span> <span class='ocrx_word' id='word_1_606' title='bbox 1843 2271 1958 2315; x_wconf 82' lang='lat' dir='ltr'>Ribo,</span> 
     </span>
     <span class='ocr_line' id='line_1_101' title="bbox 1205 2320 1957 2369; baseline -0.003 -12"><span class='ocrx_word' id='word_1_607' title='bbox 1205 2350 1229 2366; x_wconf 89' lang='lat'>„</span> <span class='ocrx_word' id='word_1_608' title='bbox 1256 2321 1317 2369; x_wconf 88' lang='lat' dir='ltr'>qui</span> <span class='ocrx_word' id='word_1_609' title='bbox 1345 2321 1477 2365; x_wconf 82' lang='lat' dir='ltr'>dicitur</span> <span class='ocrx_word' id='word_1_610' title='bbox 1501 2321 1692 2359; x_wconf 76' lang='lat' dir='ltr'>Cerbarioz</span> <span class='ocrx_word' id='word_1_611' title='bbox 1722 2320 1847 2357; x_wconf 87' lang='lat' dir='ltr'>deinde</span> <span class='ocrx_word' id='word_1_612' title='bbox 1870 2334 1957 2368; x_wconf 84' lang='lat' dir='ltr'>quo-</span> 
     </span>
     <span class='ocr_line' id='line_1_102' title="bbox 1204 2371 1957 2422; baseline -0.003 -15"><span class='ocrx_word' id='word_1_613' title='bbox 1204 2399 1227 2417; x_wconf 76' lang='lat'><em>„</em></span> <span class='ocrx_word' id='word_1_614' title='bbox 1255 2372 1360 2407; x_wconf 89' lang='lat' dir='ltr'>modo</span> <span class='ocrx_word' id='word_1_615' title='bbox 1396 2372 1505 2409; x_wconf 86' lang='lat' dir='ltr'>tradit</span> <span class='ocrx_word' id='word_1_616' title='bbox 1541 2386 1601 2422; x_wconf 90' lang='lat' dir='ltr'>per</span> <span class='ocrx_word' id='word_1_617' title='bbox 1628 2381 1764 2408; x_wconf 86' lang='lat' dir='ltr'>montes</span> <span class='ocrx_word' id='word_1_618' title='bbox 1790 2373 1823 2406; x_wconf 86' lang='lat'>&amp;</span> <span class='ocrx_word' id='word_1_619' title='bbox 1850 2371 1957 2406; x_wconf 86' lang='lat' dir='ltr'>valles</span> 
     </span>
     <span class='ocr_line' id='line_1_103' title="bbox 1204 2421 1957 2470; baseline -0.007 -11"><span class='ocrx_word' id='word_1_620' title='bbox 1204 2451 1227 2467; x_wconf 90' lang='lat'><strong>„</strong></span> <span class='ocrx_word' id='word_1_621' title='bbox 1257 2423 1361 2470; x_wconf 88' lang='lat' dir='ltr'>usque</span> <span class='ocrx_word' id='word_1_622' title='bbox 1389 2422 1425 2458; x_wconf 90' lang='lat' dir='ltr'>in</span> <span class='ocrx_word' id='word_1_623' title='bbox 1455 2423 1630 2470; x_wconf 59' lang='lat' dir='ltr'>praedicta</span> <span class='ocrx_word' id='word_1_624' title='bbox 1665 2425 1760 2458; x_wconf 89' lang='lat' dir='ltr'>Serra</span> <span class='ocrx_word' id='word_1_625' title='bbox 1788 2421 1828 2456; x_wconf 84' lang='lat' dir='ltr'>de</span> <span class='ocrx_word' id='word_1_626' title='bbox 1856 2433 1957 2455; x_wconf 87' lang='lat' dir='ltr'>mon—</span> 
     </span>
     <span class='ocr_line' id='line_1_104' title="bbox 1204 2470 1959 2520; baseline -0.005 -11"><span class='ocrx_word' id='word_1_627' title='bbox 1204 2501 1228 2515; x_wconf 68' lang='lat'>„</span> <span class='ocrx_word' id='word_1_628' title='bbox 1257 2484 1291 2509; x_wconf 85' lang='lat' dir='ltr'>te</span> <span class='ocrx_word' id='word_1_629' title='bbox 1309 2502 1317 2516; x_wconf 80' lang='lat'>‚</span> <span class='ocrx_word' id='word_1_630' title='bbox 1347 2474 1408 2520; x_wconf 87' lang='lat' dir='ltr'>qui</span> <span class='ocrx_word' id='word_1_631' title='bbox 1437 2474 1569 2510; x_wconf 84' lang='lat' dir='ltr'>dicitur</span> <span class='ocrx_word' id='word_1_632' title='bbox 1594 2470 1836 2511; x_wconf 77' lang='lat' dir='ltr'>Heremonio,</span> <span class='ocrx_word' id='word_1_633' title='bbox 1872 2484 1959 2518; x_wconf 80' lang='lat' dir='ltr'>quae</span> 
     </span>
    </p>
   </div>
   <div class='ocr_carea' id='block_1_29' title="bbox 1173 2345 1177 2414">
    <p class='ocr_par' dir='ltr' id='par_1_29' title="bbox 1173 2345 1177 2414">
     <span class='ocr_line' id='line_1_105' title="bbox 1173 2345 1177 2414; baseline 0 691"><span class='ocrx_word' id='word_1_634' title='bbox 1173 2345 1177 2414; x_wconf 95' lang='lat' dir='ltr'> </span> 
     </span>
    </p>
   </div>
   <div class='ocr_carea' id='block_1_30' title="bbox 1173 2418 1176 2514">
    <p class='ocr_par' dir='ltr' id='par_1_30' title="bbox 1173 2418 1176 2514">
     <span class='ocr_line' id='line_1_106' title="bbox 1173 2418 1176 2514; baseline 0 591"><span class='ocrx_word' id='word_1_635' title='bbox 1173 2418 1176 2514; x_wconf 95' lang='lat' dir='ltr'> </span> 
     </span>
    </p>
   </div>
   <div class='ocr_carea' id='block_1_31' title="bbox 333 2523 1539 2574">
    <p class='ocr_par' dir='ltr' id='par_1_31' title="bbox 333 2523 1539 2574">
     <span class='ocr_line' id='line_1_107' title="bbox 333 2523 1539 2574; baseline -0.002 -13"><span class='ocrx_word' id='word_1_636' title='bbox 333 2553 356 2572; x_wconf 79' lang='lat'><strong>„</strong></span> <span class='ocrx_word' id='word_1_637' title='bbox 382 2538 444 2565; x_wconf 73' lang='lat' dir='ltr'>za,</span> <span class='ocrx_word' id='word_1_638' title='bbox 471 2538 559 2574; x_wconf 85' lang='lat' dir='ltr'>quae</span> <span class='ocrx_word' id='word_1_639' title='bbox 581 2524 713 2561; x_wconf 82' lang='lat' dir='ltr'>dicitur</span> <span class='ocrx_word' id='word_1_640' title='bbox 735 2526 985 2573; x_wconf 75' lang='lat' dir='ltr'>Aquavibola,</span> <span class='ocrx_word' id='word_1_641' title='bbox 1006 2525 1123 2573; x_wconf 67' lang='lat' dir='ltr'>qua—2?</span> <span class='ocrx_word' id='word_1_642' title='bbox 1172 2523 1175 2566; x_wconf 63' lang='grc' dir='ltr'><em>ἶ</em></span> <span class='ocrx_word' id='word_1_643' title='bbox 1203 2552 1226 2567; x_wconf 76' lang='lat'>‚‚</span> <span class='ocrx_word' id='word_1_644' title='bbox 1256 2525 1300 2559; x_wconf 84' lang='lat' dir='ltr'>est</span> <span class='ocrx_word' id='word_1_645' title='bbox 1328 2525 1424 2573; x_wconf 82' lang='lat' dir='ltr'>prior</span> <span class='ocrx_word' id='word_1_646' title='bbox 1450 2524 1539 2560; x_wconf 86' lang='lat' dir='ltr'>fine.</span> 
     </span>
    </p>
   </div>
   <div class='ocr_carea' id='block_1_32' title="bbox 1755 2572 1910 2616">
    <p class='ocr_par' dir='ltr' id='par_1_32' title="bbox 1755 2572 1910 2616">
     <span class='ocr_line' id='line_1_108' title="bbox 1755 2572 1910 2616; baseline 0.013 -11"><span class='ocrx_word' id='word_1_647' title='bbox 1755 2598 1780 2616; x_wconf 70' lang='lat'>‚‚</span> <span class='ocrx_word' id='word_1_648' title='bbox 1808 2572 1910 2607; x_wconf 85' lang='lat' dir='ltr'>Unde</span> 
     </span>
    </p>
   </div>
   <div class='ocr_carea' id='block_1_33' title="bbox 2212 59 2216 758">
    <p class='ocr_par' dir='ltr' id='par_1_33' title="bbox 2212 59 2216 758">
     <span class='ocr_line' id='line_1_109' title="bbox 2212 59 2216 758; baseline 0 0"><span class='ocrx_word' id='word_1_649' title='bbox 2212 59 2216 758; x_wconf 95' lang='lat' dir='ltr'> </span> 
     </span>
    </p>
   </div>
  </div>
 </body>
</html>
