2216 3105
436 235 518 275 727
700 217 1161 261 BENVENUTI
1219 216 1669 261 IMOLENSIS
1852 224 1937 278 728

374 278 516 326 *sepeliri
541 304 551 321 ,
592 276 795 325 respondit:
838 280 881 314 ad
922 279 1133 313 Carnus-ium.
1174 278 1201 312 A
1239 276 1299 323 qui
1327 289 1396 312 non
1423 276 1515 313 τεὸῑιε
1552 271 1741 326 sequuntur
1777 278 1889 328 ipsum
1920 283 1994 316 Do-

378 332 464 365 Erat
491 337 606 363 autem
634 328 868 368 Carnarium,
905 328 965 364 ubi
993 328 1135 376 sepelie—
1240 326 1408 363 minicum
1453 328 1622 364 Pastorem
1665 329 1762 364 suurn
1788 342 1801 378 3
1842 331 1991 366 dicens:

379 380 506 414 bantur
526 392 670 427 corpora
690 379 933 415 damnatorum
955 389 1053 415 extra
1069 378 1135 414 As·
1241 379 1302 412 Ma
1328 377 1353 412 il
1381 378 1439 423 suo
1461 380 1602 424 peculio,
1638 379 1744 425 idest,
1780 394 1863 430 grex
1891 380 1993 429 ipfius

378 429 513 465 filium.
550 431 596 465 Et
623 430 673 465 ibi
702 429 873 477 sepultum
902 429 972 465 fuit
998 431 1135 477 Corpus
1241 427 1341 463 Beati
1368 429 1553 465 Dominici

377 481 480 517 Beati
501 479 695 516 francisci.
724 480 800 516 Ubi
822 480 933 527 postea
957 480 1047 516 faE'ca
1067 480 1135 515 fuit
1290 499 1307 505 -
1332 499 1348 504 -
1374 500 1392 505 —
1416 501 1432 505 -
1458 481 1625 516 dinuova
1650 482 1800 517 vivanda

378 543 504 578 magna
540 532 575 566 &
612 530 786 566 sumtuosa
822 531 972 566 Ecclesia
996 559 1007 575 ‚
1046 544 1135 578 quae
1291 529 1333 564 E·
1355 529 1439 573 fatto
1461 531 1603 577 ghiotto,

378 581 484 617 hodie
512 581 553 616 ab
582 581 717 616 Italicis
754 594 815 628 pro
851 590 952 615 tanto
977 583 1135 628 Corpore

379 631 540 667 vifitatur
580 633 615 667 δε
657 630 881 666 celeberrime
921 641 1136 673 veneratur,

374 682 416 718 ἃ
448 683 544 717 locus
582 682 644 717 ille
671 681 831 717 redufflus
861 681 906 716 est
943 681 1036 717 intra
1063 695 1136 717 am-

379 733 492 768 bitum
522 745 699 767 murorum
728 731 920 767 Civitatis.

429 782 531 827 Pensa
556 795 610 817 ora
635 782 701 816 mai
723 802 1036 809 --------

380 833 473 870 Heic
498 834 624 868 Beatus
648 831 805 868 Thomas
825 833 866 868 de
887 833 1034 881 Aquino
1062 846 1136 875 per-

1244 579 1313 614 Ista
1330 578 1432 615 litera
1460 581 1568 628 potest
1592 581 1751 631 intelligi
1788 583 1993 631 fimpliciter

1241 643 1302 677 pro
1331 639 1370 664 ut
1396 629 1516 668 sonat,
1544 630 1677 667 scilicet
1704 633 1798 680 quod
1823 635 1882 670 ubi
1911 636 1993 669 Fra—

1241 688 1309 715 tres
1331 679 1588 714 praedicatores
1614 680 1803 717 solebant·
1793 685 1994 732 impingua-

1181 730 1208 764 E
1241 729 1271 764 ri
1300 730 1384 764 bene
1422 742 1483 775 pro
1519 729 1660 769 anima,
1697 744 1788 767 nunc
1825 741 1995 780 quaerunt

1241 778 1456 826 impinguari
1486 792 1546 825 pro
1574 792 1745 829 corpore·
1784 782 1818 816 8<
1854 781 1933 818 sunt
1960 797 1997 818 a·-

1242 829 1317 864 vidi
1345 829 1431 865 novi
1459 828 1555 873 cibi,
1593 839 1676 878 puta
1705 831 1887 872 carnium,
1915 845 1998 880 quas

380 884 478 919 cursa
507 883 659 919 breviter
685 883 761 918 vita
799 883 899 919 Beati
940 884 1136 923 francisci,
1241 880 1395 916 comede
1395 893 1420 915 ·e
1457 893 1495 928 pr
1481 893 1539 915 ,υο
1521 880 1708 930 ibentur3
1747 882 1829 931 quia
1865 897 1899 917 γι
1893 884 1999 917 'timur

381 948 469 982 quae
505 933 655 970 faciebat
691 933 732 969 ad
769 933 1043 969 declarationem
1075 934 1138 969 du-
1241 931 1274 965 in
1300 931 1455 965 vestm-tn
1493 933 1540 966 Et
1575 931 1683 980 potest
1718 931 1876 982 intelligi
1913 934 1999 969 alle-

383 985 460 1024 bii,
498 997 588 1020 nunc
626 983 808 1032 respondet
843 984 885 1020 ad
925 984 1137 1021 solutionem
1240 981 1379 1030 gerice,
1417 980 1573 1024 scilicet,
1611 981 1705 1030 quod
1737 993 1909 1030 quaerunt
1935 996 1999 1018 no·

382 1035 509 1084 quaesti
513 1035 610 1075 onis,
647 1035 849 1079 ostendens,
886 1042 1031 1082 quomedo
1065 1037 1140 1071 bene
1240 1040 1323 1067 vum
1355 1031 1512 1072 vietum,
1540 1041 1622 1080 puta
1651 1033 1908 1080 praelationes,
1944 1034 1999 1069 di-

398 1087 472 1131 κιρίι
473 1097 561 1133 agunt
549 1099 600 1120 mr
627 1086 660 1120 in
685 1087 802 1120 Ordine
829 1086 927 1121 Beati
953 1082 1416 1130 francisi‚gn1tates,
1443 1084 1477 1117 δί
1499 1082 1654 1118 'honores
1671 1111 1681 1128 ‚
1708 1081 1746 1119 ἃ,
1774 1084 1879 1120 talia.
1917 1083 1999 1119 Ideo

386 1137 444 1179 ιεξίί
470 1148 598 1172 vacetur
623 1151 656 1171 ἰιι
653 1138 704 1171 ,ιιι”
706 1137 785 1171 tati.
823 1139 869 1172 Et
906 1136 1021 1184 primo
1057 1149 1140 1172 con·
1216 1134 1420 1181 ll'equitur:

385 1190 415 1223 ε’
421 1188 522 1231 adit,
560 1187 737 1235 quomodo
776 1188 902 1222 Beatus
939 1186 1140 1222 Franciscus
1174 1178 1220 1228 C?

384 1239 507 1274 habuit
537 1239 666 1274 bonum
695 1237 827 1273 socium
853 1238 894 1273 ad
921 1237 1138 1286 dirigendam
1166 1239 1169 1297 Ξ

384 1289 572 1325 Ecclesiam
616 1288 708 1328 Dei,
751 1287 868 1324 dicens
895 1301 904 1323 :
948 1290 1050 1329 Pensa
1089 1299 1169 1323 oral

384 1341 449 1376 mai
476 1340 510 1375 hi
516 1354 529 1375 s
557 1339 598 1375 de
627 1341 736 1375 Beato
775 1338 957 1374 francisco
985 1338 1140 1378 auditis,
1168 1324 1170 1373 Ξ

383 1391 420 1427 in
450 1405 518 1439 quo
546 1390 614 1426 fuit
641 1399 739 1425 tanta
768 1389 960 1437 perfe&io:

1291 1204 1307 1210 -
1334 1205 1350 1210 ·-
1376 1205 1391 1210 —
1419 1204 1435 1210 -
1463 1185 1490 1217 si
1517 1183 1646 1229 ch’effer
1672 1199 1732 1219 mm
1756 1195 1871 1231 paon,

1291 1235 1356 1268 Che
1380 1246 1436 1279 per
1461 1235 1581 1276 diversi
1600 1236 1683 1280 salci
1708 1248 1768 1269 non
1788 1236 1821 1276 st
1852 1235 1999 1280 spanda.

1241 1283 1350 1323 Idest,
1381 1285 1467 1332 quin
1495 1284 1711 1333 dispergatur
1737 1299 1821 1334 grex
1859 1299 1918 1332 per
1943 1284 1998 1320 di-

1243 1335 1336 1371 versa
1365 1336 1511 1384 palma,
1539 1335 1674 1371 scilicet
1695 1335 1918 1371 dele&abi1ia
1945 1337 1999 1370 lo-

1243 1400 1302 1430 ca,
1340 1399 1399 1434 per
1435 1399 1522 1433 quae
1552 1397 1721 1435 vagantur
1757 1387 1853 1433 saepe
1881 1397 1999 1434 greges

435 1464 450 1469 -
478 1464 492 1468 -
520 1463 535 1468 -
562 1463 579 1467 -
605 1442 680 1488 qual
701 1442 741 1484 su
768 1441 869 1480 colui,
897 1461 912 1466 -
939 1460 954 1466 -
982 1460 998 1465 —
1025 1460 1040 1466 -
1168 1416 1173 1491 Ξ
1242 1437 1413 1475 libenter,
1441 1439 1471 1470 ἂ
1503 1436 1547 1471 fic
1575 1439 1786 1484 perduntur
1814 1438 1846 1471 8<
1868 1450 1887 1471 a
1907 1436 1999 1482 lupis

386 1492 546 1532 scilicet,
576 1491 812 1530 Dominicm,
1169 1494 1174 1617 Ι
1243 1486 1374 1533 saepius
1403 1486 1632 1520 demorantur
1670 1486 1726 1519 Est
1761 1487 1855 1520 enim
1893 1485 1998 1519 saltus

437 1563 622 1570 —————
649 1543 699 1576 che
726 1544 825 1588 degne
1243 1537 1340 1570 locus
1378 1534 1540 1570 herbosus
1577 1534 1615 1569 ἃ
1652 1534 1877 1574 montuosus
1914 1534 1998 1579 ficut

435 1594 565 1639 Collega
588 1593 625 1635 fu
652 1612 921 1618 -------
1170 1620 1174 1625 ,
1219 1617 1222 1634 ,
1244 1585 1339 1633 saepe
1368 1594 1463 1633 patet
1500 1586 1589 1632 apud
1626 1585 1790 1632 antiquos
1816 1575 1997 1620 auffiores.

383 1643 491 1687 idest,
518 1642 630 1678 locius
660 1642 696 1676 in
724 1640 844 1676 officio
873 1639 1047 1688 dirigendi
1075 1642 1123 1675 E:
1127 1660 1142 1665 —
1170 1647 1213 1680 D
1245 1638 1300 1671 U
1294 1635 1346 1671 de
1374 1635 1514 1670 subdit:

386 1693 522 1730 cleliam
552 1693 640 1728 Dei.
670 1692 770 1726 Unde
797 1690 867 1726 dici
873 1700 910 1725 t:
1168 1667 1173 1823 Ι
1296 1689 1326 1720 Ε
1353 1700 1389 1719 οι
1385 1695 1468 1718 anto
1495 1685 1524 1718 le
1544 1685 1600 1728 sue
1624 1696 1663 1728 pe
1665 1697 1727 1718 :we
1754 1685 1845 1719 rimot
1847 1698 1886 1725 e,

436 1766 451 1770 —
479 1766 495 1770 —
522 1765 538 1769 -
566 1765 581 1769 -
609 1758 627 1777 a
654 1752 814 1776 mantener
840 1742 873 1776 la
899 1743 993 1776 barca
1246 1735 1300 1770 ide
1304 1735 1349 1777 st
1379 1736 1512 1770 Fratres
1542 1733 1617 1769 sui:

1296 1789 1328 1820 E
1353 1787 1540 1832 znvgabonde
1564 1785 1624 1829 piu
1649 1787 1693 1819 da
1718 1784 1775 1829 esso
1799 1799 1907 1820 vanno
1921 1800 1942 1828 ,-

1246 1836 1312 1871 hoc
1339 1836 1406 1877 est,
1433 1844 1566 1882 quanto
1593 1845 1708 1870 errant
1733 1837 1765 1870 ἃ
1793 1839 2002 1884 elongantur

435 1795 483 1830 Di
510 1794 615 1827 Pimo
642 1812 828 1819 -----
1169 1826 1172 1836 ,

383 1844 467 1881 idest
493 1868 502 1883 ‚
545 1843 587 1878 ad
628 1840 909 1890 praeservandam
951 1838 1140 1875 Ecclefiam

384 1895 601 1931 militantem
629 1906 648 1928 a
676 1890 934 1940 tempestatibus
951 1918 961 1935 ,
997 1903 1040 1926 ne
1065 1889 1141 1925 suc-
1246 1888 1287 1922 ab
1308 1886 1371 1922 isto
1400 1887 1529 1934 pastore
1558 1885 1771 1928 Dominico‚
1799 1885 1838 1922 ὃ(
1863 1886 1904 1921 fic
1927 1900 2003 1935 per·

385 1946 582 1982 cumberet:
1245 1938 1395 1976 duntur,
1423 1935 1462 1972 &
1490 1950 1509 1971 a
1536 1937 1628 1982 lupis
1656 1936 1888 1972 devorantur:

434 2018 450 2023 -
478 2017 492 2022 —
520 2017 536 2022 -
563 2016 579 2022 ·-
605 1995 640 2028 in
666 1994 731 2029 alto
758 2005 824 2027 mar
851 2013 867 2019 -
893 2014 910 2019 -
936 2013 952 2019 —
978 2013 995 2018 —
1222 1976 1225 2033 Ξ
1297 1989 1362 2022 Ρὶῐι
1387 1986 1540 2021 tornan'a
1566 1986 1589 2020 l’
1606 1987 1674 2020 avil
1698 1986 1735 2020 di
1760 1987 1839 2020 latte
1864 1998 1960 2022 vote.

384 2046 489 2086 idest,
518 2045 554 2080 in
583 2047 714 2080 mundo
742 2044 803 2079 isto
833 2041 1045 2091 procelloso:
1171 2054 1173 2083 ι
1222 2037 1357 2076 lldest,
1386 2037 1480 2072 dulci
1508 2036 1691 2084 do&rina;
1729 2036 1811 2083 quia
1838 2038 2002 2072 deberent

435 2119 449 2124 -
476 2118 493 2125 ..
520 2118 535 2123 -
562 2117 578 2123 -
602 2106 657 2140 per
682 2095 779 2129 drfcto
800 2094 913 2140 ss-gno.
1171 2085 1216 2128 {E
1247 2090 1337 2124 alere
1365 2087 1453 2123 alios
1480 2088 1514 2122 8<
1543 2087 1678 2122 cibare:
1707 2102 1728 2120 a
1753 2085 1893 2129 l’ovik,
1921 2087 2005 2122 idest

387 2146 681 2184 P1ae0stendcndo
701 2144 883 2180 felicitatis
909 2153 1071 2192 portum,
1099 2142 1139 2178 ad
1171 2142 1174 2165 Ξ
1249 2139 1289 2174 ad
1328 2138 1497 2173 stabulum
1519 2162 1529 2178 ι
1570 2136 1705 2172 scilicet
1725 2156 1727 2158 ·
1745 2137 1786 2172 ad
1828 2136 2004 2172 Monaste-

388 2211 492 2246 quem
535 2197 679 2243 navigat
719 2194 882 2230 navicula
925 2194 1019 2229 Petri
1045 2220 1054 2228 .
1094 2195 1141 2228 Et
1249 2189 1362 2224 rium.

388 2249 504 2285 lnbdit
532 2247 567 2295 sp
570 2245 731 2283 ecificans
758 2244 857 2280 istum
884 2242 1100 2292 Collegam:
1300 2243 1369 2274 Ben
1391 2239 1446 2283 son
1473 2239 1508 2273 di
1533 2239 1632 2284 quelle
1659 2259 1845 2265 -----

439 2303 470 2334 E
496 2298 593 2346 questi
614 2297 655 2341 su
682 2297 707 2330 il
734 2296 831 2338 nostro
857 2295 1043 2333 Patriam,
1249 2290 1341 2326 Heic
1369 2289 1527 2325 Thomas
1552 2288 1728 2328 ostendit,
1764 2288 1857 2335 quod
1895 2288 2005 2324 adhuc

387 2349 545 2392 scilicet,
574 2345 805 2383 Dominicus‚
827 2358 931 2392 quem
954 2353 1057 2379 vocat
1080 2345 1143 2378 Pe.-
1250 2339 1360 2388 aliqui
1394 2339 1473 2376 sunt
1509 2341 1589 2375 boni
1630 2342 1765 2374 Fratres
1801 2339 1837 2374 in
1874 2340 2007 2374 Ordine

387 2399 600 2442 marcham,
628 2397 710 2455 idest
737 2397 930 2445 principem
950 2396 1144 2430 multorum
1173 2395 1176 2405 '
1252 2391 1310 2426 suo
1330 2415 1340 2430 ,
1382 2390 1437 2425 sed
1477 2389 1559 2425 satis
1596 2389 1717 2438 pauci,
1759 2390 1848 2424 unde
1888 2389 2003 2424 dicit:

389 2459 554 2498 patrum:
1172 2409 1176 2477 Ξ
1252 2445 1320 2476 Ben
1341 2441 1398 2485 son
1424 2441 1461 2475 di
1486 2441 1606 2488 quelle,
1645 2440 1804 2479 scilicet,
1834 2440 1876 2474 de
1904 2452 2006 2486 pecu-—

442 2501 507 2533 Ma
534 2498 557 2531 it
579 2497 635 2541 suo
657 2498 777 2542 peculio
803 2518 819 2523 -
846 2517 861 2523 -
888 2518 903 2523 -
930 2517 945 2522 -
972 2517 988 2522 -
1015 2517 1030 2521 -
1251 2492 1373 2530 dibus,
1402 2491 1468 2526 hoc
1495 2490 1540 2526 est
1565 2491 1607 2526 de
1643 2490 1720 2538 ipsis
1750 2489 1952 2537 Fratribus;

388 2549 482 2587 Heic
525 2546 681 2583 Thomas
727 2546 839 2582 sumta
879 2545 1056 2581 occafione
1100 2558 1143 2580 ex
1174 2535 1175 2547 Ξ
1303 2562 1318 2567 -
1348 2563 1363 2567 -
1389 2562 1404 2567 -
1433 2563 1448 2567 -
1473 2542 1524 2575 che
1550 2551 1667 2574 remano
1692 2540 1718 2573 ’b
1741 2543 1870 2578 danna,

393 2597 600 2650 praediffiis,
632 2596 851 2645 reprehendit
880 2598 1016 2631 Fratres
1043 2595 1144 2635 suos,
1174 2601 1175 2608 ¹
1894 2587 1953 2635 qui
