2216 3105
440 216 523 268 ⁶99
724 219 1189 266 BENVENUTI
1224 226 1663 274 IMOLENSJS
1862 251 1947 290 700

380 267 621 310 descendentes
648 287 764 319 meos,
803 281 836 323 se
875 284 961 318 mala
987 285 1137 330 Signoria
1173 283 1208 318 A
1253 297 1378 330 neuter,
1418 290 1492 331 quia
1527 292 1609 326 alter
1642 291 1725 325 „ihil
1759 292 1870 331 babet,
1911 294 2006 327 alteri

380 321 590 359 Francorum
630 340 707 363 curn
747 329 934 378 superbia,
973 335 1135 381 luxuria,

380 368 417 410 δε
445 375 593 410 avaritia
621 377 862 420 importabili:

378 468 388 477 ·
428 443 614 454 -----
641 430 692 463 che
712 431 831 480 sempre
857 449 960 471 accora

376 470 482 516 idest,
511 488 637 520 necat,
674 482 729 516 vel
757 485 916 521 accendit
953 487 994 522 ad
1021 486 1132 523 iram:

426 524 471 558 Lt'
497 529 607 574 Popolt'
627 530 770 578 suggetn'
796 548 856 568 non
883 537 984 581 aveffe

425 575 527 622 Moffo
552 581 717 623 Palermo,
745 604 931 611 —————

374 636 454 659 nam
498 629 587 673 apud
630 632 841 669 Panormum
896 636 1033 686 incepit
1077 647 1133 676 tu-

373 676 504 712 multus
521 691 531 713 t

424 750 441 754 -
467 750 484 754 -
510 752 527 756 -
552 753 569 757 -
594 747 615 766 a
636 734 779 778 gridar:
805 750 890 771 mora
916 751 1019 774 mora.

374 779 450 814 Nec
479 793 643 828 umquam
664 783 816 821 Carolus
841 788 974 834 postea,
1003 791 1058 825 vel
1079 789 1130 826 sui

373 827 615 867 descendentes
642 845 831 880 potuerunt
857 852 1057 887 recuperare
1076 842 1130 877 Si—

372 878 518 929 ciliam;
561 882 676 919 immo
711 886 783 928 ipse
810 890 958 925 Carolus
986 891 1060 927 cito
1086 906 1127 928 ex

371 929 492 966 dolore
521 943 677 970 mortuus
704 937 772 978 est,
813 940 939 975 reli5³to
966 940 1045 977 filio
1072 956 1129 978 ca-

370 990 454 1027 Ρῑο,
497 981 536 1017 ἃ.
583 986 703 1032 Regno
741 989 894 1036 Apuliae
929 991 967 1026 in
1004 1006 1128 1041 magna

369 1031 597 1070 confufione:
637 1038 684 1071 Et
711 1038 789 1074 heic
816 1042 966 1078 Carolus
992 1044 1127 1090 persua—

368 1080 428 1116 det
455 1082 554 1119 fratri
581 1085 663 1126 suo,
701 1098 740 1123 ut
775 1093 937 1134 exemplo
973 1093 1047 1129 Avi
1076 1094 1126 1130 sui

368 1132 533 1173 territus,
560 1147 683 1172 caveat
708 1152 752 1174 ne
779 1141 915 1177 accidat
934 1142 994 1179 fibi
1017 1144 1127 1181 simile

366 1181 403 1217 in
436 1186 556 1232 Regno
583 1185 668 1227 suo,
696 1189 778 1235 quia
806 1191 954 1228 habebat
979 1194 1127 1231 Officia—

366 1233 416 1268 les
445 1247 567 1271 avaros
594 1237 631 1272 in
660 1240 761 1275 terris
788 1241 878 1284 suis,
915 1244 977 1290 qui
1005 1246 1126 1290 acqui-

367 1284 490 1320 rebant
514 1286 578 1322 fibi
607 1290 813 1337 pecuniam,
848 1295 882 1328 8<
921 1295 1009 1344 Regi
1035 1296 1126 1332 infa-

366 1335 495 1371 miam.
527 1338 625 1374 Dicit
653 1354 757 1388 ergo:

418 1389 449 1420 E
476 1387 506 1428 se
531 1389 591 1422 mio
613 1390 699 1432 frate
723 1413 994 1423 -------

365 1434 523 1477 scilicet,
552 1440 744 1478 Robertus:
770 1481 775 1486 ,

413 1508 605 1516 -----
631 1493 733 1537 questo
757 1495 947 1540 antivedrffl
963 1511 981 1539 ;

364 1549 403 1572 ac
432 1536 454 1572 fi
483 1538 598 1575 dicat:
638 1541 658 1576 si
697 1557 739 1578 ex
775 1544 843 1579 hoc
870 1548 964 1581 malo
992 1557 1123 1594 praete-

364 1587 436 1622 rito
474 1591 691 1636 praevideret
731 1596 786 1628 vel
815 1596 1123 1640 praeconfideraret

365 1636 486 1682 suum,
526 1640 597 1687 jam
634 1642 832 1689 provideret
889 1646 976 1682 fibi.
1023 1649 1124 1684 Unde

363 1687 475 1723 dicit:

414 1738 456 1773 L'
472 1754 576 1775 avara
599 1745 731 1787 povertd
757 1746 794 1779 di
819 1748 997 1795 Catalogna

416 1790 481 1822 Gici
503 1790 672 1838 suggirrb,
702 1815 888 1823 -----

365 1840 447 1874 Hoc
463 1839 573 1880 dicit,
601 1842 682 1890 quia
701 1846 775 1880 Rex
798 1847 992 1889 Robertus‚
1013 1861 1123 1895 quan-

365 1889 410 1924 do
451 1889 546 1926 stetit
580 1891 617 1927 in
659 1895 864 1943 Aragonia,
907 1898 1004 1944 cujus
1047 1912 1122 1939 pars

365 1940 543 1976 maritima
585 1953 733 1980 vocatur
777 1948 988 1987 catalonia,
1026 1948 1122 1984 obses

365 2003 426 2034 pro
464 2002 560 2037 patre
601 1993 682 2034 suo,
724 1997 909 2043 acquifivit
946 1998 1122 2035 amicitias

362 2039 401 2076 ἃ.
447 2040 707 2082 familiaritates
757 2049 949 2083 multorum
976 2076 986 2091 ‚
1035 2063 1122 2096 quos

363 2091 473 2138 postea
501 2092 537 2128 in
568 2095 671 2130 Italia
698 2099 927 2142 promovebat
963 2099 1003 2134 ad
1040 2100 1120 2134 offi-

362 2142 436 2178 cia.
479 2144 552 2189 Qui
581 2148 769 2184 voluerunt
810 2149 895 2184 bene
923 2152 1121 2185 accumula-

361 2206 419 2228 re.
457 2195 516 2229 Ad
557 2197 650 2243 quod
677 2197 746 2233 duo
774 2198 1005 2247 impellebant
1040 2215 1120 2244 cos,

361 2243 497 2280 scilicet
534 2258 742 2294 paupertas,
784 2263 871 2297 quae
911 2250 1029 2286 suadet
1055 2251 1119 2286 ho-

361 2293 449 2330 mini
478 2294 608 2332 furtum
638 2297 675 2334 &
704 2299 892 2348 rapinam3
932 2302 966 2336 &
1003 2302 1119 2337 avari-

361 2344 436 2387 tia,
469 2358 559 2392 quae
585 2349 700 2384 reddit
737 2350 916 2386 hominem
957 2351 1119 2399 ingenio-

363 2394 435 2430 sum
465 2396 505 2430 ad
533 2399 651 2434 omnia
678 2399 810 2435 illicita
853 2402 972 2436 lucra.
1018 2402 1119 2437 Unde

364 2445 451 2481 bene
489 2447 678 2485 Africanus
718 2451 843 2486 Minor
877 2451 1054 2487 consultus
1080 2451 1117 2486 in

365 2498 517 2540 Senatu,
553 2508 629 2534 uter
663 2501 808 2536 duorum
846 2501 987 2536 deberet
1020 2501 1119 2536 mitti

356 2547 404 2582 rad
430 2548 614 2596 regendam
642 2551 860 2599 provinciam
878 2576 890 2591 ,
918 2551 1119 2601 respondit;

1251 338 1333 372 nibil
1351 339 1497 384 sufficit.
1532 343 1578 377 Et
1605 343 1684 377 vere
1713 343 1877 378 Catalani
1904 356 2005 390 repu-

1250 397 1369 425 tantur
1404 390 1563 427 homines
1610 392 1742 428 cordati
1789 394 1823 428 &
1870 393 2003 442 sagaces

1249 438 1340 475 inter
1367 440 1564 490 Hispanos.
1593 445 1641 479 Et
1667 442 1775 479 dicit:

1298 511 1314 517 -
1339 512 1356 518 -
1382 513 1399 518 —
1424 514 1440 519 —
1464 494 1573 539 perch&
1599 508 1658 528 non
1683 495 1735 541 gli
1762 493 1947 539 offendeffb:

1248 539 1332 577 ficut
1358 543 1498 590 superba
1525 545 1664 580 luxuria
1709 547 1918 580 Francorum
1946 544 2000 580 of-

1247 589 1358 628 fendit
1384 593 1540 629 animum
1569 593 1686 629 suum:
1726 597 1772 629 Et
1800 595 1915 638 subdit
1942 609 1999 643 pe-

1247 640 1397 677 riculum
1421 642 1630 683 imminens,
1657 658 1764 692 quum
1785 646 1894 681 dicit:

1295 695 1322 726 C
1324 693 1360 726 be
1382 705 1561 726 veramente
1574 699 1751 738 provveder
1769 697 1898 742 bisogna

1294 745 1355 775 Per
1373 743 1422 776 lui
1440 755 1456 775 o
1471 753 1527 788 per
1545 743 1645 776 altrm'
1669 763 1898 771 ------

1245 789 1400 835 scilicet,
1429 805 1489 839 per
1516 794 1673 840 Regem,
1714 803 1776 829 aut
1812 792 1996 830 habentem

1245 841 1445 889 potestatem
1474 842 1516 877 ab
1543 856 1604 878 eo·

1293 896 1342 927 La
1359 893 1421 936 fica
1444 904 1560 927 natura
1585 914 1771 921 -----

1242 942 1333 977 Heic
1354 942 1484 978 ultimo
1504 942 1655 979 Carolus
1674 944 1877 986 concludit,
1902 945 1994 990 quod

1243 995 1317 1028 Rex
1345 1007 1468 1029 avarus
1504 995 1617 1029 nollet
1655 994 1780 1031 habere
1815 995 1994 1031 officiales

1240 1056 1382 1083 avaros,
1409 1043 1550 1080 dicens:

1291 1098 1342 1128 La
1361 1095 1423 1138 sua
1444 1106 1579 1139 natura,
1608 1097 1664 1130 che
1685 1096 1722 1130 di
1742 1097 1834 1143 larga
1849 1108 1946 1144 parca

1290 1145 1430 1190 mese,
1457 1166 1858 1174 ----------

1239 1193 1342 1235 idest,
1370 1209 1472 1231 avara
1499 1210 1541 1232 ex
1571 1207 1664 1243 patre
1691 1197 1852 1232 liberali:

1299 1266 1315 1272 -·
1341 1267 1357 1272 -
1383 1267 1399 1272 —
1426 1268 1442 1272 -
1469 1247 1564 1281 avria
1589 1247 1707 1290 mestier
1726 1248 1764 1281 a'i
1781 1249 1830 1282 tal
1847 1247 1995 1294 milizt'a,

1239 1295 1321 1331 idest
1337 1325 1346 1339 ‚
1374 1296 1578 1333 Curialibus
1593 1322 1604 1337 ‚
1631 1299 1664 1333 δε
1693 1297 1940 1334 officialibus:

1287 1348 1353 1381 Che
1377 1361 1437 1381 non
1461 1346 1573 1393 curaffe
1595 1349 1631 1383 di
1649 1349 1767 1383 metter'
1781 1349 1815 1383 in
1835 1362 1909 1384 arca
1923 1376 1932 1384 .

1238 1396 1347 1436 Idest,
1383 1411 1547 1444 reponere
1584 1399 1789 1447 pecuniam.
1833 1401 1879 1434 Et
1915 1398 1992 1435 heic

1240 1457 1343 1490 nota,
1381 1448 1531 1488 Lestor,
1572 1449 1665 1496 quod
1701 1463 1771 1485 non
1800 1448 1911 1484 solum
1937 1450 1993 1498 ju-

1238 1498 1394 1532 dicatura
1422 1498 1542 1546 vulgi,
1584 1498 1640 1532 sed
1666 1499 1773 1533 etiam
1802 1499 1992 1535 sententiae

1238 1547 1439 1593 sapientum
1469 1548 1618 1582 multum
1648 1546 1849 1583 discordant
1877 1548 1914 1583 in
1941 1548 1992 1584 fa-

1237 1596 1294 1631 ἒὶο
1323 1597 1467 1632 Roberti
1497 1596 1615 1632 famosi
1646 1598 1767 1647 Regis.
1797 1599 1900 1633 Unde
1922 1599 1990 1635 duo

1238 1648 1365 1682 Poerae
1392 1646 1592 1682 Florentini
1628 1647 1705 1682 sunt
1733 1648 1794 1682 fibi
1822 1650 1991 1685 contrarii

1236 1697 1271 1731 in
1301 1696 1501 1732 scribendo.
1538 1699 1630 1731 Nam
1659 1697 1793 1744 judicio
1821 1710 1900 1733 meo
1928 1701 1991 1734 Pe-

1236 1747 1370 1781 trareha
1398 1745 1507 1781 nimis
1547 1747 1772 1782 commendat
1797 1761 1876 1783 eum
1904 1748 1991 1784 sem-

1237 1810 1295 1842 per
1320 1798 1353 1831 3<
1383 1796 1533 1842 ubique,
1560 1796 1674 1832 dando
1701 1797 1763 1833 fibi
1789 1811 1912 1834 omnes
1937 1813 1990 1835 ar-

1236 1856 1285 1881 tes
1301 1871 1312 1886 ‚
1354 1847 1388 1881 8<
1429 1860 1551 1881 omnes
1592 1847 1765 1888 virtutes,
1800 1849 1882 1895 quia
1922 1850 1992 1887 fuit

1237 1898 1387 1932 mulsum
1416 1896 1606 1932 honoratus
1633 1899 1676 1932 ab
1702 1912 1765 1937 eo,
1792 1900 1827 1933 &
1848 1913 1990 1948 promo-

1236 1958 1290 1982 tus
1318 1948 1358 1983 ad
1385 1949 1559 1986 lauream,
1579 1961 1683 1995 quam
1707 1949 1840 1997 recepit
1859 1950 1895 1985 in
1917 1950 1990 1986 Ca-

1236 1998 1364 2045 pitolio
1402 2000 1558 2033 Romae.
1600 2000 1732 2042 Dantes
1772 2003 1856 2035 vero
1881 2001 1989 2038 nimis

1235 2049 1355 2093 culpat
1379 2061 1456 2083 eum
1486 2048 1528 2082 ab
1556 2049 1732 2089 avaritia,
1771 2063 1875 2097 quam
1917 2051 1988 2096 ipse

1234 2098 1357 2133 habuit
1398 2097 1506 2133 nimis
1545 2099 1653 2134 odio.
1689 2102 1738 2134 Et
1777 2102 1858 2136 vere
1901 2101 1989 2138 istud

1235 2149 1364 2183 vitium
1395 2148 1510 2195 posuit
1536 2162 1606 2184 non
1636 2163 1777 2196 parvam
1815 2153 1987 2187 maculam

1234 2199 1269 2233 in
1299 2199 1447 2247 gloriam
1477 2198 1568 2234 tanti
1606 2200 1738 2249 Regis.
1775 2201 1880 2236 Unde
1913 2201 1989 2249 pos-

1235 2248 1301 2283 sem
1339 2263 1476 2284 narrare
1518 2250 1634 2296 alfqua
1685 2251 1791 2298 digna
1835 2251 1989 2288 censoria

1235 2300 1316 2334 nota
1333 2325 1345 2339 ,
1371 2314 1459 2347 quae
1486 2314 1526 2335 ex
1555 2300 1750 2349 cupiditate
1776 2301 1881 2338 fecit.
1904 2302 1988 2339 Ideo

1235 2351 1320 2386 bene
1355 2350 1597 2386 Cancellarius
1633 2350 1733 2391 suus,
1767 2365 1873 2399 quum
1917 2355 1989 2388 Ro-

1234 2401 1348 2436 bertus
1368 2401 1518 2436 diceret:
1547 2402 1709 2443 spiritus,
1733 2404 1787 2436 ubi
1805 2403 1899 2442 vult,
1916 2403 1987 2449 spi-

1234 2461 1283 2485 rat
1297 2465 1318 2493 ς
1345 2451 1444 2497 jocose
1472 2452 1556 2486 dixit
1579 2464 1596 2484 :
1628 2452 1672 2485 (9·
1708 2453 1864 2487 Robertus
1888 2480 1900 2497 ,
1931 2451 1987 2488 ubi

1232 2502 1327 2541 vult,
1353 2503 1461 2545 pilat.

1878 2601 1941 2635 Aa!
