2216 3105
299 256 383 303 669

243 307 416 356 impetum
457 306 567 344 iratae
603 306 867 345 multitudinis,
906 320 1002 354 prae·
1035 311 1068 344 A

245 360 447 397 muniverat
472 358 506 394 se
532 371 609 394 cum
633 357 698 392 suis
724 358 760 392 in
783 358 898 405 Burgo
919 360 1001 392 San—

246 411 296 446 &i
326 409 442 446 Petri.
484 412 531 444 Et
557 418 718 458 potenter
745 409 871 442 restitit
899 407 1001 455 usque

246 461 284 497 in
336 460 518 507 Vesperam
542 486 552 495 .
603 459 775 494 Tamdem
822 457 1000 494 destitutus

247 511 381 558 sperato
419 513 556 545 auxilio
583 509 722 553 Soceri,
763 510 912 544 deleruit
940 510 1001 544 do-

247 573 345 600 mos,
385 574 473 608 quae
518 560 689 596 continuo
730 559 807 595 sunt
846 560 1012 602 eversae.-

247 613 292 647 Et
323 614 456 659 iugens
493 611 604 651 solus,
641 624 748 658 quum
788 624 855 645 non
895 611 1003 658 poffet

246 661 385 697 fleetere
414 661 571 708 precibus
600 663 656 696 vel
699 660 870 709 promiffis
898 661 1002 697 Mili-

247 721 298 748 tes
327 713 516 747 Catalanos
545 712 783 760 persequentes
819 725 920 751 eum,
957 712 1003 747 ti—

247 775 344 798 mens
372 761 448 797 fieri
475 762 667 797 ludibrium
696 762 841 797 hostium
860 786 869 800 ,
897 775 1003 809 quum

248 813 332 848 effet
360 813 584 861 podagricus,
631 812 784 860 permisit
825 811 946 860 sponte
974 812 1005 847 se

249 864 369 898 cadere
397 865 438 897 ab
466 877 578 909 equo,
607 864 662 897 vel
692 862 768 898 casu
790 863 938 901 cecidit,
968 871 1006 897 ut

250 913 363 960 aliqui
392 915 539 948 volunt.
582 916 627 948 Et
667 927 773 960 quum
803 927 908 960 equus
936 923 1006 948 tra-

250 963 347 999 heret
375 977 451 998 eum
472 992 481 1006 ‚
509 974 645 999 retento
674 965 758 1011 pede
785 963 822 998 in
850 964 1006 1011 stapeda,

250 1014 421 1062 percussus
448 1015 493 1049 est
520 1014 700 1050 lethaliter
726 1013 763 1049 in
797 1025 938 1063 gutture
966 1014 1006 1048 ab

250 1078 320 1100 uno
348 1064 486 1100 milite.
514 1067 629 1110 Quem
659 1065 906 1100 moribundum
928 1064 1006 1111 qui-

249 1115 328 1149 dam
357 1115 527 1151 Monachi
558 1125 784 1162 portaverunt
817 1116 858 1150 ad
887 1116 1006 1150 Abba-

252 1165 337 1200 tiam
368 1165 485 1201 Sanffi
513 1166 661 1209 salaai„
689 1166 748 1201 ubi
784 1165 937 1214 sepultus
965 1165 1008 1200 est

251 1214 320 1251 fine
346 1215 478 1251 honore
506 1216 657 1251 funeris.

352 1266 429 1312 {Ad
454 1271 549 1302 Cant.
578 1269 695 1301 XXVI.
727 1266 809 1311 Veis.
838 1277 897 1312 25.

303 1318 341 1351 Si
368 1318 412 1350 mi
435 1318 575 1363 pai-lava
601 1331 642 1351 un
669 1316 766 1361 d'ff
791 1337 808 1365 ᾗ
834 1338 849 1343 -
876 1338 892 1343 -
919 1338 935 1344 ·-

252 1367 335 1414 quia
363 1367 475 1403 fuerat
510 1367 566 1402 vir
602 1367 753 1402 affabilis
793 1367 830 1402 in
859 1367 1010 1402 mundo.

252 1417 316 1452 lste
352 1418 492 1464 quidem
531 1417 599 1453 fuit
638 1418 744 1452 Miles
785 1417 1010 1453 Bononiensis

252 1467 293 1502 de
321 1468 506 1502 clariffima
534 1467 669 1501 familia
700 1467 919 1514 principum,
948 1481 1010 1501 vo-

252 1527 349 1552 catus
376 1517 494 1552 Guido
522 1517 744 1551 Guinicellus
761 1543 769 1550 .
815 1517 1010 1552 Guinicelli

251 1567 346 1603 enim
394 1567 533 1602 fuerunt
578 1579 686 1602 unum
731 1567 926 1602 membrum
971 1568 1012 1602 de

252 1617 468 1665 principibus
506 1616 607 1666 pulfis
643 1617 685 1652 de
728 1619 888 1653 Bonon²a
926 1617 1011 1653 sedi—

252 1669 351 1703 tione
379 1668 505 1707 civili.
541 1668 624 1714 quia
664 1669 864 1716 lmperiales
893 1680 1009 1704 erant.

255 1717 338 1752 Fuit
380 1716 451 1764 ipse
487 1718 607 1752 Guido
633 1717 690 1752 vir
717 1723 886 1764 prudens,
938 1721 1009 1754 elo-

253 1780 386 1814 quens,
422 1767 607 1802 inveniens
647 1767 784 1815 egregie
813 1770 930 1815 pulcra
957 1769 1011 1804 di-

255 1817 310 1853 &a
339 1827 512 1854 materna.
557 1817 655 1853 Sicut
700 1827 816 1852 autem
859 1828 932 1853 erat
960 1832 1010 1853 ar—

256 1868 370 1903 dentis
398 1868 533 1916 ingenii
560 1870 592 1903 8<
624 1869 784 1916 linguae,
813 1868 863 1904 ita
892 1869 1013 1904 arden-

256 1919 304 1954 tis
331 1920 516 1961 luxuriae,
544 1922 663 1967 quales
692 1919 795 1954 multi
825 1919 1014 1955 inveniun-

257 1980 314 2004 tur
342 1968 457 2016 saepe.
495 1973 528 2004 O
565 1979 651 2018 quot
688 1969 757 2004 viri
787 1970 929 2005 virtuosi
959 1983 1012 2005 ce—

256 2030 328 2055 tera
371 2021 459 2055 bona
497 2020 561 2055 hac
597 2021 674 2056 labe
711 2019 1011 2056 deformaverunt!

256 2070 340 2106 Ideo
377 2071 462 2105 bene
497 2069 601 2118 fingit
640 2073 767 2113 Poeta,
812 2071 905 2118 quod
943 2071 1014 2118 ipse

257 2129 377 2167 captus
415 2119 625 2161 persuasione
662 2120 760 2166 ejus,
807 2121 922 2156 subito
963 2135 1015 2157 re-

258 2169 464 2210 soondiffet,
493 2169 515 2205 fi
543 2185 614 2206 non
642 2170 881 2207 intervenisset
903 2171 1014 2221 impe-

255 2220 474 2257 dimentum.

509 2273 572 2307 Ad
599 2272 681 2316 Vers.
710 2285 770 2320 92,

308 2326 372 2357 Son
399 2322 503 2357 Guido
529 2323 701 2357 Guinicetli
727 2344 914 2351 -----

260 2373 405 2410 Nobilis
455 2386 599 2422 genere,
649 2373 817 2419 scientia,
865 2376 899 2410 &
941 2375 1015 2410 elo·

257 2423 422 2472 quentia:

308 2495 495 2501 -----
521 2488 537 2509 e
558 2474 618 2522 31⁹3
645 2475 689 2509 mi
712 2486 810 2523 purgo
827 2503 837 2519 ‚

256 2524 293 2562 in
322 2524 385 2561 isto
411 2525 492 2574 igne
519 2539 538 2562 a
564 2525 726 2575 rubigine
752 2527 871 2576 nigra:

594 246 894 290 COMMENT.
927 248 993 290 ΙΝ
1020 241 1246 293 DANTIS'
1273 239 1514 283 COMOED.

1045 762 1070 795 &a

1733 249 1815 295 670

1165 306 1230 338 Per
1270 303 1327 336 ben
1365 300 1497 334 dolermi
1523 323 1534 338 ‚
1571 299 1676 345 prima
1717 300 1761 334 ch'
1790 316 1809 335 a
1846 302 1874 334 lo

1206 352 1338 395 stremo-

1113 402 1219 450 Quasx
1247 402 1361 441 dicat,
1403 400 1485 448 quia
1513 399 1595 448 juste
1623 400 1780 448 poenitui
1809 414 1869 436 an—

1113 466 1149 491 te
1176 464 1348 496 mortem,
1384 453 1464 487 ideo
1493 464 1563 485 non
1590 449 1662 485 sum
1700 453 1870 500 relegatus

1114 505 1151 542 in
1179 504 1264 554 pede
1290 503 1422 539 montis
1450 502 1543 538 inter
1570 502 1706 538 tardos.

1361 556 1424 589 Ad
1453 553 1535 598 Vers.
1561 564 1622 600 97.

1167 604 1340 652 Qaand’io
1366 606 1423 639 udi
1444 616 1550 638 nomar
1570 607 1606 648 Je
1627 601 1714 650 st‘ffi'
1735 603 1759 637 il
1776 605 1875 651 padre

1168 659 1262 699 Min,
1260 670 1608 682 ---------

1117 708 1341 748 Guidonem,
1369 719 1471 754 quem
1496 715 1602 740 vocat
1623 714 1754 754 patrem
1777 704 1874 740 suum

1119 758 1255 793 ratione
1292 758 1416 793 aetatis
1441 784 1451 801 ,
1489 755 1654 792 scientiae
1676 783 1686 801 ,
1729 756 1767 791 &
1806 757 1875 791 vir-

1119 809 1228 844 tutis:

1172 879 1187 884 -
1214 879 1229 885 —
1255 879 1272 884 -
1298 880 1314 885 -
1340 872 1355 892 e
1380 859 1418 892 de
1440 858 1493 905 gli
1518 858 1597 892 altri
1623 858 1697 893 miei
1733 858 1877 906 miglior,

1121 909 1280 956 loquitur
1307 908 1511 944 humilizer:

1173 980 1399 986 ------
1426 962 1478 993 che
1504 960 1568 994 mai

1175 1011 1270 1043 Rime
1296 1008 1328 1043 d’
1344 1009 1456 1044 Amor'
1468 1011 1540 1054 usar
1565 1010 1648 1044 dolel
1665 1024 1680 1044 e
1699 1011 1879 1058 leggiadre.

1123 1059 1227 1103 idest,
1254 1060 1408 1108 Majores
1438 1061 1527 1096 mei.
1554 1060 1657 1107 Quasi
1679 1062 1775 1097 dicat
1799 1064 1881 1097 Poe-

1124 1121 1180 1145 ta:
1223 1123 1294 1145 non
1331 1110 1460 1146 mirum
1502 1111 1524 1146 si
1553 1113 1701 1148 laetatus
1739 1112 1810 1147 sum
1839 1114 1881 1148 de

1124 1161 1234 1196 salute
1259 1161 1457 1201 Guidonis,
1494 1162 1555 1210 qui
1583 1162 1651 1198 fuit
1679 1163 1772 1210 quasi
1803 1163 1882 1211 qui—

1125 1211 1205 1246 dam
1248 1222 1345 1260 pater
1381 1212 1451 1248 mei
1487 1215 1522 1247 δε
1559 1214 1708 1249 aliorum
1741 1214 1881 1249 Dicito-

1125 1275 1203 1297 rum
1230 1263 1417 1297 meliorum
1456 1276 1530 1299 me.
1566 1266 1613 1299 Et
1655 1264 1698 1299 fic
1729 1265 1882 1300 multum

1125 1312 1277 1347 honorat
1303 1312 1403 1348 istum
1432 1314 1631 1350 Guidonem
1654 1314 1752 1358 heic,
1774 1329 1881 1362 quum

1126 1363 1213 1398 alibi
1240 1362 1339 1409 supra
1366 1364 1518 1409 dixerit,
1557 1368 1649 1413 quod
1677 1367 1816 1414 expulit
1843 1367 1884 1402 de

1125 1413 1210 1448 nido
1239 1424 1424 1462 utrumque
1451 1415 1651 1452 Guidonem
1668 1443 1677 1451 .

1363 1467 1425 1500 Ad
1454 1468 1536 1511 Veis.
1569 1478 1650 1513 113.

1176 1517 1202 1547 Ο
1226 1516 1345 1553 Frate,
1372 1514 1447 1561 diffe
1473 1517 1591 1564 questi,
1619 1517 1665 1551 ch’
1678 1518 1707 1551 io
1734 1519 1761 1552 ts*
1781 1518 1884 1563 sterno

1126 1563 1219 1600 Heic
1257 1566 1363 1600 Pc‘e‘ta
1403 1566 1544 1603 inducit
1577 1568 1710 1604 dicium
1749 1570 1884 1605 Gnido-

1125 1627 1205 1649 nem
1233 1615 1412 1651 laudatum
1441 1618 1483 1652 ab
1519 1631 1588 1661 e0,
1625 1620 1665 1654 ad
1703 1632 1883 1655 commen*

1125 1665 1275 1700 dandum
1317 1667 1500 1714 quemdam
1544 1668 1704 1715 spiritum
1750 1671 1886 1706 moder·

1129 1729 1239 1755 num,
1277 1729 1378 1763 quem
1410 1718 1558 1765 praefert
1585 1718 1645 1755 fibi
1674 1719 1711 1756 ἃ
1741 1721 1819 1756 aliis
1849 1720 1886 1757 in

1128 1777 1200 1800 arte
1228 1766 1458 1803 inveniendi.
1495 1769 1554 1804 Ad
1583 1771 1680 1816 cujus
1708 1771 1887 1816 cognitio·

1128 1829 1207 1850 nem
1236 1818 1344 1855 volo,
1384 1828 1418 1853 te
1446 1818 1559 1862 scire,
1596 1822 1689 1866 quod
1726 1821 1785 1857 iste
1812 1835 1887 1857 ma-

1127 1879 1213 1913 gnus
1250 1866 1416 1903 inventor
1452 1867 1522 1904 fuit
1557 1871 1699 1916 quidam
1732 1871 1882 1907 Provin-

1129 1917 1228 1950 cialis
1256 1926 1414 1964 tempore
1452 1921 1651 1964 Raymundi
1683 1922 1884 1969 Berengerii

1130 1967 1212 2001 boni
1255 1965 1414 2003 Comitis
1460 1970 1667 2005 Provinciae
1690 1998 1700 2012 ‚
1742 1975 1887 2008 nomine

1131 2017 1328 2056 Arnaldus‚
1356 2019 1389 2052 Sc
1412 2020 1621 2067 cognomine
1651 2022 1798 2057 Daniel:
1831 2024 1886 2059 vir

1130 2068 1269 2110 quidem
1313 2070 1475 2111 curialis,
1514 2071 1660 2118 prudens
1688 2071 1725 2107 &
1763 2073 1885 2122 sagax.

1130 2119 1203 2163 Qui
1241 2118 1381 2154 invenit
1419 2121 1529 2156 multa
1567 2120 1605 2157 ἅ,
1645 2124 1761 2168 pulcra
1792 2124 1886 2160 diffisa

1132 2170 1310 2216 vulgaria.
1339 2172 1372 2204 A
1402 2184 1471 2218 quo
1502 2173 1685 2208 petrarcha
1713 2173 1887 2211 fatebatur

1131 2219 1251 2264 sponte
1288 2219 1320 2254 se
1348 2222 1512 2269 accepisse
1540 2223 1681 2259 modum
1710 2225 1743 2259 8<
1771 2225 1887 2261 stilum

1131 2269 1343 2306 Cantilenae
1368 2272 1408 2307 de
1436 2283 1585 2320 quatuor
1614 2275 1825 2320 Rhythmis,
1853 2278 1886 2312 δε

1098 2344 1102 2354 .
1132 2335 1201 2356 non
1239 2334 1256 2355 a
1295 2323 1433 2357 Dante.
1475 2324 1574 2366 Hic,
1611 2326 1692 2360 dum
1730 2325 1888 2364 senuisset

1131 2372 1168 2407 in
1197 2383 1419 2419 paupertate,
1447 2373 1531 2409 fecit
1558 2377 1783 2412 Cantilenam
1814 2379 1890 2426 pul-

1132 2422 1363 2463 cherrimam.
1391 2438 1493 2471 quam
1524 2425 1618 2461 mifit
1646 2440 1705 2475 per
1724 2428 1888 2464 nuntium

1133 2473 1229 2509 suum
1258 2474 1298 2509 ad
1332 2477 1459 2523 Regem
1490 2477 1681 2518 franciae,
1712 2480 1887 2528 Angliae,

1131 2526 1164 2559 ὃ(
1193 2525 1234 2559 ad
1263 2525 1350 2560 alios
1374 2526 1551 2568 Principes
1572 2529 1778 2565 Occidentis
1794 2555 1806 2570 ,
1835 2545 1890 2566 ro-

1099 2585 1244 2624 'gans‚
1286 2586 1323 2611 ut
1363 2577 1656 2625 quemadmodum
1696 2580 1768 2629 ipse
1809 2593 1886 2616 cum

1194 2628 1224 2660 V
1256 2639 1277 2660 v
1332 2639 1352 2661 2
1762 2643 1838 2679 per-
