2216 3105
253 248 335 301 785

547 242 791 284 COMMEN
801 242 846 285 T.
878 241 945 284 IN
971 239 1103 289 DAN
1109 237 1197 281 TIS
1225 238 1465 282 COMOED.

197 305 282 339 ficut
309 301 398 337 olim
426 299 532 336 fiebat
559 301 672 335 Marti
701 314 718 336 a
747 301 953 348 quibusdam
993 306 1025 340 A

199 352 377 389 barbaris.
413 352 481 387 Vel
511 351 672 393 Vittima,
715 351 873 391 scilicet,
917 351 958 386 de

200 404 485 446 Bondelmonte,
526 401 619 449 quasi
661 400 821 437 Viffima
863 401 957 450 pacis

200 464 339 501 ruptae.
367 455 487 498 Quum
516 452 610 487 enim
639 451 727 486 olim
757 452 835 499 quis
863 452 957 487 inhi-

202 506 304 540 bebat
340 503 485 546 foedus,
523 501 740 537 mafflabatur
778 512 956 549 tamquam

202 553 386 593 Vifi‘tima,
423 562 462 588 ut
500 552 597 601 saepe
635 562 731 602 patet
767 553 855 601 apud
893 553 958 588 Li—

199 604 298 640 vium
316 617 325 639 :

252 676 267 681 -
338 675 354 681 -
380 675 396 681 -
422 669 443 689 a
468 654 575 701 quella
598 654 703 698 pietra
732 653 857 698 scema,

203 704 310 745 idest,
349 707 489 740 Statuae
517 703 671 748 Martis,
709 717 796 752 quae
824 713 896 739 erat
924 716 959 739 a-

203 755 385 802 liqualiter
413 754 541 789 fragia:
600 774 602 779 ·

254 809 320 839 Che
342 806 468 851 guarda
483 804 508 837 ’l
533 808 656 848 Ponte,

203 855 286 901 quia
314 864 386 890 erat
415 854 521 903 p0s1ta
559 854 595 889 in
629 853 806 902 principio
836 853 959 889 Pontis

204 905 373 943 Veteris,
417 915 455 940 ut
496 905 592 953 saepe
629 904 763 940 difstum
802 904 872 940 est.
914 907 961 939 Et

203 955 312 990 dicit:

339 1026 355 1032 —
382 1027 398 1032 -
425 1019 462 1040 ne
488 1006 520 1041 Ia
542 1006 602 1050 sua
627 1016 700 1051 pace
723 1005 873 1052 postrema
883 1019 903 1048 ‚·

205 1052 305 1103 quia
326 1054 462 1091 scilicet
498 1069 568 1090 non
598 1065 672 1091 erat
707 1056 858 1104 amplius
894 1069 960 1104 pax

205 1106 321 1141 futura
349 1105 386 1141 in
416 1105 592 1141 Florentia
611 1132 620 1142 .

255 1159 321 1190 Con
349 1156 447 1202 queste
469 1156 561 1202 genti
588 1176 817 1183 ------

205 1206 297 1242 Heic
318 1206 553 1254 Caeciaguida
573 1206 754 1241 concludit
774 1206 867 1241 suam
885 1219 962 1242 nar-

204 1257 378 1292 rationem
405 1258 439 1291 &
468 1256 602 1292 claudit
638 1257 844 1305 Capitulum
862 1285 872 1302 ‚
909 1257 962 1292 di-

205 1320 283 1342 cens
300 1319 309 1342 ε

257 1356 329 1391 Vid’
346 1357 374 1391 io
402 1358 562 1402 Fiorenza
589 1378 604 1383 -
632 1379 648 1384 -
675 1378 690 1384 -
718 1378 732 1384 ·-

254 1410 320 1442 Con
347 1408 447 1454 queste
469 1409 561 1455 genti
576 1429 758 1446 -----

206 1456 366 1501 scilicet,
394 1458 548 1507 superius
575 1459 743 1494 enarratis
769 1458 936 1494 Familiis
954 1486 961 1492 .

204 1508 251 1541 Et
278 1507 387 1541 dicit:

341 1576 357 1581 -
384 1575 399 1581 —
427 1570 442 1589 e
468 1569 519 1589 con
546 1557 628 1590 altre
654 1568 708 1589 con
736 1556 817 1603 effe,

203 1605 286 1652 quia
314 1604 398 1641 fecit
427 1605 564 1642 Aucstor
603 1605 712 1641 solum
741 1607 960 1642 mentionem

206 1655 247 1690 de
274 1654 501 1701 quibusdam,
529 1656 570 1691 de
593 1657 720 1703 quibus
749 1658 883 1704 placuit
911 1658 962 1693 fa-

207 1718 282 1740 cere
302 1703 451 1744 famam,
480 1704 561 1751 quia
584 1705 675 1740 visae
702 1706 780 1741 sunt
804 1707 867 1743 fibi
887 1721 962 1744 me-

205 1755 416 1790 morabiles.
446 1757 492 1789 Et
519 1754 628 1790 dicit:

341 1826 358 1831 -
384 1825 400 1830 —
428 1805 460 1838 in
488 1806 514 1838 si
536 1806 622 1849 fatto
649 1805 748 1849 riposo
766 1833 775 1849 ‚

206 1855 308 1898 idest,
346 1855 384 1890 in
421 1864 492 1890 tam
531 1855 724 1904 tranquillo
752 1857 785 1891 δε
815 1856 962 1905 pacifico

204 1905 288 1941 statu
306 1919 314 1940 :

256 1956 321 1989 Che
348 1969 407 1990 non
435 1970 518 1991 avea
543 1956 662 2003 cagion'
680 1959 757 1991 vnde
780 1956 938 2005 piangelse
954 1985 963 1994 .

207 2005 319 2045 Idest‚
357 2007 449 2054 quod
486 2020 557 2042 non
593 2007 741 2043 habebat
779 2008 960 2043 materiam

206 2056 390 2103 plorandi,
419 2056 504 2093 ficut
524 2070 643 2093 nunc.
672 2060 719 2092 Et
747 2057 882 2093 subdit:

257 2109 323 2139 Con
351 2107 449 2150 queste
471 2107 564 2151 genti
589 2106 661 2139 vid’
689 2107 718 2140 io
740 2108 874 2152 gloriosi)

256 2157 288 2189 E
312 2154 411 2201 giusta
439 2155 464 2188 il
490 2157 586 2202 Popol
606 2156 689 2200 suo,
717 2177 732 2182 —
759 2177 774 2182 —
802 2178 817 2184 -
845 2178 861 2184 -

207 2205 367 2249 scilicet,
397 2206 672 2253 Florentinum;
707 2208 840 2253 gloriofh
856 2236 866 2250 ‚
897 2208 960 2244 sci-

206 2256 317 2298 licet,
355 2255 487 2291 artibus
527 2256 620 2304 pacis
648 2255 686 2292 ὅ(
716 2258 819 2293 belli.
858 2261 960 2295 Tunc

206 2306 302 2341 enim
339 2307 502 2354 gerebant
538 2307 628 2342 bella
665 2318 785 2343 contra
826 2308 960 2355 hostes,

207 2370 250 2391 ex
286 2358 412 2405 quibus
449 2356 745 2406 consequebantur
781 2358 878 2408 saepe
906 2361 959 2396 vi-

207 2406 355 2443 E'toriam
391 2407 605 2456 gloriosam,
641 2421 711 2443 non
748 2419 868 2445 contra
896 2411 959 2447 Ci-

207 2470 290 2501 ves,
323 2471 369 2492 sex
406 2471 561 2505 quorum»
582 2458 735 2495 vi&oria
760 2473 831 2495 non
859 2461 960 2498 datur

208 2507 432 2555 triumphus:
471 2523 486 2542 e
518 2509 640 2555 giusta,
668 2512 751 2558 quia
778 2520 862 2546 tunc
888 2525 959 2547 non

205 2558 389 2607 usurpabat
415 2558 538 2607 injuste
566 2560 639 2607 jura
667 2561 864 2597 vicinorum
882 2587 891 2601 ,
919 2562 959 2598 fi-

207 2618 266 2644 tut
292 2622 383 2646 nunc
411 2609 515 2646 facit.
545 2612 590 2645 Et
618 2611 730 2646 dicit:
983 2604 990 2648 l

1005 755 1031 789 B

1684 248 1767 300 786

1197 319 1213 323 —
1240 319 1256 323 —
1283 309 1372 332 tanto
1399 300 1449 333 che
1466 298 1491 332 ’l
1517 299 1627 345 Giglio

1112 351 1184 383 Non
1212 361 1264 383 era
1290 350 1334 383 ad
1358 349 1426 391 asta
1452 349 1517 383 mni
1540 350 1622 393 posto
1648 365 1669 386 a
1696 353 1820 397 rt'troso.

1063 401 1142 434 Hoc
1179 398 1268 434 dicit
1285 425 1294 442 ‚
1331 399 1413 446 quia
1441 400 1482 435 de
1510 413 1605 435 more
1634 401 1678 437 est
1704 404 1819 441 visio·

1063 462 1139 485 rum
1168 448 1263 497 saepe
1300 459 1494 498 pervertere
1531 450 1682 499 Insignia
1719 465 1820 501 capta

1064 501 1105 535 ab
1143 499 1319 540 hostibus,
1362 501 1523 549 ponendo
1565 512 1669 550 caput
1711 504 1819 541 hastae

1064 549 1217 597 superius
1245 550 1424 595 deorsum,
1453 550 1490 587 &
1521 551 1640 598 pedem
1670 553 1820 592 sursum.

1064 600 1171 645 Quod
1208 611 1326 636 tamen
1363 601 1459 650 saepe
1496 601 1626 638 faSlum
1655 605 1699 639 est
1736 608 1817 642 Flo-

1065 651 1198 686 rentiae
1226 661 1383 699 tempore
1421 654 1592 689 bellorum
1622 654 1820 693 Civilium.

1064 701 1159 746 Quia
1188 702 1378 749 aliquando
1404 703 1579 739 Gibellini
1608 706 1738 753 expulsi
1765 721 1821 742 ca-

1065 753 1206 799 piebant
1227 752 1376 801 Infignia
1397 749 1634 790 intraneorum
1650 783 1659 799 ‚
1685 755 1721 792 ὅ(
1745 757 1821 793 sub—

1066 803 1248 838 vertebant
1289 803 1326 838 in
1368 805 1595 852 opprobrium
1639 808 1820 857 Guelpho-

1064 865 1138 888 rum
1157 879 1167 895 ,
1195 851 1233 888 ὃ(
1263 866 1279 889 e
1308 854 1505 890 contrario.
1533 858 1582 890 Et
1608 856 1718 893 dicit:

1115 904 1165 936 Ne
1189 914 1247 947 per
1272 904 1411 945 division
1434 905 1519 949 fatto
1545 908 1731 953 vermiglio.

1065 952 1122 987 Ad
1152 953 1254 1000 hujus
1292 955 1415 990 literae
1452 955 1730 1004 intelligentiam
1758 973 1821 996 no-

1065 1013 1122 1047 ta,
1158 1004 1252 1050 quod
1280 1018 1388 1052 quum
1418 1007 1570 1042 Romani
1598 1008 1686 1043 olim
1714 1009 1822 1046 facie-

1066 1054 1150 1088 bant
1176 1053 1331 1101 aliquam
1369 1056 1568 1092 Civitatem
1605 1059 1822 1106 Coloniam,

1065 1103 1240 1139 donabant
1268 1104 1329 1140 fibi
1349 1107 1576 1143 Armaturam
1601 1109 1726 1157 Populi
1750 1113 1822 1147 Ro-

1067 1153 1188 1197 mani,
1230 1153 1389 1199 scilicet,
1432 1158 1575 1193 scutum
1617 1158 1823 1209 simpliciter

1065 1204 1233 1248 rubeum,
1261 1205 1329 1241 fine
1356 1206 1472 1243 literis
1498 1208 1574 1244 illis
1599 1212 1630 1245 S.
1655 1212 1690 1246 P.
1712 1214 1759 1257 Q.
1781 1215 1823 1249 R.

1066 1268 1153 1301 quae
1180 1255 1304 1291 literae
1331 1256 1528 1305 important
1555 1263 1691 1295 senatus
1716 1266 1822 1310 Popu-

1065 1305 1171 1351 lusque
1190 1309 1372 1343 Romanus.
1393 1309 1529 1345 Tamen
1552 1312 1723 1348 Nicolaus
1736 1315 1824 1351 Tri-

1067 1356 1175 1390 bunus
1206 1359 1361 1396 Romae,
1399 1359 1465 1394 Vir
1494 1373 1638 1409 magnae
1667 1364 1823 1409 probita-

1066 1405 1112 1440 tis
1139 1407 1173 1440 &
1201 1407 1429 1454 prudentiae,
1458 1409 1556 1459 saepe
1583 1425 1727 1460 arguens
1757 1417 1825 1450 Po-

1067 1457 1185 1502 pulum
1217 1459 1414 1494 Romanum
1441 1460 1485 1495 de
1513 1461 1657 1498 vilitate
1694 1463 1733 1500 ἃ,
1772 1465 1826 1502 fu-

1066 1519 1141 1541 rore
1177 1506 1412 1545 intollerabili
1440 1523 1587 1551 eorum,
1625 1517 1826 1560 exponebat

1065 1556 1140 1590 istas
1177 1557 1296 1593 literas
1323 1562 1479 1605 Senatus,
1516 1564 1728 1610 Pepultchue
1754 1571 1825 1602 Ro-

1066 1620 1175 1639 manus
1197 1634 1207 1649 ,
1247 1607 1290 1642 fic
1330 1612 1433 1655 Sozgo
1473 1615 1590 1656 Popolo
1628 1613 1646 1632 ²*
1684 1618 1827 1652 conchato

1066 1660 1232 1692 Romano.
1261 1659 1324 1693 Sed
1353 1661 1394 1694 ad
1423 1662 1658 1708 propositum.
1697 1668 1825 1703 Omnis

1065 1707 1220 1742 Colonia
1256 1708 1428 1759 recipiens
1465 1711 1656 1761 Infignium
1695 1717 1827 1754 Roma-

1065 1769 1212 1796 norum,
1248 1769 1386 1806 poterat
1423 1762 1546 1798 addere
1581 1764 1614 1797 8<
1653 1778 1825 1811 apponere

1065 1806 1236 1851 quidquid
1265 1810 1427 1845 volebat.
1458 1812 1557 1847 Unde
1587 1813 1737 1849 Perusini
1765 1818 1826 1852 ad-

1066 1855 1229 1890 diderunt
1258 1858 1431 1905 Griphum
1450 1886 1459 1902 ,
1493 1862 1691 1899 Florentini
1723 1867 1821 1904 Lilia

1066 1904 1142 1939 alba
1161 1931 1170 1945 ,
1209 1905 1325 1942 Pisani
1353 1907 1445 1944 nihil
1474 1911 1700 1950 addiderunt.
1739 1918 1822 1953 Flo-

1065 1954 1196 1990 rentini
1224 1969 1305 2005 ergo
1343 1958 1445 2006 pulsis
1481 1961 1701 2009 Gibellinis,
1740 1980 1823 2004 con-

1066 2015 1246 2041 verterunt
1282 2007 1381 2044 Lilia
1418 2011 1495 2046 alba
1532 2011 1569 2047 in
1605 2014 1709 2051 rubea
1731 2044 1741 2061 ‚
1779 2020 1821 2055 ad

1065 2055 1364 2093 diverfificandum
1392 2060 1582 2110 Infignium
1606 2066 1821 2106 exteriorum

1066 2106 1285 2154 expulsorum
1305 2134 1313 2143 .
1350 2111 1396 2145 Et
1423 2112 1465 2147 ab
1492 2112 1558 2150 illo
1586 2124 1743 2165 tempore
1771 2121 1822 2156 ci-

1067 2167 1119 2193 tra
1154 2157 1349 2195 habuerunt
1384 2160 1518 2212 semper
1552 2166 1651 2203 Lilia
1686 2171 1790 2206 rubea
1810 2197 1820 2208 .

1068 2207 1169 2243 Unde
1197 2209 1307 2245 adhuc
1344 2222 1510 2259 apparent
1545 2214 1580 2251 in
1619 2217 1822 2259 summitate

1069 2258 1196 2294 Palatii
1223 2260 1406 2297 potestatis
1433 2264 1532 2301 Lilia
1553 2267 1651 2303 alba.
1680 2272 1727 2306 Et
1755 2271 1823 2309 hoc

1066 2309 1111 2344 est
1146 2310 1238 2357 quod
1276 2311 1384 2348 dicit:
1424 2317 1476 2349 Ne*
1507 2327 1565 2360 per
1598 2319 1755 2362 division,
1790 2323 1822 2359 i-

1065 2359 1134 2394 dest
1159 2384 1168 2398 ,
1209 2362 1455 2408 partialitate,
1494 2367 1580 2410 fatto
1617 2373 1786 2418 vermiglio
1800 2388 1822 2417 ,-

1065 2412 1121 2446 vel
1150 2424 1327 2458 exponas,
1355 2413 1520 2463 sanguine
1537 2445 1546 2461 ‚
1575 2421 1632 2456 vel
1660 2422 1794 2459 rastello
1812 2452 1820 2460 .

1182 2466 1246 2497 Ad
1269 2466 1365 2499 Cant.
1395 2469 1499 2503 XVII.
1529 2471 1611 2515 Vers.
1639 2484 1699 2519 49.

1115 2514 1228 2558 Questo
1247 2513 1280 2554 fi
1304 2517 1418 2558 vuole,
1446 2538 1720 2550 -------

1064 2561 1156 2597 Heic
1201 2563 1435 2613 Caeciaguida
1477 2569 1626 2607 ostendit
1666 2574 1817 2612 Aufflori

1646 2625 1769 2671 expul—
