2216 3105
236 214 316 257 205

181 321 294 345 terram
329 304 490 352 praefatae
524 302 699 344 Ecclesiae,
742 315 820 349 quae
847 302 888 344 est
915 317 934 338 a

174 360 287 405 suptus
313 355 410 402 ipsam
438 352 626 394 Ecclesiam,
654 352 789 400 qualiter
815 353 935 387 concia-

181 421 247 443 tum
282 404 328 444 dy
364 404 541 449 edificatum
585 408 648 445 est,
690 417 756 438 cum
796 403 937 437 omnibus

175 458 244 504 suis
277 454 495 503 pertinentiis,
533 455 575 488 (9'
612 467 678 488 cum
713 454 782 488 vice
816 455 854 488 de
880 453 938 488 via

182 508 228 547 «ἐγ
255 506 368 543 andita
390 506 450 551 sua
467 532 475 541 .
517 504 702 551 Pariterque
728 514 774 542 (θ’
801 506 936 539 concedi-

183 572 250 594 mus
285 559 318 592 in
350 556 421 603 jam
460 555 545 590 dicia
580 554 718 595 Ecclesia
757 556 794 589 de
835 568 938 601 aqua,

184 622 261 657 quae
286 608 420 643 decurrit
450 616 508 653 per
534 605 633 653 ipsum
659 606 825 652 aquarium
849 608 941 652 usque

185 659 283 707 ipsam
309 657 455 703 fistulam
482 666 605 692 tantum
633 667 668 689 ut
699 656 785 701 justa
822 665 950 690 ratione

179 709 321 757 sufficiat
357 707 541 744 Rectombus
579 706 673 753 ipsius
709 707 863 747 Ecclesiae
887 717 943 752 pro

186 761 311 795 illorum
337 759 499 798 utilitate,
540 758 583 792 &⁶
609 757 693 791 omni
719 768 849 804 tempore
877 757 944 802 ipsa

185 825 268 858 aqua
293 814 436 845 decurrat
460 820 513 854 per
548 808 651 846 illud,
688 809 769 854 quod
806 809 845 841 de
881 806 945 853 ipso

186 860 316 908 aquario
370 860 404 894 in
454 859 522 904 ipsa
573 858 710 899 Ecclesia
758 858 945 903 conceffimus

188 911 301 958 absque
344 909 555 955 cujuscumque
602 908 820 943 contrarietate
839 934 848 943 .
900 910 947 942 Et

190 960 263 997 haec
301 961 405 994 omnia
440 973 460 994 a
493 961 577 992 modo
614 960 657 991 (9²
697 958 730 992 in
768 968 948 1005 perpetuum

185 1011 253 1053 sint
278 1012 317 1044 de
343 1010 410 1055 ipsa
433 1008 671 1055 praenominata
694 1008 851 1048 Ecclesia,
879 1007 948 1052 eju-

187 1061 264 1107 sque
291 1058 458 1096 Reflores,
501 1057 547 1095 όν
571 1069 646 1103 pars
672 1058 768 1104 ipsius
795 1058 949 1098 Ecclesiae

193 1111 387 1147 habendum,
411 1108 643 1154 poffidendurn,
680 1107 726 1145 (φ’
753 1109 857 1143 omnia
877 1108 950 1142 inde

194 1160 241 1199 dy
269 1160 383 1194 ibidem
405 1159 585 1202 faciendum
602 1182 612 1196 ,
648 1159 730 1204 quod
769 1157 815 1196 &a
842 1159 949 1205 quali-

193 1221 241 1244 ter
266 1209 444 1247 voluerint,
473 1209 515 1241 (θ’
542 1208 610 1254 ipsa
635 1222 738 1254 aqua,
767 1218 802 1242 ut
827 1207 950 1242 dicium

196 1259 255 1302 est,
277 1259 396 1304 semper
421 1259 561 1292 decurrat
586 1259 625 1291 de
660 1258 728 1304 ipsa
758 1258 873 1302 fistula
897 1269 952 1305 per

195 1310 295 1356 ipsum
321 1307 486 1354 aquarium
512 1307 604 1353 usque
631 1307 665 1341 in
701 1308 800 1354 ipsam
837 1319 951 1342 terram

194 1357 374 1406 praedi-‘iae
401 1356 578 1398 Ecclesiae,
607 1357 650 1391 (J
676 1371 770 1404 neque
796 1371 817 1392 a
843 1358 953 1400 nostris

189 1409 382 1456 Judtcibus,
424 1406 621 1446 Comitihus‚
666 1408 863 1450 castaldeis,
900 1422 953 1442 ne-

199 1473 256 1507 que
291 1474 311 1494 a
346 1458 579 1505 quibuscumque
618 1459 784 1505 agentibus
818 1459 954 1493 habeant

199 1510 344 1545 Reflores
379 1509 434 1542 vel
466 1519 540 1554 pars
567 1507 703 1552 ejusdem
739 1508 893 1549 Ecclesiae
917 1510 956 1542 de

197 1559 338 1607 preclifia
374 1558 472 1600 nostra
509 1559 684 1603 conceffione
719 1559 860 1606 aliquam
887 1572 957 1593 con-

200 1610 412 1648 trarietatem,
451 1610 509 1653 sed
537 1609 657 1655 semper
693 1609 776 1643 illud
811 1609 958 1654 securiter

201 1662 357 1698 babeant,
385 1658 430 1695 &⁴
454 1659 577 1701 saciant
605 1659 734 1698 exinde,
775 1670 810 1694 ut
837 1661 957 1707 praele-

199 1710 313 1756 gitur,
350 1708 496 1755 quicquid
521 1709 698 1744 voluerint.
745 1713 830 1744 Haec
855 1720 958 1745 autem

200 1760 329 1804 fecimus
353 1769 408 1805 per
435 1769 573 1804 rogatum
602 1758 735 1794 Domni
780 1760 872 1794 Petri
902 1774 960 1794 ve-

206 1809 356 1845 nerabilis
405 1808 556 1843 Abbatis
597 1808 692 1855 ipsius
737 1809 890 1851 Ecclesiae
927 1811 959 1844 in

204 1864 306 1895 Anno
335 1858 593 1905 Vigesimoquinto
620 1859 819 1906 Principatus
847 1860 961 1903 nostri,

208 1912 244 1944 de
272 1909 381 1954 Mense
406 1909 564 1955 Aprilis,
593 1910 765 1944 Indifiione
792 1913 836 1945 II.

260 1959 351 2007 Agit
388 1958 464 1994 heic
504 1958 659 1995 Gisolfus
708 1960 749 1995 de
790 1961 963 2007 Aquario,

210 2010 276 2044 hoc
304 2009 348 2044 est
376 2009 513 2049 canali,
554 2023 656 2057 quem
694 2011 868 2047 lateritius
898 2011 964 2046 five

212 2073 423 2094 marmoreus
460 2059 570 2108 paries
608 2061 771 2109 utrinque
800 2061 966 2096 constrin-

212 2110 264 2158 git
282 2138 291 2153 ,
333 2108 370 2144 ἃ
399 2124 457 2158 per
484 2124 586 2157 quem
615 2125 702 2159 aqua
730 2113 769 2147 ad
800 2111 876 2147 usus
903 2112 966 2147 ho-

213 2160 346 2195 minum
386 2169 444 2195 aut
486 2161 766 2198 molendinorum
794 2162 966 2202 decurrit,

214 2212 330 2252 nostrae
356 2212 560 2256 Reipublicae
583 2213 777 2258 pertinente,
805 2212 887 2248 idest
916 2214 967 2261 ju—

213 2261 261 2297 ris
291 2260 509 2307 principatus
538 2260 593 2296 seu
621 2262 712 2298 Fisci
750 2264 878 2299 nostri.
917 2266 968 2299 Ita

214 2312 303 2359 apud
335 2310 542 2359 Ughellium
570 2312 677 2348 Tom.
712 2315 743 2349 8.
773 2315 851 2350 Ital.
880 2317 969 2349 Sacr.

213 2361 251 2398 in
281 2361 544 2410 Archiepiscop.
565 2363 799 2400 Beneventan.
822 2365 971 2400 Pandol-

214 2412 301 2461 phus
328 2414 360 2447 ἃ
391 2412 618 2460 Landulphus
648 2413 824 2463 Principes
862 2417 972 2450 Bene-

215 2463 359 2499 ventani
390 2463 599 2510 Landolpho
627 2464 890 2501 Beneventanae
916 2469 973 2502 Se-

214 2513 267 2550 dis
296 2513 573 2563 Archiepiscopo
602 2515 823 2563 sipontinam
852 2519 973 2552 Eccle—

215 2564 296 2602 fiam
316 2565 454 2614 aliaque
480 2565 556 2614 jura
577 2565 808 2611 confirmant,
837 2569 877 2604 ab
898 2568 973 2617 ipso

545 192 911 236 DISSERTATIO
942 191 1237 235 DECIMAOC
1249 190 1399 233 TAVA
1410 223 1421 235 .

178 260 290 295 retinet
314 258 352 292 de
379 255 461 302 ipss
465 252 602 298 fistula,
644 252 690 290 σίν
717 251 809 298 usque
835 263 932 286 totam
970 253 1001 286 A

994 1605 1034 1637 D*
1059 1610 1136 1644 dem
1175 1609 1353 1657 intelligat
1375 1636 1382 1644 .

1665 200 1747 235 206

1037 251 1258 298 perpetualiter
1298 250 1442 283 habenda
1491 249 1536 288 &⁴
1584 251 1761 296 poffidenda
1789 276 1800 290 ‚

1040 301 1151 348 absque
1188 301 1287 335 ullius
1327 300 1488 337 Comitis,
1529 301 1712 341 Gallaldei,
1744 302 1803 345 seu

1032 351 1187 397 Judicum
1216 348 1422 397 Reipublicae
1447 349 1680 396 inquietudine.
1709 351 1801 386 Vide

1041 401 1147 438 etiam
1194 400 1404 449 Capitulare
1445 399 1577 435 Sicardi
1627 400 1799 449 Principis

1043 450 1282 488 Beneventani
1312 452 1404 486 Part.
1437 451 1463 485 I.
1499 449 1609 486 Tomi
1646 451 1691 486 ΙΙ.
1724 454 1801 487 Rer.

1045 503 1271 541 Italicarum,
1300 501 1360 536 ubi
1389 513 1460 536 non
1490 499 1593 537 semel
1621 500 1800 541 statuitur,

1045 563 1082 590 ut
1110 554 1245 589 nullum
1275 551 1371 587 aliud
1398 551 1550 600 veRigal
1575 555 1596 586 a
1614 563 1703 599 parte
1724 553 1803 587 Rei-

1043 604 1185 652 publicae
1221 604 1416 650 imponatur.
1456 605 1542 638 Sunt
1581 601 1620 638 &
1662 603 1730 638 alia
1767 603 1804 638 id

1045 668 1150 704 genus
1180 663 1335 689 veterum
1362 662 1610 693 monumenta,
1638 668 1656 689 e
1678 653 1803 701 quibus

1020 713 1151 750 ssunum
1182 704 1294 740 nolim
1322 704 1509 743 omilium,
1546 704 1612 739 hoc
1649 705 1694 739 est
1735 707 1805 740 Lu-

1046 756 1166 791 dovici
1205 755 1260 790 Pii
1300 755 1467 803 Diploma
1508 756 1616 789 Anno
1655 756 1805 790 DCCC-

1050 808 1164 841 XVH.
1208 806 1328 841 datum
1379 818 1441 852 pro
1485 805 1700 841 Monasterio
1743 807 1806 841 So-

1048 855 1268 892 lemniacenfi
1296 856 1333 891 in
1360 855 1502 895 Gallia,
1530 865 1634 902 atque
1661 857 1805 904 evulga-

1051 918 1125 943 tum
1146 921 1164 942 a
1185 906 1332 942 Baluzio
1352 906 1389 941 in
1412 905 1617 953 Appendice
1637 906 1678 940 ad
1699 908 1807 941 Tom.

1051 970 1084 993 2.
1109 956 1374 1005 Capitularium
1391 983 1399 992 .
1429 956 1606 1000 Praecipit
1634 956 1808 1005 Augustus

1052 1008 1134 1047 ille,
1163 1019 1198 1041 ut
1218 1008 1324 1042 nullus
1342 1008 1454 1051 Judex
1473 1008 1633 1052 publicus,
1661 1017 1718 1041 aut
1737 1008 1809 1053 qui-

1051 1059 1127 1093 libet
1148 1058 1317 1104 superioris
1335 1067 1392 1092 aut
1413 1057 1566 1100 inferioris
1592 1057 1711 1091 ordinis
1730 1058 1811 1091 Rei-

1050 1109 1192 1155 publicae
1218 1111 1402 1142 Procurator
1427 1109 1471 1141 ad
1496 1107 1602 1152 causas
1640 1107 1810 1151 judiciario

1053 1171 1131 1192 more
1156 1158 1332 1193 audiendas
1359 1157 1430 1195 &c-
1466 1157 1672 1193 Monasterii
1710 1157 1810 1192 illius

1054 1210 1129 1243 loca
1146 1232 1156 1247 ,
1185 1208 1308 1254 ingredi
1331 1207 1509 1254 praesumat
1526 1233 1534 1242 .
1562 1208 1635 1252 Qui
1664 1221 1706 1243 eo
1734 1217 1811 1242 tan·-

1054 1260 1129 1292 tum
1170 1258 1314 1293 nomine
1367 1257 1539 1293 ditionem
1584 1258 1810 1293 pontificiam

1054 1307 1115 1344 fibi
1153 1307 1245 1343 visus
1281 1308 1326 1343 est
1371 1307 1622 1354 deprehendere
1668 1310 1812 1344 Placen-

1055 1358 1146 1401 tiae,
1189 1358 1282 1405 quod
1323 1358 1360 1393 in
1402 1358 1619 1406 Diplomatis
1664 1359 1811 1407 Regiis,

1057 1409 1280 1443 Placentinae
1308 1407 1478 1443 Ecclesiae
1515 1408 1703 1449 comeffis,
1741 1411 1812 1443 Mi-

1056 1458 1148 1500 nistri
1183 1459 1389 1505 ReIpublicae
1425 1469 1684 1503 memorentur,
1727 1459 1813 1507 quid

1057 1508 1117 1543 fibi
1155 1507 1196 1543 de
1232 1517 1304 1543 tam
1342 1509 1469 1543 leviter
1505 1523 1523 1544 a
1561 1509 1592 1545 se
1620 1509 1811 1545 constru5³m

1057 1558 1226 1605 opinione
1263 1558 1479 1594 sentiendum
1520 1558 1586 1598 sit,
1628 1560 1697 1608 jam
1740 1570 1817 1595 tan-

1434 1609 1474 1644 In
1517 1610 1635 1645 Gallia
1676 1623 1815 1658 quoque

1060 1659 1275 1708 temporibus
1304 1661 1348 1696 iis
1376 1660 1525 1702 Ministri
1551 1660 1757 1707 Reipublicae
1782 1675 1817 1696 e-

1061 1719 1159 1748 rant,
1200 1709 1297 1757 iique
1333 1709 1499 1745 dicuntur
1537 1710 1723 1758 superioris,
1763 1722 1819 1746 aut

1065 1760 1218 1803 inferioris
1245 1760 1385 1799 ordinis,
1423 1770 1460 1796 ut
1501 1760 1719 1809 designentur
1746 1770 1818 1796 tam

1065 1812 1200 1849 Duces,
1243 1810 1489 1850 Marchiones‚
1526 1810 1563 1846 ἃ
1592 1811 1774 1851 Comites,
1802 1825 1819 1847 e

1065 1861 1190 1907 quibus
1219 1860 1421 1909 Principum
1464 1861 1588 1897 chorus
1626 1872 1707 1898 tunc
1736 1875 1819 1897 con-

1065 1911 1289 1954 stituebatur,
1331 1912 1434 1958 quam
1463 1912 1651 1952 Gastaldii,
1688 1911 1821 1949 Cente-

1067 1961 1189 2005 narii,
1235 1962 1389 2000 Decani,
1432 1962 1646 2001 Sculdascii,
1689 1964 1820 2011 aliique

1068 2011 1219 2046 minores
1246 2011 1382 2055 Judices
1412 2022 1470 2047 aut
1500 2013 1627 2061 Regiae
1651 2012 1822 2049 Camerae

1069 2070 1325 2110 procuratores.
1353 2063 1481 2097 Eadem
1509 2063 1647 2099 dicendi
1675 2063 1823 2099 formul&

1069 2112 1115 2148 usi
1157 2112 1234 2147 sunt
1271 2111 1529 2148 Carlomannus
1568 2116 1639 2149 Rex
1679 2115 1710 2149 δε
1740 2114 1823 2149 alii.

1070 2163 1132 2198 Sed
1161 2172 1199 2198 ut
1226 2176 1366 2198 omnem
1394 2164 1578 2199 dubitandi
1615 2164 1729 2199 ansam
1758 2164 1825 2200 eri-

1071 2214 1227 2262 piamus,
1257 2214 1399 2261 praestat
1427 2214 1558 2249 intueri
1588 2215 1736 2251 Henrici
1759 2217 1825 2250 Re-

1070 2264 1122 2312 gis
1150 2264 1289 2302 Sancti,
1328 2263 1439 2312 postea
1478 2266 1723 2305 Imperatoris,
1762 2264 1828 2301 Di-

1072 2316 1211 2363 ploma,
1240 2317 1277 2350 in
1304 2328 1375 2363 quo
1402 2314 1620 2351 disertiffirne
1641 2315 1826 2362 Rempubli-

1071 2379 1136 2400 cam
1163 2365 1294 2406 nostram
1321 2366 1357 2401 in
1387 2367 1480 2401 Urbe
1502 2364 1728 2401 Cremonensi
1755 2378 1826 2400 rne—

1072 2425 1206 2455 morat‚
1246 2415 1312 2451 hoc
1340 2415 1384 2449 est
1411 2416 1536 2460 Fescum
1565 2416 1734 2452 nostrum.
1780 2416 1826 2449 ll-

1071 2466 1130 2502 lud
1158 2479 1222 2514 ego
1249 2465 1415 2509 depromsl
1444 2480 1486 2501 ex
1514 2467 1656 2515 Regesto
1678 2466 1824 2512 antiquo

1071 2516 1252 2566 Episcopii
1278 2514 1522 2552 Cremonensis
1539 2543 1548 2552 .

1675 2567 1774 2601 Hen=
