2216 3105
437 229 518 271 743
744 217 1184 263 BENVENUTJ
1223 215 1639 261 JMOLENSJS
1869 239 1956 279 744

378 285 421 309 ne
449 272 549 316 sunt,
578 273 615 310 δε
643 274 773 314 habent
798 278 891 314 inter
918 279 950 314 se
977 288 1136 329 patenter
1178 286 1213 321 A
1245 289 1347 325 ergo:
1384 281 1441 313 Ma
1468 293 1527 314 non
1547 279 1620 324 fia,
1649 278 1785 316 scilicet
1804 281 1886 317 talis
1908 283 2006 318 char-

380 324 471 378 bella
499 325 645 368 civilia,
686 325 724 363 &
765 329 967 367 domesticas
1008 330 1138 366 discor·

377 374 472 409 dms.
518 378 564 411 Et
614 391 672 418 per
718 379 929 428 consequens
974 381 1138 417 videntur

377 437 448 459 non
478 426 536 461 diu
568 427 745 466 duraturi.
786 431 869 467 Ideo
896 432 982 468 bene
1008 433 1137 467 Mona-

379 475 462 511 chus
491 478 608 513 Sansti
638 480 841 525 Benedicti,
869 483 950 518 dum
981 483 1137 530 increpa-

380 535 476 579 retur
503 540 521 561 a
553 530 668 563 Fratre
696 530 840 566 Minore
867 532 911 566 de
935 534 1009 580 ejus
1037 534 1138 568 lasci-

378 587 458 612 Via.
489 578 686 623 relpondit:
716 584 855 627 Quando
876 583 1059 628 Franciscus
1079 585 1137 619 ha—

379 625 482 661 buerit
523 639 568 661 tot
593 643 715 670 annos,
752 643 824 678 quot
865 633 957 667 habet
998 635 1139 670 Benedi-

379 676 470 715 Hm,
497 689 571 713 tunc
595 681 732 726 loquaris
758 683 838 717 mihi
851 709 862 719 .

431 731 502 761 Bm
527 730 595 763 dim
621 751 852 761 ------

379 777 474 813 Heic
526 780 771 817 Bonaventura
816 784 954 832 excipit
1001 786 1137 835 aliquos

379 840 509 876 paucos
535 843 553 864 a
580 831 674 867 dieta
700 833 972 880 depravatione,
997 837 1058 884 qui
1080 839 1138 874 be-

380 891 423 913 ne
453 877 589 917 servant
618 884 784 931 Regulam
805 911 817 925 ,
856 900 1005 935 quorum
1033 887 1138 924 rneri-

377 928 426 964 tis
452 931 548 966 Ordo
576 931 648 979 ipse
675 934 852 972 confistit.
880 937 980 972 Dicit
1006 952 1108 987 ergo:

428 983 498 1015 Ben
525 982 592 1016 dico
607 1007 618 1022 ‚
658 985 706 1020 chi
732 985 854 1034 cercaffe
878 1002 899 1024 a
919 988 1018 1037 fhglio
1043 1005 1064 1025 a
1086 991 1136 1034 so—

476 1033 547 1077 glia

429 1083 538 1123 Nostro
567 1086 715 1129 Volume,
743 1109 759 1115 -
785 1110 972 1118 -----

377 1131 462 1167 idest
479 1160 489 1175 ‚
516 1132 538 1167 fi
566 1136 645 1182 quis
672 1138 759 1174 bene
784 1139 978 1188 inquireret
1004 1142 1041 1177 in
1069 1145 1137 1177 Or-

379 1182 461 1217 dine
498 1185 710 1231 Minorum,
754 1191 815 1238 qui
856 1192 902 1226 est
942 1193 1134 1229 maximum
1175 1186 1209 1223 C

381 1234 548 1288 yolumen
578 1239 761 1284 Fratrum,
801 1255 845 1277 ex
873 1243 997 1279 multis
1018 1243 1135 1284 foliis,

378 1284 462 1319 idest
497 1286 538 1321 de
576 1289 694 1325 Fratre
733 1290 776 1326 ad
816 1295 975 1330 Fratrem
1017 1294 1137 1345 singil—

378 1335 480 1371 latim
498 1349 508 1371 ;

470 1407 487 1413 —
513 1409 530 1414 —
555 1410 573 1416 -
598 1404 688 1425 ancor
714 1394 854 1429 troveria
877 1406 965 1431 carta

379 1435 486 1476 idest,
515 1437 669 1488 aliquem
698 1444 881 1481 Fratrem:

432 1487 451 1505 *
469 1491 493 1521 Il
520 1490 722 1537 leggerebbe:
747 1515 936 1524 -----

378 1536 482 1577 idest,
512 1542 623 1588 legere
651 1544 781 1590 poffet:

471 1610 487 1615 -
514 1610 530 1615 —
556 1611 572 1616 -
600 1594 631 1626 Io
658 1594 702 1626 mi
728 1594 779 1635 son
799 1597 891 1638 quel,
917 1596 964 1627 rb*
975 1597 1003 1630 1‘0
1023 1597 1137 1640 sofqlr'o.

378 1636 485 1673 idest:
524 1639 596 1675 sum
625 1645 705 1677 vere
733 1647 855 1681 Frater
892 1646 1017 1683 Minor
1043 1647 1137 1683 anti·
1172 1640 1204 1672 D

380 1702 470 1735 quus
515 1704 585 1725 non
623 1703 798 1739 muratus,
839 1696 1008 1743 humilis,
1053 1712 1136 1746 pau-

381 1752 462 1787 per,
490 1739 697 1779 discamus,

432 1793 497 1825 Ma
523 1805 581 1825 non
601 1792 654 1836 fia
681 1815 868 1824 -----

381 1840 472 1875 Heic
502 1843 746 1880 Bonaventura
775 1847 918 1882 damnat
937 1848 973 1883 in
995 1847 1134 1896 spec³ali

380 1890 466 1926 duos
513 1894 648 1928 Fratres
692 1895 876 1933 Minores.
925 1901 974 1933 Et
1024 1898 1140 1947 primo

380 1944 539 1977 Fratrem
578 1943 772 1987 Johannem-
809 1948 852 1983 de
891 1949 1037 1985 Casali.
1076 1949 1139 1985 Iste

380 1991 548 2039 siquidem
577 1995 683 2031 nimis
711 1997 897 2047 stringebat
924 2001 1137 2039 Scripturam

381 2045 519 2079 Sacram
546 2044 584 2080 in
612 2050 842 2092 exponendo.
877 2050 1065 2087 Scrinserat
1101 2065 1136 2086 e-

379 2094 455 2129 nim
483 2094 582 2143 super
607 2097 754 2134 Librum
787 2101 1034 2149 Apocalvpsis‚
1075 2101 1135 2137 ubi

380 2143 467 2180 fecit
512 2145 833 2187 infrustuofiffimas
883 2152 1137 2200 expositiones,

380 2196 415 2230 8<
453 2197 565 2232 multa
599 2199 634 2233 &
672 2213 796 2249 magna
833 2206 924 2238 mala
965 2203 1059 2239 dixit
1096 2204 1136 2238 de

380 2246 553 2289 Ecclesia,
601 2248 668 2286 five
703 2252 744 2288 de
787 2253 980 2290 pastoribus
1014 2255 1138 2290 Eccle-

382 2296 465 2333 fiae.
513 2300 659 2346 Propter
698 2303 790 2350 quod
832 2305 942 2341 Liber
977 2306 1049 2351 ejus
1093 2303 1138 2339 est

383 2347 564 2385 damnatus
590 2350 627 2387 ἂ
656 2353 856 2401 prohibitus
882 2355 980 2395 saepe
1004 2356 1042 2391 in
1060 2368 1139 2390 orn-

383 2399 418 2434 ni
448 2398 646 2446 Gapiruio.
676 2406 780 2440 Alter
805 2405 874 2441 fuit
902 2409 1023 2442 Frater
1041 2407 1138 2440 Mar-

383 2450 507 2486 thaeus
530 2450 573 2485 de
615 2455 852 2502 Aquasparta.
888 2457 949 2504 qui
987 2456 1093 2492 nimis
1119 2469 1138 2491 e

383 2509 504 2536 contra
540 2502 710 2550 dilatabat
748 2507 984 2552 Scripturam,
1029 2507 1139 2543 nimis

386 2552 552 2600 elongans
586 2555 619 2593 se
654 2570 674 2593 a
716 2559 848 2595 literali
876 2558 991 2596 sentu.
1035 2557 1137 2594 Dicit

1245 334 1302 371 ta,
1330 327 1413 363 idest
1441 332 1560 366 frater

1295 381 1828 426 ----daCasal‚----

1245 428 1302 464 Est
1328 429 1423 465 enim
1450 431 1571 467 Casale
1612 434 1721 467 Terra
1759 432 1842 468 satis
1880 445 2005 482 magna

1245 481 1280 514 &
1308 481 1444 528 pulcra,
1481 481 1542 517 sita
1570 481 1666 527 supra
1697 482 1826 518 Padurn
1872 483 1907 518 in
1941 486 2002 519 Pe-

1245 529 1464 566 demontium
1482 559 1491 568 .
1519 535 1566 568 Et
1593 543 1739 569 vocatur
1766 533 1892 570 Casale
1919 536 2003 570 San-

1245 579 1295 615 ξὶὶ
1322 581 1436 616 Evasii
1452 607 1463 616 .

1229 650 1230 653 =
1294 652 1481 657 -----
1508 633 1546 665 ηὲ
1571 632 1604 666 d’
1615 635 1857 681 ‘Acquafparta‚

1224 680 1465 731 *Aquasparta
1501 682 1545 715 est
1580 695 1647 716 una
1688 686 1786 719 Villa
1837 685 1876 719 in
1920 698 2003 733 agro

1247 731 1420 769 Tuderti,
1457 731 1546 765 unde
1574 731 1642 766 fuit
1669 733 1838 768 oriundus
1874 735 2005 781 praefa-

1247 790 1303 816 tus
1331 783 1451 816 Frater
1478 781 1703 823 Matthaeus,
1732 783 1794 828 qui
1821 783 1889 818 fuit
1915 782 2007 819 Car-

1248 831 1377 866 dinalis
1406 833 1584 866 Romanae
1624 832 1820 876 Ecclesiae,
1860 834 1892 868 δε
1924 833 2006 869 mis-

1249 881 1301 916 sus
1330 883 1546 917 Florentiam
1577 896 1594 917 a
1624 884 1713 931 Papa
1752 883 1937 919 Bonifacio
1965 884 2008 919 ad

1247 932 1419 968 tollendas
1468 932 1657 968 seditiones
1710 935 1921 970 Blancorum
1966 936 2001 969 8(

1249 984 1441 1031 Nigrorum
1487 983 1524 1019 in
1570 985 1743 1020 MCCCI.
1789 984 1863 1030 Qui
1910 984 2004 1019 nihil

1249 1033 1396 1081 profecit
1425 1033 1501 1082 ibig
1543 1034 1655 1070 immo
1697 1034 1830 1070 dimisit
1857 1037 2006 1070 Terram

1247 1084 1357 1130 ipsam
1398 1085 1435 1120 in
1473 1085 1582 1133 pejorl
1620 1085 1730 1121 statu.
1789 1086 1870 1121 Ideo
1915 1085 2005 1121 forte

1248 1135 1383 1171 Austor
1424 1136 1622 1172 recordatus
1666 1136 1710 1172 est
1755 1137 1862 1185 ejus;
1913 1135 2004 1172 unde

1246 1185 1358 1222 dicit:

1295 1239 1346 1271 La
1373 1238 1451 1271 onde
1476 1259 1663 1265 -----

1245 1287 1349 1327 idest,
1377 1302 1395 1323 a
1423 1288 1549 1336 quibus
1576 1288 1700 1324 Terris
1725 1287 1860 1325 Casalis
1886 1287 1927 1325 &
1954 1289 2004 1325 A-

1249 1338 1469 1387 quaespartae
1485 1352 1495 1374 :

1341 1411 1357 1416 —
1383 1411 1400 1416 —
1427 1404 1550 1437 vengon
1577 1390 1639 1425 tali
1664 1404 1685 1425 a
1710 1391 1744 1425 la
1771 1390 1958 1432 „ferinum-‚-

1249 1438 1405 1479 scilicet,
1441 1443 1577 1476 Fratres
1617 1440 1781 1476 Minores
1820 1441 1863 1475 ad
1898 1453 2007 1486 expo-

1248 1490 1394 1524 nendarn
1433 1490 1648 1536 Scripturam
1676 1492 1836 1524 Sacram.
1876 1489 2006 1536 Aliqui

1248 1549 1364 1574 tamen
1391 1548 1574 1586 exponunt
1607 1539 1649 1574 de
1685 1539 1862 1586 Scriptura
1892 1541 2005 1586 Regu-

1247 1590 1300 1624 lae
1337 1589 1540 1624 Minorum.
1582 1589 1648 1625 Sed
1693 1589 1787 1637 prior
1832 1588 2004 1638 expositio

1249 1639 1375 1674 melior
1401 1639 1471 1674 est:

1297 1689 1357 1723 Ch'
1374 1703 1433 1723 uno
1459 1690 1493 1723 la
1518 1690 1640 1735 fugge,
1666 1709 1854 1715 -----

1248 1739 1329 1774 idest
1346 1766 1356 1782 ,
1384 1739 1447 1774 ille
1474 1738 1517 1774 de
1544 1737 1786 1786 Aquasparta:

1297 1809 1312 1815 —
1383 1809 1400 1815 —
1425 1810 1441 1815 -
1468 1804 1484 1823 e
1509 1788 1532 1822 l‘
1544 1790 1626 1824 altro
1650 1790 1685 1824 la
1710 1799 1813 1824 coarta
1829 1816 1841 1824 0

1248 1839 1414 1883 Scilicet,
1441 1839 1503 1875 ille
1530 1840 1572 1875 de
1599 1839 1741 1875 Casali:

1299 1891 1408 1934 loson
1435 1891 1468 1925 Ia
1494 1892 1567 1925 vita
1593 1911 1609 1917 ·-
1636 1911 1652 1916 —
1678 1911 1694 1916 -
1720 1911 1738 1917 -

1249 1941 1339 1976 Heic
1367 1940 1479 1976 dicius
1508 1943 1754 1976 Bonaventura
1781 1940 1946 1978 describit
1972 1944 2006 1979 se

1247 1994 1279 2026 &
1325 1990 1436 2027 socios
1477 1991 1574 2026 illius
1624 1990 1789 2027 secundae
1835 2005 2002 2029 coronae.

1247 2045 1293 2077 Et
1320 2041 1436 2090 primo
1462 2041 1626 2077 describit
1654 2042 1685 2076 se
1713 2055 1730 2077 a
1758 2043 1922 2083 nomine,
1950 2044 2004 2078 lo»

1248 2106 1309 2132 co,
1347 2094 1380 2127 &
1408 2092 1603 2141 dignitate,
1644 2092 1761 2128 dicens
1778 2105 1789 2127 ε
1834 2096 1868 2128 10
1887 2094 1944 2138 son
1971 2094 2008 2128 la.

1245 2144 1342 2186 vita,
1367 2142 1472 2181 idest,
1500 2143 1647 2191 animag

1381 2215 1398 2220 -
1425 2215 1443 2220 -
1468 2194 1504 2228 di
1530 2197 1785 2229 Bonaventura:

1248 2247 1294 2280 Et
1321 2244 1367 2280 est
1393 2257 1520 2279 nomen
1549 2244 1762 2292 consequens
1796 2244 1868 2280 rei.
1911 2247 2005 2280 Nam

1248 2295 1430 2333 fuit.,bene
1456 2295 1676 2339 fortunatus,
1711 2296 1746 2331 &
1788 2309 1867 2330 vere
1894 2294 2004 2332 felix:

1300 2349 1353 2381 Da
1381 2347 1577 2393 Bagnoregt'o
1590 2361 1612 2389 ,τ
1636 2368 1653 2373 -

1249 2398 1418 2432 Βιὶηευηι
1466 2397 1614 2446 Regium
1665 2397 1709 2432 est
1754 2410 1821 2432 una
1862 2397 2006 2444 parvula

1250 2448 1388 2483 Villula
1415 2448 1502 2494 apud
1542 2448 1678 2484 Urbem
1719 2451 1908 2487 Veterem,
1942 2460 2008 2482 un-

1250 2500 1291 2535 de
1312 2498 1380 2534 fuit
1400 2498 1512 2535 dicius
1536 2501 1800 2534 Bonavemura.
1828 2501 1873 2533 Et
1893 2497 2002 2533 dicit:

1301 2570 1490 2577 -----
1516 2551 1568 2585 che
1594 2549 1644 2585 κε’
1654 2550 1775 2597 grandi
1801 2548 1885 2593 offici
1919 2595 1928 2603 .

1868 2609 1953 2644 quia.
