2216 3105
421 222 504 263 739
738 208 1178 254 BENVENUTI
1224 210 1635 259 IMOLENSIS
1849 238 1933 277 740

361 276 564 313 naquaeque
585 267 759 304 constabat
774 283 817 306 ex
839 271 1024 307 duodecim
1046 271 1121 307 ani-
1148 270 1208 327 ΙιΑΙ
1232 270 1472 319 professionem
1501 275 1709 316 Dominici‚
1738 283 1985 317 commendans

361 316 504 355 mabus,
542 316 627 353 ficut
656 319 793 356 Aufi'tor
828 320 1033 370 singillatim
1062 322 1121 357 de·
1148 330 1150 333 ’

360 365 493 413 scripfit
533 369 681 416 primam
719 370 885 418 superiori
924 371 1120 418 capitulo,

361 413 544 454 secundam
575 423 657 456 verb
684 421 849 459 describit
884 423 920 458 in
952 423 1120 467 praesenti

362 467 559 512 Capitulo‚
606 482 645 507 ut
687 474 820 519 patebit
862 476 964 522 paulo
1006 474 1095 509 infra
1112 501 1119 509 .

361 518 407 552 Et
436 518 545 555 dicit:
575 522 714 557 contra’l
740 528 849 558 mondo
869 536 1011 564 errante,
1039 524 1121 560 idest

364 578 485 605 contra
515 572 706 608 mundanos
733 573 771 609 in
799 574 884 609 Fide
911 585 1081 611 errantes.

412 621 470 654 Poi
499 635 551 656 con
577 624 718 658 dottrina
743 644 929 652 -----

363 671 456 706 Heic
485 673 730 710 Bonaventura
758 674 923 711 describit
945 675 1121 716 operatio-

362 733 443 755 nem
475 723 686 764 virtuosam,
714 726 747 760 &
776 739 915 773 operam
944 726 1118 762 efficacem

363 770 462 806 Beati
504 773 687 810 Dominici
726 775 796 822 post
832 776 1117 824 impetrationem

362 820 474 857 officii
526 834 647 860 contra
695 827 927 868 Haereticos,
977 827 1094 863 dicens
1111 856 1119 864 .

361 872 409 907 Et
441 874 670 912 Dominicus:

412 925 471 957 Poi
498 938 549 959 con
575 928 739 971 (lentina,
766 950 781 955 -
809 950 825 956 -
850 951 866 956 -
892 950 909 955 -

360 985 404 1008 ne
432 986 590 1023 peccaret
618 991 659 1013 ex
690 979 913 1026 ignorantia:

410 1045 426 1050 -
453 1047 469 1052 -
496 1047 512 1052 —
539 1049 555 1053 —
581 1042 597 1062 e
623 1042 674 1063 cem
701 1031 804 1064 volere
831 1031 952 1071 insieme

360 1073 465 1119 idest,
495 1078 632 1125 propria
669 1081 702 1114 8:
741 1080 926 1128 spontanea
955 1082 1119 1117 volunta-

361 1134 418 1167 te,
457 1140 527 1163 non
568 1139 747 1178 tamquam
788 1133 830 1167 ab
867 1132 938 1168 alio
980 1132 1118 1172 miffus,

360 1177 417 1211 vel
445 1176 601 1215 invitus:

410 1231 476 1262 Con
503 1229 646 1275 l'Officio
672 1233 849 1279 Apostolico
869 1233 901 1275 fi
927 1232 1013 1276 masse
1029 1248 1047 1276 ‚-

359 1291 403 1314 ne
432 1280 608 1317 videretur
631 1284 854 1322 temerarius,
884 1284 906 1319 fi
928 1284 1118 1320 auetorita-

361 1339 395 1364 ἴε
423 1328 479 1366 sua
508 1331 573 1367 hoc
602 1332 749 1374 faceret,
778 1348 795 1369 a
824 1334 950 1370 fimili:

412 1381 514 1426 Qmsi
540 1394 672 1418 torrente
688 1409 698 1424 ,
727 1384 851 1420 ch’alta
877 1400 961 1420 vena
995 1397 1117 1430 preme.

362 1431 451 1477 quaii
481 1432 598 1475 dicat,
627 1435 821 1480 vivaciter,
859 1435 896 1471 ὃ(
926 1435 1118 1484 impetuose

361 1481 401 1516 ad
440 1484 582 1520 modum
623 1486 811 1530 torrentis,
862 1486 945 1521 idest
988 1486 1118 1530 fluvii,

360 1545 464 1577 quern
494 1548 582 1570 vena
609 1536 785 1571 abundans
812 1536 974 1572 emittit.
1019 1537 1119 1572 Unde

362 1582 498 1619 subdit:

411 1636 444 1668 ,Ε
472 1635 559 1680 neglt'
575 1635 675 1682 sterpi
700 1637 804 1671 cretici
827 1635 953 1683 percoffe

412 1682 453 1718 L'
470 1684 580 1731 impeto
601 1686 658 1729 suo
683 1708 869 1714 -----

361 1733 466 1776 idest,
506 1736 543 1770 in
579 1736 711 1783 stipites
738 1738 926 1773 venenosos
955 1737 1119 1773 Haereti-

362 1797 505 1827 corum,
533 1799 619 1833 quos
647 1787 870 1834 exstirpavit.
908 1790 954 1822 Et
982 1788 1089 1823 dicit:

412 1855 429 1861 ·-
455 1856 471 1861 -
498 1857 514 1862 -·
540 1858 556 1862 -
581 1838 640 1882 pila
665 1840 850 1872 vivamente
876 1838 991 1884 quivi,

363 1883 482 1933 supple
499 1913 508 1929 ‚
538 1887 718 1934 percuffit:

414 1938 504 1970 Dave
530 1938 559 1971 le
586 1938 746 1985 resistenze
772 1952 845 1974 eran
870 1939 929 1985 piia
950 1937 1067 1985 groffe.

363 1985 472 2031 idest,
511 1987 570 2023 ubi
608 1999 705 2024 erant
741 1990 887 2038 majores
916 1987 1118 2032 Haeretici,

362 2038 420 2072 vel
447 2037 583 2073 ratione
611 2038 796 2083 scientiae,
836 2041 891 2074 vel
921 2039 1118 2084 potentiae.

365 2089 447 2124 Non
477 2088 569 2124 enim
609 2089 714 2133 fecit,
753 2090 836 2126 ficut
872 2090 1015 2137 quidam
1044 2103 1119 2124 mo-

366 2137 463 2173 derni
494 2139 741 2187 Inquifitores,
769 2140 828 2188 qui
857 2154 927 2176 non
956 2140 1035 2175 sunt
1061 2154 1120 2175 au-

365 2188 463 2224 daces
491 2204 553 2226 nec
582 2191 744 2231 solertes,
786 2191 848 2226 nifi
886 2201 1006 2226 contra
1033 2204 1120 2238 quo-

363 2238 458 2275 sdam
486 2240 616 2277 divites
643 2242 815 2282 denariis,
843 2255 1005 2289 pauperes
1033 2241 1121 2276 ami—

367 2289 416 2326 cis
433 2318 443 2333 ‚
470 2291 531 2338 qui
560 2305 629 2327 non
658 2293 795 2338 pofsunt
821 2292 933 2328 facere
960 2305 1120 2339 magnam

367 2339 609 2386 refistentiam‚
656 2343 693 2380 ἃ
735 2352 946 2391 extorquent
990 2343 1032 2377 ab
1073 2342 1122 2378 eis

367 2391 552 2437 pecunias,
588 2395 712 2442 quibus
741 2394 852 2442 postea
888 2402 1010 2429 emunt
1036 2391 1122 2441 Epi-

367 2438 568 2486 scopatum.

420 2494 465 2526 Da
492 2492 540 2526 lui
559 2493 590 2532 st
611 2495 692 2537 secer
717 2516 903 2523 -----

368 2541 462 2578 Heic
498 2544 626 2581 ultimo
673 2547 918 2582 Bonaventura
957 2543 1123 2582 describit

1230 321 1302 370 ejus
1322 324 1492 361 Ordinem
1512 327 1546 361 &
1568 329 1722 363 Fratres.
1746 328 1853 364 Unde
1873 330 1984 367 dicit:

1260 374 1328 411 ‚Di
1353 375 1401 408 tui
1419 375 1452 416 fi
1472 377 1554 421 fecer
1575 378 1631 424 poi
1656 378 1776 419 diversi
1801 380 1869 414 rivi
1882 405 1893 420 ‚

1229 421 1331 463 idest,
1368 425 1440 473 post
1474 440 1552 462 eum
1581 427 1717 475 sequuti
1755 428 1834 465 sunt
1860 430 1984 467 diverfi

1230 476 1383 516 Fratres,
1425 487 1603 525 tamquam
1644 478 1716 514 rivi
1753 479 1838 515 clari
1866 494 1884 516 a
1913 484 1984 518 cla-

1228 524 1359 561 riffimo
1388 526 1485 563 fonte
1513 528 1724 578 Dominici3
1753 531 1843 566 unde
1870 531 1981 568 dicit:

1275 579 1363 611 Onde
1389 577 1412 610 l’
1423 582 1497 611 Orto
1522 580 1661 615 Catolico
1679 580 1712 620 st
1739 582 1810 627 riga
1825 595 1844 624 ‚-

1227 625 1330 669 idest,
1358 641 1400 662 ex
1421 629 1547 674 quibus
1567 628 1655 664 rivis
1675 630 1847 674 Ecclesia,
1874 645 1980 680 quam

1228 676 1295 723 jam
1324 676 1422 722 supra
1460 688 1644 714 vocaverat
1681 682 1861 721 Hortum,
1902 683 1982 718 irri-

1226 738 1327 774 gatur
1354 726 1392 762 &
1420 727 1667 763 foecundatur:

1276 779 1312 811 Si
1349 778 1400 811 che
1425 778 1492 820 luni
1517 779 1682 822 arbuscelli
1703 779 1776 821 stan
1801 781 1860 827 pic&
1885 782 1982 817 vivi.

1227 826 1309 862 idest
1334 855 1342 869 ,
1384 826 1502 863 fideles
1548 827 1740 865 Christiani
1788 830 1826 866 in
1873 832 1984 877 Fide,

1226 879 1308 925 quia
1325 878 1443 922 Julius
1470 893 1506 912 ex
1533 880 1615 913 Fide
1641 881 1757 915 vivit.

1274 932 1314 963 Se
1341 929 1389 963 tal
1412 929 1448 971 su
1477 928 1499 962 l'
1517 943 1581 963 rma
1606 951 1794 958 -----

1226 979 1316 1014 Heic
1365 978 1436 1027 ipse
1482 981 1725 1016 Bonaventura
1766 981 1807 1017 de
1850 984 1980 1019 Balneo

1227 1028 1358 1078 Regio,
1386 1029 1555 1078 descripta
1582 1032 1615 1066 δε
1643 1031 1887 1068 commendata
1916 1034 1982 1069 Vi-

1225 1082 1258 1115 ta
1306 1080 1406 1116 Beati
1453 1080 1658 1122 Dominici‚
1694 1096 1786 1118 nunc
1825 1083 1983 1119 intendit

1225 1132 1421 1180 vituperare
1449 1134 1571 1167 Vitam
1602 1135 1759 1169 Fratrum
1789 1132 1838 1168 sui
1875 1134 1980 1169 Ordi-

1224 1183 1299 1225 nis,
1327 1183 1360 1216 ὃ(
1389 1196 1431 1217 ex
1459 1182 1563 1218 dietis
1591 1183 1706 1232 arguit
1732 1184 1979 1219 excellentiam

1225 1233 1324 1268 Beati
1353 1233 1527 1268 Francisci
1545 1259 1555 1273 ,
1597 1245 1635 1270 ut
1672 1233 1714 1268 iic
1742 1234 1896 1269 habilius
1922 1236 1981 1270 de-

1224 1283 1341 1319 fendat
1369 1286 1503 1320 Fratres
1531 1285 1603 1333 ejus
1621 1311 1631 1320 .
1660 1283 1762 1320 Dicit
1789 1298 1870 1333 ergo
1898 1297 1980 1321 con-

1224 1335 1385 1369 cludens:

1263 1385 1495 1431 -L’eccellenza
1521 1387 1560 1420 de
1586 1385 1609 1420 l‘
1621 1387 1727 1431 altra,
1755 1406 1771 1412 —
1797 1406 1814 1412 -
1839 1405 1856 1412 ·-
1881 1404 1899 1412 ·-

1222 1434 1380 1479 scilicet,
1408 1436 1582 1472 Francisci
1601 1449 1610 1471 ε

1271 1507 1288 1512 -
1314 1507 1330 1512 -
1358 1507 1374 1512 -
1401 1506 1417 1511 -
1443 1487 1478 1519 dt
1505 1487 1554 1520 cui
1580 1490 1710 1520 Tomma

1221 1534 1381 1573 scilicet,
1409 1534 1449 1569 de
1478 1535 1646 1583 Aquino:

1271 1606 1287 1611 -
1314 1607 1331 1611 -
1357 1606 1373 1610 -
1400 1606 1416 1610 -
1438 1585 1476 1628 fu
1502 1586 1530 1619 si
1557 1585 1686 1629 cortese‚

1222 1635 1304 1682 quia
1331 1634 1484 1681 superius
1511 1645 1584 1670 tam
1612 1636 1681 1669 alte
1717 1634 1979 1671 commendavit

1223 1687 1345 1720 Vitam
1375 1685 1475 1720 Beati
1504 1683 1706 1719 Francisci:

1273 1736 1422 1779 Dinanzi
1449 1735 1483 1769 al
1509 1734 1570 1767 mio
1595 1734 1688 1768 venir
1713 1754 1731 1760 -
1757 1755 1773 1761 -
1800 1755 1816 1761 -
1844 1756 1861 1762 -

1223 1784 1380 1828 scilicet,
1408 1784 1444 1820 in
1466 1784 1578 1832 prima
1598 1783 1764 1829 Corona,
1793 1794 1979 1833 antequam

1224 1835 1360 1871 veniret
1400 1834 1568 1880 secunda,
1612 1834 1650 1870 in
1688 1848 1755 1884 qua
1797 1848 1888 1872 nunc
1916 1850 1981 1885 ego

1225 1886 1319 1922 sum:

1275 1941 1344 1971 Ben
1371 1938 1399 1971 ti
1423 1935 1580 1971 ‹low-ebbe
1606 1935 1684 1982 affai
1710 1936 1782 1983 effer
1806 1937 1930 1984 palese‚

1225 1987 1306 2022 idest
1323 2015 1332 2029 ‚
1370 1987 1451 2022 satis
1478 1987 1617 2022 deberet
1643 1986 1708 2022 esse
1736 1987 1803 2023 tibi
1831 1996 1913 2022 nota
1941 1986 1979 2024 &

1226 2036 1424 2072 manifesta:

1275 2094 1315 2122 Se
1341 2089 1389 2122 tal
1411 2089 1449 2132 fu
1476 2087 1575 2122 l'una
1602 2098 1668 2123 rota
1694 2108 1882 2114 -----

1227 2138 1390 2178 scilicet,
1420 2137 1654 2173 Dominicus:

1278 2210 1466 2216 -----
1492 2192 1529 2222 de
1555 2189 1589 2223 la
1616 2188 1718 2236 biga,

1229 2238 1336 2284 idest,
1364 2239 1534 2287 Ecclesiae
1551 2266 1560 2281 ‚
1591 2253 1679 2286 quae
1706 2239 1751 2275 est
1779 2253 1895 2275 currus
1923 2239 1983 2274 ha-

1230 2291 1310 2325 bens
1338 2290 1420 2326 duas
1448 2300 1561 2328 rotas,
1591 2290 1676 2326 sicut
1703 2290 1821 2338 pulcre
1848 2289 1985 2326 Auffior

1230 2340 1335 2377 finxit
1364 2341 1460 2384 supra
1488 2341 1524 2376 in
1556 2339 1784 2387 Purgatorio:

1282 2394 1318 2426 ln
1345 2385 1455 2427 ehe'la
1481 2394 1584 2426 santa
1610 2391 1722 2434 Cbiesa
1742 2390 1774 2430 fi
1798 2390 1923 2435 discſse,-

1229 2444 1261 2477 &
1292 2442 1474 2489 praecipue
1516 2455 1535 2477 a
1575 2440 1773 2478 domesticis
1803 2440 1986 2477 inimicis,

1232 2493 1332 2529 Unde
1360 2493 1469 2529 dicit:

1281 2547 1313 2578 E
1339 2545 1431 2589 vinse
1457 2545 1491 2580 in
1511 2555 1616 2592 campo
1639 2545 1674 2579 la
1692 2543 1756 2588 sua
1773 2542 1853 2577 civil
1875 2540 1991 2586 briga-

1831 2603 1936 2637 quam
