2216 3105
423 220 507 268 619
734 215 1168 261 BENVENUTI
1211 218 1622 263 IMOLENSIS
1843 233 1929 270 620

363 273 422 307 vel
449 287 490 308 ex
519 271 732 310 infelicitate
759 276 857 320 loci,
885 278 941 313 vel
969 292 1011 313 ex
1041 290 1117 323 pra-

362 335 409 358 vo
437 322 496 359 usu
525 323 728 361 hominum.
755 328 803 363 Et
830 341 921 363 nunc
956 329 1118 364 audiebat

363 372 457 408 idem
486 387 504 410 a
530 373 656 410 Marco
677 375 800 425 spiritu
823 379 1059 414 Lombardo
1050 392 1117 414 lra-

364 423 500 468 cundo‚
529 425 589 472 qui
619 425 685 462 hoc
712 427 801 463 dicit
829 429 869 464 de
897 429 1089 465 omnibus
1080 443 1117 465 in

362 452 539 522 generali,
567 478 600 511 &
629 477 665 512 in
695 479 897 525 particulari
919 481 959 515 de
982 480 1118 516 habita-

362 525 498 561 toribus
542 527 623 562 Padi
665 529 698 562 δ(
727 528 884 565 Athelis.
927 532 991 566 Per
1032 544 1119 578 quae

361 575 439 610 loca
467 575 561 612 dixit
590 578 680 625 poffe
721 578 861 614 tranfire
901 589 955 615 tut
959 594 997 619 e,
1040 581 1119 628 qui-

362 638 512 712 {umque
550 628 804 665 verecundatur
841 643 1118 680 appropu'lquare

387 689 464 712 oms

615 730 678 765 Ad
706 731 787 774 Vers.
817 733 874 766 80.

410 798 596 805 -----
623 793 638 813 e
665 780 769 826 quella
795 782 861 815 cria

410 832 461 863 La
485 839 584 863 mente
609 829 642 864 in
668 831 745 875 voi,
772 832 822 866 che
847 830 872 866 ’l
897 831 969 866 ciel
992 845 1051 867 non
1077 833 1119 868 ba

461 880 494 913 in
516 880 578 925 sua
603 894 694 916 cura.

360 928 529 974 Scilicet,
561 933 720 976 Natura,
748 933 803 967 vel
836 935 930 969 Deus
956 942 1048 969 creat
1075 934 1117 970 ab

359 980 470 1016 initio
499 981 652 1017 animam
690 982 896 1019 rationalem
933 984 970 1019 in
1000 984 1117 1020 homi-

360 1031 483 1067 nibus.
511 1031 606 1077 Quia
633 1033 771 1077 anima,
799 1047 887 1082 quae
913 1034 958 1069 est
984 1048 1036 1070 res
1063 1034 1117 1070 di-

360 1081 466 1125 vina,
486 1095 557 1117 non
578 1082 623 1118 est
648 1097 666 1118 a
693 1093 898 1132 generante,
919 1084 973 1120 sed
1001 1099 1019 1120 a
1041 1087 1117 1120 Deo

360 1141 521 1176 creante,
557 1132 643 1169 licet
670 1133 782 1169 infusa
810 1135 948 1182 corpori
977 1148 1117 1171 movea-

358 1191 416 1218 tur
451 1182 636 1218 secundnm
674 1185 955 1232 complexionem
993 1199 1117 1234 corpo-

360 1233 431 1268 ris.
470 1232 590 1269 Nimis
627 1233 808 1270 absurdum
839 1249 920 1284 ergo
950 1236 1116 1281 videtur,

359 1283 451 1331 quod
482 1283 589 1321 homo
617 1284 822 1334 subjiciatur
849 1288 970 1330 coelo,
1006 1300 1113 1335 quum

358 1333 476 1382 potius
503 1335 586 1370 astra
616 1334 680 1371 sint
708 1335 798 1371 fasta
833 1347 972 1394 propter
999 1337 1115 1374 horni-

359 1398 467 1428 nem,
497 1386 601 1434 quam
638 1400 656 1422 e
693 1387 892 1424 contrario.
932 1388 1038 1424 Unde
1074 1389 1114 1423 ad

358 1434 634 1472 confirmandum
652 1436 863 1485 propositum
879 1439 1032 1473 occurrit
1049 1438 1115 1473 mi-

359 1485 396 1521 hi
424 1500 475 1522 res
504 1486 638 1534 jocosa.
677 1488 836 1530 floruit,
865 1501 933 1522 non
962 1489 1006 1523 est
1033 1488 1115 1532 diu,

358 1535 395 1571 in
431 1535 595 1573 Civitate
635 1537 767 1573 Paduae
809 1537 951 1584 quidam
995 1541 1115 1575 Petrus

358 1586 400 1621 de
425 1588 573 1631 Abano‚
602 1587 754 1622 eximius
783 1587 1035 1634 Philosophus,
1064 1591 1115 1624 A-

358 1636 548 1685 strologus,
576 1635 613 1673 &
643 1637 824 1672 Medicus.
855 1638 929 1683 Qui
958 1639 998 1674 ad
1027 1649 1115 1674 tem-

358 1700 420 1735 pus
448 1687 516 1722 fuit
543 1687 579 1722 in
609 1687 667 1723 ista
694 1687 863 1736 opinione
892 1702 1014 1736 prava.
1043 1691 1114 1724 Ac-

359 1737 447 1772 cidit
475 1747 591 1773 autem
620 1737 723 1773 semel
741 1765 748 1778 .,
778 1738 871 1785 quod
898 1739 1057 1774 accensus
1085 1740 1116 1774 i·

359 1788 395 1823 ra
422 1797 542 1823 contra
580 1787 713 1823 servum
755 1787 873 1831 suum,
910 1788 970 1835 qui
1008 1789 1115 1824 nimis

359 1837 456 1872 tarde
495 1837 645 1873 redierat
685 1838 827 1873 domum
850 1866 859 1882 ,
897 1839 1039 1874 volebat
1078 1840 1115 1874 in

360 1887 511 1923 furore'
501 1887 646 1936 injicere
674 1901 794 1924 manus
822 1889 858 1925 in
886 1903 984 1924 eum.
1012 1891 1115 1925 Tunc

362 1937 476 1973 servus
504 1937 605 1986 sagax
633 1937 749 1974 subito
776 1940 852 1975 ulus
880 1940 923 1974 est
950 1940 1116 1988 ingenio,

360 1990 393 2024 &
421 1988 539 2024 dixit:
579 1991 715 2033 Fateor,
749 1990 893 2036 magister
919 1991 962 2023 mi
989 1989 1035 2028 a&
1061 1992 1117 2024 do-

362 2039 466 2083 mine,
505 2053 551 2074 me
585 2039 718 2086 erraffe.
755 2042 820 2074 Sed
857 2054 953 2075 unum
987 2040 1118 2075 verbum

358 2101 487 2135 precor,
531 2091 642 2126 audire
681 2091 849 2137 digneris,
891 2101 1059 2138 antequam
1100 2106 1120 2126 a

361 2155 408 2174 me
427 2151 558 2185 poenam
580 2141 722 2176 meritam
747 2141 874 2188 exigas.
900 2142 1036 2176 Audivi
1049 2142 1119 2186 sae—

359 2202 395 2237 pe
412 2216 422 2230 ,
459 2203 495 2226 ut
530 2191 606 2226 bene
631 2192 749 2235 recolo,
778 2203 808 2226 te
836 2192 1014 2234 dicentem,
1042 2193 1122 2238 quod

362 2242 464 2276 omnia
489 2242 641 2277 eveniant
665 2243 703 2276 de
730 2242 918 2315 necestitate.
956 2243 1115 2289 Quomodo

361 2304 429 2338 ergo
453 2303 590 2336 poteram
614 2292 706 2327 citius
731 2293 867 2327 venire?
895 2294 1015 2328 Petrus
1041 2306 1113 2328 ma-

362 2343 414 2390 gis
441 2342 507 2377 irat
511 2357 571 2382 us,
607 2341 786 2391 porrigens
812 2355 954 2377 manum
985 2342 1026 2377 ad
1057 2343 1116 2378 ba-

361 2394 477 2428 culum
494 2419 504 2435 ‚
540 2394 688 2428 clamare
719 2391 861 2440 coepit:
902 2394 1022 2440 Neceffe
1047 2392 1087 2433 est
1104 2417 1114 2432 ,

352 2444 443 2489 serve
470 2454 600 2488 nequam
616 2470 625 2483 ,
663 2447 744 2489 quod
777 2453 808 2476 te
842 2445 918 2477 dure
954 2443 1116 2488 corripiam

362 2497 400 2528 de
426 2492 615 2528 contumacia
640 2502 718 2527 tua.
754 2495 857 2528 Tunc
893 2492 1007 2528 servus
1045 2506 1114 2528 non

360 2543 525 2587 territus,
561 2541 738 2591 applicans
765 2556 906 2580 manum
934 2542 975 2578 ad
1013 2556 1116 2592 capu-

1154 276 1189 311 A
1229 279 1329 323 lum,
1358 279 1477 315 dixit.

1516 283 1565 315 Et
1589 288 1666 315 certe
1680 304 1690 319 ‚
1727 282 1872 329 magister
1897 284 1984 328 insa-

1228 344 1290 369 ne,
1327 328 1435 376 nea-effe
1468 330 1535 372 est,
1563 333 1646 377 quod
1673 329 1805 378 infigam
1836 334 1984 380 gladium

1228 381 1261 414 in
1287 381 1405 425 viscera
1429 391 1505 417 tua.
1545 383 1664 417 Petrus
1700 391 1816 418 autem
1853 383 1983 420 timore

1229 439 1442 480 temperante
1468 431 1555 467 iram
1573 459 1583 475 ‚
1612 431 1729 467 dixit:
1767 436 1894 481 Semper
1913 435 1981 477 sta-

1228 481 1276 516 bis
1302 496 1434 522 meeum,
1454 482 1487 523 st
1512 483 1598 517 voles
1612 496 1632 526 ‚·
1659 483 1701 517 (9⁶
1725 485 1871 528 promitto
1897 485 1959 519 tibi
1972 511 1983 528 ,

1228 535 1308 579 quod
1333 546 1501 579 numquam
1526 534 1565 566 cle
1591 544 1684 567 cetero
1718 533 1834 569 habebo
1863 535 1982 582 opinio-

1228 596 1295 616 nem
1321 583 1411 626 islam
1427 596 1516 626 ,nec
1542 584 1713 628 aliquando
1734 582 1892 627 suadebo.

1463 634 1526 666 Ad
1553 633 1635 676 Vers.
1666 644 1746 668 102.

1280 683 1327 718 Di
1362 684 1432 728 quel
1459 681 1493 722 st
1524 683 1633 728 paſse,
1669 696 1684 715 e
1716 683 1777 728 pita
1811 686 1888 721 altre
1923 701 1982 722 non

1328 733 1456 766 chiede.

1229 781 1319 817 Heic
1355 791 1460 821 nota,
1488 781 1582 829 quod
1620 783 1724 817 Poeta
1761 784 1872 820 noster
1901 786 1982 831 juste

1228 832 1454 880 conqueritur
1480 832 1521 867 de
1558 833 1652 867 malo
1679 832 1849 881 regimine
1883 837 1983 872 Prae-

1228 885 1406 926 latorum‚
1443 883 1537 930 quod
1573 883 1617 918 est
1653 883 1744 930 quasi
1783 885 1880 921 causa
1907 900 1985 922 om-

1228 933 1326 969 nium
1363 934 1559 969 malorum.
1596 933 1718 979 Quia,
1756 943 1794 970 ut
1822 936 1981 973 videmun

1228 984 1267 1019 de
1295 982 1409 1027 fausto,
1448 984 1600 1030 Populus
1637 997 1654 1019 a
1683 984 1839 1021 moribus
1866 989 1981 1023 Sacer-

1226 1034 1348 1070 dotum
1376 1033 1515 1069 facilius
1553 1033 1731 1070 contrahit
1758 1035 1848 1071 vitia
1875 1050 1981 1084 quam

1228 1085 1394 1120 virtutes.
1432 1084 1534 1120 Unde
1561 1084 1718 1133 arguitur
1745 1085 1812 1121 sic:
1846 1088 1980 1124 Praela-

1227 1135 1278 1178 ti,
1308 1135 1481 1174 Pastores,
1509 1135 1730 1178 Sacerdotes,
1759 1137 1793 1171 δι
1825 1137 1983 1186 Religio-

1227 1185 1247 1220 si
1262 1186 1353 1234 ‚qui
1382 1185 1623 1228 sapientissimi
1652 1163 1836 1222 horriinum
1858 1188 1986 1225 docent

1227 1250 1289 1272 nos
1325 1236 1488 1271 mandata
1525 1235 1594 1272 Dei
1629 1236 1663 1271 &
1700 1238 1812 1285 Leges
1841 1238 1983 1274 δεηθε-

1226 1300 1302 1323 rum
1340 1286 1622 1335 Scriptura-rum,
1659 1295 1784 1330 petunt
1810 1289 1844 1323 8<
1879 1302 1983 1347 appe-—

1227 1346 1307 1373 tunt
1335 1337 1393 1372 ista
1421 1337 1630 1382 temporalia
1648 1364 1658 1381 ‚
1688 1347 1770 1386 puta
1798 1339 1982 1386 pecunias,

1229 1389 1452 1435 voluptates,
1488 1389 1521 1422 &
1559 1387 1670 1423 talia.
1709 1390 1802 1435 Ergo
1837 1398 1897 1424 aut
1925 1402 1984 1425 co·-

1227 1432 1396 1486 gnoscunt
1415 1451 1454 1472 ea
1477 1438 1541 1472 effe
1563 1439 1673 1480 bona,
1699 1449 1759 1473 aut
1780 1440 1892 1474 Deum
1915 1441 1983 1475 cle-

1229 1500 1320 1522 men
1309 1487 1477 1522 iffimum
1515 1500 1576 1534 pro
1607 1487 1770 1522 omnibus
1803 1488 1875 1524 fore
1909 1488 1981 1537 pas-

1228 1538 1324 1573 sum.
1359 1537 1442 1573 Ideo
1472 1536 1621 1571 Praelati
1650 1546 1812 1573 tenentur
1838 1538 1879 1574 de
1906 1539 1982 1575 ani-

1230 1588 1347 1623 mabus
1376 1586 1621 1629 subditorum,
1651 1587 1713 1634 qui
1741 1588 1876 1635 sequuti
1905 1588 1984 1625 sunt

1228 1651 1346 1673 eorum
1390 1638 1481 1672 mala
1517 1638 1705 1684 exempla.
1747 1637 1831 1673 Ideo
1868 1638 1983 1675 subdit

1228 1690 1368 1724 Marcus
1384 1701 1392 1721 :

1279 1741 1348 1772 Ben
1373 1737 1448 1781 puoi
1473 1740 1570 1770 veder
1595 1757 1611 1762 —
1638 1757 1654 1763 ·-
1681 1757 1696 1762 -
1722 1757 1739 1763 —

1229 1791 1281 1823 Ex
1311 1787 1390 1831 his,
1418 1800 1506 1834 quae
1533 1786 1637 1821 dixi:

1278 1858 1465 1865 -----
1493 1837 1543 1871 che
1569 1837 1604 1871 la
1629 1838 1714 1872 mala
1739 1842 1904 1879 condona,

1230 1888 1386 1929 scilicet.
1416 1887 1562 1923 Pastoris

1281 1939 1321 1974 E*
1349 1940 1382 1972 la
1408 1939 1537 1985 cagion,
1564 1938 1615 1971 che
1642 1937 1666 1971 'l
1692 1940 1815 1973 Mando
1840 1940 1881 1974 ha
1902 1939 1988 1984 fatto

1332 2001 1404 2023 reo.

1465 2041 1529 2073 Ad
1556 2038 1637 2082 Verfi
1672 2041 1750 2075 108.

1281 2093 1404 2125 Facean
1429 2092 1539 2123 vedere
1559 2102 1574 2122 e
1596 2089 1648 2122 del
1672 2090 1794 2123 Mando
1812 2103 1826 2123 e
1845 2091 1881 2124 di
1901 2093 1984 2126 Deo.

1203 2143 1205 2164 '¹
1230 2141 1284 2176 Ita
1304 2140 1491 2175 reddebant
1511 2151 1598 2186 quae
1619 2138 1696 2174 sunt
1717 2138 1875 2176 Caesaris
1895 2139 1987 2176 Cae-

1231 2191 1321 2233 sari,
1358 2191 1392 2225 ὃ(
1422 2203 1509 2237 quae
1546 2188 1624 2224 sunt
1662 2190 1728 2225 Dei
1760 2192 1863 2239 Deog
1902 2189 1987 2226 ficut

1231 2241 1346 2285 patuit
1383 2239 1419 2275 in
1457 2239 1688 2276 Constantino
1724 2241 1758 2275 8<
1796 2240 1988 2285 Silvestro,

1231 2291 1267 2327 ὅ(
1296 2290 1487 2334 justiniano
1506 2318 1515 2332 ,
1543 2291 1576 2325 &
1606 2290 1785 2339 Agapito‚
1813 2292 1846 2326 δε
1875 2289 1988 2327 Caro-

1231 2344 1266 2377 10
1295 2341 1451 2390 Magno,
1482 2340 1520 2377 &
1548 2340 1726 2376 Adriano.
1764 2343 1810 2377 Et
1845 2341 1896 2377 ita
1927 2354 1988 2390 po-

1231 2392 1295 2427 stea
1323 2392 1359 2427 in
1388 2391 1592 2439 quibusdam
1622 2391 1815 2428 ottonibus
1842 2394 1987 2427 Germa-

1231 2442 1312 2483 nis
1349 2443 1382 2476 δε
1421 2442 1522 2490 Papis
1559 2441 1746 2478 Romanis.
1783 2441 1866 2477 Ideo
1902 2442 1987 2476 bene

1231 2469 1440 2536 justinianus
1469 2495 1664 2540 Imperator
1692 2492 1768 2526 ait:
1800 2494 1927 2536 Magna
1952 2490 1987 2522 in

1230 2543 1406 2577 hominibus
1425 2543 1504 2586 sunt
1529 2546 1612 2577 dona
1636 2541 1702 2576 Dei
1725 2555 1746 2575 a
1764 2539 1902 2622 superi?
1927 2539 1986 2572 col-

1883 2599 1938 2624 ata
