2216 3105
429 247 457 290 7
460 250 511 290 03

737 236 1176 283 BENVENUTI
1215 242 1625 288 IMOLENSIS
1852 263 1937 304 704

371 289 415 326 est
458 300 595 328 tantum
648 294 833 343 depravata
873 299 1000 335 hodie.
1047 300 1130 336 Ideo
1164 301 1214 341 A!
1241 303 1426 340 Albericus
1456 307 1537 340 vero
1566 304 1634 340 fuit
1662 304 1729 340 alia
1757 304 1836 345 fax,
1874 307 1993 342 ardens

369 352 523 378 meretur
550 345 655 380 talem
695 346 939 394 disciplinam.
983 353 1029 385 Ec
1071 354 1130 385 de-

369 390 492 428 scribit
520 395 718 432 Marchiam
746 397 856 447 ipsam
883 414 902 436 a
929 400 997 437 suis
1019 402 1128 437 confi-

369 441 472 479 nibus
488 469 499 484 ,
527 445 670 482 dicens:

419 498 915 539 --—-ches1'ede----

368 542 477 584 idest,
506 545 628 582 situata
655 548 719 584 est:

419 616 435 621 -
462 616 478 621 -
505 617 520 622 —
549 618 563 623 —
592 598 678 632 intra
704 600 844 644 Rialw,

369 647 502 681 Canale
531 660 694 696 magnum
734 650 779 685 est
815 665 923 698 aquae
950 653 1125 694 marinae,

369 696 462 742 quod
492 697 622 733 dividit
650 698 852 736 Civitatem
875 704 1123 740 Venetiarum.

367 745 426 780 Ad
455 747 545 793 quod
575 747 619 782 est
646 751 836 786 notandum
856 776 865 791 ‚
894 753 985 799 quod
1015 754 1126 803 impe-

367 805 465 831 rante
493 797 704 840 Justiniano,
733 802 856 837 Totila
888 805 961 839 Rex
987 806 1125 841 Gotho-

367 859 442 881 rum
477 846 602 884 invafit
640 850 809 895 Italiam,
847 851 884 889 &
922 855 1016 903 cepit
1054 858 1126 892 Ro-

367 909 481 931 mam.
520 901 603 945 Quo
640 909 798 948 tempore
834 904 939 939 multi
977 906 1018 941 de
1046 920 1124 954 pro-

366 946 485 983 vincia
515 951 664 986 Venetia
701 951 871 1001 fugientes
906 954 1057 992 furorem
1087 956 1123 993 ὃ(

369 998 613 1036 crudelitatem
644 1003 870 1048 Gothorum,
909 1019 986 1041 curn
1024 1007 1124 1043 rebus

367 1046 459 1087 suis,
498 1063 582 1097 quas
610 1052 723 1088 secum
752 1055 886 1091 trahere
916 1066 1123 1103 potuerunt,

368 1097 532 1147 fugerunt
560 1101 596 1136 in
627 1104 771 1139 Paludes
809 1105 920 1141 Maris
949 1107 1122 1148 Adriaci,

367 1150 399 1183 &
438 1150 536 1197 juxta
575 1153 706 1188 Rivum
744 1157 854 1192 altum
893 1157 1123 1194 condiderunt

368 1197 596 1245 Civitatem,
635 1217 737 1251 quam
769 1206 936 1242 Venetias
974 1222 1123 1244 vocave-

367 1260 472 1286 runt.
509 1254 605 1299 Quia
633 1255 673 1290 de
701 1255 841 1292 diverfis
869 1258 1024 1305 partibus
1052 1262 1122 1295 Ve-

368 1301 483 1337 netiae
521 1316 755 1341 convenerant
793 1307 863 1344 ibi.
902 1310 947 1343 Et
983 1309 1021 1344 in
1058 1310 1123 1345 illo

367 1352 447 1386 loco
475 1363 552 1389 tuto
574 1366 761 1400 coeperunt
789 1358 896 1394 libere
918 1359 1036 1395 vivere
1057 1359 1123 1395 suis

370 1402 524 1450 legibus.
554 1407 600 1440 Et
628 1406 670 1441 fic
700 1418 839 1454 propter
866 1409 1064 1445 libertatem
1091 1412 1122 1446 ὃ(

368 1451 588 1490 securitatem
627 1458 720 1499 loci,
758 1458 795 1493 &
825 1469 964 1506 propter
992 1462 1122 1496 malurn

368 1502 489 1539 statum
520 1506 666 1542 aliarum
695 1507 924 1553 Civitatum‚
953 1509 1006 1545 seu
1036 1513 1123 1546 Ter-

368 1567 505 1594 rarum,
535 1557 675 1593 Civitas
703 1558 762 1593 ista
791 1560 907 1607 coepit
935 1561 975 1595 de
1003 1560 1059 1596 die
1087 1561 1122 1596 in

369 1604 460 1638 diem
499 1606 673 1650 crescere,
716 1608 821 1655 usque
857 1623 927 1656 quo
965 1611 1124 1657 pervenit

368 1654 408 1689 ad
437 1663 508 1689 tam
539 1656 715 1704 superbam
745 1660 959 1705 potentiam.

419 1707 451 1739 E
478 1706 506 1739 le
529 1707 659 1750 fontane
684 1709 721 1742 di
746 1712 869 1743 Brenta
892 1724 907 1743 e
931 1711 967 1744 di
994 1711 1122 1754 Pt'ava,

369 1757 496 1790 Brenta
534 1757 577 1791 est
615 1756 764 1801 fluvius,
802 1760 863 1807 qui
900 1760 1031 1795 dividit
1061 1763 1124 1795 Pa-

370 1805 471 1840 duam
500 1807 533 1840 &
563 1808 724 1855 claudit;
763 1808 804 1844 de
841 1823 910 1855 quo
948 1810 1033 1845 alibi
1070 1811 1123 1845 di-

369 1855 464 1890 &um
493 1856 561 1891 est.
599 1859 646 1892 Et
684 1859 790 1893 Piava
829 1858 956 1894 fluvius
995 1859 1125 1895 labitur

369 1919 427 1954 per
464 1906 700 1943 Territorium
739 1909 912 1949 Tarvifii‚
943 1909 986 1945 ’ἃ
1016 1910 1125 1946 nasci-

370 1966 426 1991 tur
471 1956 569 2006 supra
610 1958 808 1995 Civitatem
850 1960 1027 1996 Belluni:
1079 1963 1125 1996 Et

369 2007 478 2042 dicit:

419 2079 435 2084 —
461 2080 478 2085 -
503 2080 520 2085 -
545 2081 562 2086 -
588 2073 604 2093 e
630 2073 688 2094 non
710 2061 804 2107 surge
830 2060 1020 2096 molt’altoz

371 2108 453 2156 quia
484 2109 629 2145 humilis
666 2111 768 2146 collis
805 2111 874 2154 est,
912 2124 983 2146 non
1020 2113 1124 2157 longe

370 2173 389 2194 a
417 2160 595 2195 montibus
623 2161 704 2196 altis
740 2161 778 2196 in
815 2171 974 2197 extremo
1001 2161 1123 2197 Terri-

371 2210 455 2245 torii
483 2210 683 2246 Tarvifini:

421 2263 472 2295 LA
499 2262 576 2295 oncle
595 2262 676 2306 scese
697 2263 755 2308 gr‘d
782 2276 847 2297 una
868 2263 1009 2307 sacella,

372 2310 454 2346 idest
479 2338 488 2354 ‚
526 2325 567 2347 ex
605 2325 675 2359 quo
712 2313 896 2348 Eccelinus
933 2313 1026 2361 ipse,
1063 2313 1124 2360 qui

375 2360 441 2396 fuit
468 2365 547 2396 vere
576 2362 632 2397 fax
661 2363 780 2398 ardens
799 2391 808 2408 ,
845 2363 1043 2398 immittens
1070 2364 1126 2398 in-

375 2411 534 2446 cendium
564 2413 600 2447 in
629 2413 790 2448 vicinos.
819 2414 901 2448 Ideo
928 2413 1038 2449 dicit:

425 2462 488 2495 Che
515 2462 577 2503 fece
603 2464 669 2497 alla
695 2465 858 2499 Contrada
884 2485 899 2490 -
925 2484 941 2490 ·-
968 2485 983 2489 -
1010 2485 1026 2490 -

374 2511 509 2547 {cilicet
527 2539 537 2552 ,
565 2512 745 2549 Marchiae
772 2514 1005 2550 Tarvisanae:

428 2583 444 2591 ι-
469 2583 484 2590 -
511 2584 527 2591 -
553 2582 569 2588 -
595 2576 636 2597 un
659 2566 781 2610 grande
806 2564 934 2610 affulta.

1210 342 1214 360 ¹
1240 352 1414 404 libidine3
1452 356 1485 390 &
1514 354 1574 391 ista
1601 355 1749 392 Cunitia
1777 355 1847 391 fuit
1873 356 1993 392 ardens

1240 415 1379 440 amore.
1416 405 1600 442 Eccelinus
1638 416 1755 442 tamen
1793 419 1864 442 non
1901 408 1993 442 mul-

1241 462 1315 489 tum
1344 456 1480 491 curavit
1508 456 1549 492 de
1579 457 1759 493 venereis:

1291 504 1336 539 D’
1353 519 1416 541 una
1443 508 1545 541 radice
1571 529 1587 534 -
1613 529 1630 534 -
1656 528 1672 533 -
1698 529 1714 534 -

1241 554 1332 591 Heic
1359 556 1506 592 Cunitia
1535 557 1697 593 describit
1734 557 1766 593 se
1794 571 1811 593 a
1841 557 1994 606 parenti-

1242 605 1303 642 bus
1330 607 1473 642 nomine
1499 608 1533 641 δ(
1563 607 1651 643 sorte
1669 635 1678 651 ‚
1706 607 1850 643 dicens:

1290 676 1306 682 -
1333 677 1349 682 -
1376 677 1392 682 —
1418 677 1434 682 -
1462 657 1573 702 nacqui
1599 656 1644 694 (θ’
1673 658 1701 690 io
1728 657 1773 695 όν
1800 660 1883 699 ella,

1239 704 1400 744 scilicet,
1428 705 1565 740 facula:
1597 708 1708 752 nacqui
1733 708 1841 743 d’una
1868 708 1991 754 radice,

1240 754 1322 789 idest
1348 768 1391 790 ex
1419 755 1539 790 eodem
1578 765 1673 803 patre
1700 757 1734 790 &v
1762 767 1893 799 matre,
1931 772 1992 793 no-

1242 805 1335 840 mine
1363 805 1562 850 Adeleyta,
1601 814 1638 841 ut
1675 804 1796 842 scribit
1823 808 1992 844 Muss‘atus

1242 857 1345 890 Poeta
1376 856 1575 891 paduanus:

1292 905 1421 951 Cuniffa
1444 907 1497 950 fui
1523 906 1678 942 chiamatae
1689 929 1869 943 -----

1238 968 1367 991 nomen
1395 957 1573 1004 proprium
1601 957 1645 993 est
1662 985 1670 993 .

1290 1007 1352 1041 Del
1379 1007 1477 1049 nostro
1503 1008 1608 1048 Cielo,
1637 1029 1652 1034 -
1679 1029 1695 1034 -
1721 1030 1737 1035 -
1763 1030 1780 1035 -

1238 1055 1346 1099 idest,
1374 1056 1415 1093 de
1443 1057 1588 1105 Sphaera
1618 1058 1786 1094 Veneris:

1288 1128 1305 1133 -
1332 1128 1348 1133 -
1373 1129 1390 1134 -
1417 1129 1432 1134 -
1460 1111 1511 1142 che
1534 1109 1594 1152 pie&
1621 1107 1692 1142 m’&
1715 1109 1891 1156 propinqua
1907 1137 1915 1145 .

1240 1156 1345 1197 Idest,
1375 1158 1484 1206 magis
1512 1159 1735 1206 approximat
1763 1160 1874 1199 mihi,
1910 1160 1992 1208 quia

1238 1207 1281 1243 est
1310 1208 1398 1243 mihi
1437 1208 1546 1257 magis
1584 1208 1796 1245 conformis.
1835 1212 1931 1246 Haec
1959 1223 1995 1245 e—

1237 1268 1289 1294 rat
1317 1259 1432 1294 anima
1461 1258 1636 1305 cujusdam
1674 1260 1773 1295 fulci
1801 1260 1842 1295 de
1871 1259 1993 1295 Marsi-

1238 1309 1313 1352 lia,
1357 1318 1395 1345 ut
1439 1310 1549 1357 postea
1589 1310 1752 1345 dicetur.
1792 1312 1838 1344 Et
1878 1310 1992 1358 tangit

1237 1359 1506 1395 diuturnitatem
1535 1359 1645 1396 famae
1682 1360 1775 1396 istius
1813 1360 1993 1405 hominis,

1238 1423 1324 1456 quae
1352 1410 1491 1446 durabit
1511 1409 1622 1446 adhuc
1649 1410 1852 1459 quingentis
1871 1410 1992 1451 annis,

1238 1460 1354 1495 dicens
1372 1474 1379 1495 ε

1288 1510 1401 1555 guelfo
1445 1510 1602 1550 centesimo
1640 1523 1723 1544 anno
1762 1523 1853 1544 ancor
1890 1510 1918 1543 s‘
1942 1511 1994 1544 in-

1337 1573 1479 1604 Μωμέμ-

1237 1608 1343 1648 idest,
1380 1608 1439 1643 iste
1477 1623 1637 1645 numerus
1669 1608 1903 1644 Centenarius
1931 1623 1992 1645 an-

1165 1667 1193 1699 D
1236 1672 1358 1694 norum
1397 1659 1583 1706 quinquies
1621 1660 1824 1694 iterabitur.
1862 1659 1994 1695 Curre-

1239 1711 1320 1743 bant
1357 1709 1451 1744 enim
1489 1719 1572 1743 tunc
1611 1709 1708 1742 Anni
1749 1708 1894 1743 Domini
1933 1711 1993 1743 M-

1239 1758 1355 1794 CCC.
1403 1759 1541 1805 quando
1582 1760 1689 1793 Poeta
1731 1758 1854 1795 habuit
1899 1758 1993 1794 suam

1239 1808 1436 1843 mirabilem
1466 1808 1653 1844 vifionem.

1288 1881 1304 1885 -
1330 1880 1346 1885 -
1373 1880 1388 1885 -
1415 1881 1430 1886 —
1457 1859 1529 1903 pria
1555 1862 1606 1893 che
1632 1858 1741 1903 moja,

1240 1909 1342 1952 idest,
1371 1918 1556 1955 antequam
1592 1908 1682 1944 fama
1720 1908 1887 1956 praedie'ti
1918 1924 1992 1946 mo-

1240 1959 1374 1994 riatur.
1412 1962 1459 1995 Et
1486 1959 1563 1995 heic
1592 1968 1699 1998 nota,
1736 1960 1828 2006 quod
1859 1961 1995 1996 Aufflor

1240 2010 1348 2044 nol-ier
1365 2010 1514 2053 expresse
1526 2009 1614 2044 dicit
1627 2009 1842 2044 mendacium
1858 2034 1868 2048 ‚
1884 2023 1992 2056 quum

1239 2059 1279 2094 de
1307 2059 1450 2095 homine
1487 2059 1549 2095 isto
1588 2060 1655 2107 jam
1692 2073 1760 2095 non
1798 2059 1838 2093 fit
1874 2058 1991 2103 fama,

1239 2109 1344 2144 etiam
1373 2110 1411 2145 in
1439 2110 1550 2156 patria
1586 2110 1749 2158 propria.
1789 2110 1881 2144 Dico
1919 2110 1993 2144 bre—

1241 2160 1355 2203 viter,
1393 2160 1487 2208 quod
1515 2160 1652 2195 Aufflor
1687 2161 1766 2195 vult
1802 2159 1909 2194 tacite
1936 2160 1992 2194 in—

1241 2224 1368 2250 nuere,
1404 2210 1497 2257 quod
1526 2210 1597 2258 ipse
1623 2209 1756 2246 dederit
1783 2208 1910 2244 famam
1940 2209 1992 2245 isti

1244 2261 1379 2296 mione
1407 2260 1550 2296 virtutis
1578 2261 1672 2308 ejus,
1701 2274 1787 2307 quae
1815 2260 1905 2294 fama
1926 2273 1995 2295 non

1208 2328 1212 2337 =
1243 2311 1437 2354 morietur,
1474 2311 1579 2358 usque
1598 2325 1676 2358 =qu0
1704 2311 1802 2345 vivet
1829 2310 1940 2346 Liber
1965 2310 1994 2345 i-

1241 2362 1316 2404 ste,
1357 2362 1418 2408 qui
1454 2361 1594 2396 durabit
1637 2375 1695 2408 per
1730 2362 1841 2395 multa
1883 2360 1994 2395 secula

1244 2425 1439 2450 annorum,
1482 2411 1504 2446 fi
1549 2411 1721 2459 possumus
1762 2410 1997 2458 conjefflurare

1244 2462 1284 2496 de
1321 2462 1464 2511 suturog
1502 2462 1583 2507 quia
1613 2461 1771 2496 videmus
1799 2460 1996 2503 continuo,

1245 2513 1336 2557 quod
1377 2512 1467 2547 fama
1508 2512 1603 2547 istius
1640 2510 1810 2545 Aufftoris
1851 2509 1995 2544 crescit.

1212 2568 1218 2600 1
1245 2565 1290 2598 Et
1317 2577 1361 2598 ex
1388 2563 1454 2598 hoc
1481 2562 1621 2597 AuE’tor
1648 2561 1853 2596 exhortatur
1883 2557 1999 2593 homi-

1892 2620 1950 2641 nes
