2216 3105
381 235 497 284 “3ss
690 217 1161 262 BENVENUTI

352 291 488 314 xlmam
516 291 634 325 rapam
660 277 798 314 dicens:
829 283 906 314 Ecce
930 293 1022 325 quam
1050 278 1110 312 mi-
1154 280 1185 314 A

354 329 467 363 rabilis
495 330 644 364 Potentia
673 330 753 369 Dei,
782 331 891 376 quiex
910 330 1039 364 tarmllo
1058 329 1110 374 se-

352 379 437 413 mine
473 379 545 420 fecit
572 391 696 414 tantum
726 380 890 423 frus't‘um.
929 380 990 415 Iste
1027 393 1109 427 ergo

353 442 498 478 magnus
536 429 710 466 bestiarius
739 444 757 465 a
786 440 906 466 natura
927 457 937 472 ,
975 430 1109 465 labora-

353 479 413 515 bat
440 480 504 516 isto
531 481 625 516 vitio
654 480 873 516 bestialitatis
903 490 1022 516 contra
1048 494 1108 515 na-

352 538 465 566 turam
479 559 488 566 .
510 533 613 567 Nunc
633 531 755 566 ordina
777 530 819 566 fic
839 532 977 566 literam
993 560 1001 573 ,
1022 544 1107 579 quae

353 581 399 617 est
423 581 505 617 satis
529 581 714 617 intricata.
746 581 846 616 Dicit
871 581 933 616 ille
961 583 1108 616 Brunet—

353 640 408 667 tus
439 631 568 666 Danti:
609 635 656 665 Et
680 631 791 677 potei,
828 630 912 665 idest
949 631 1040 678 quod
1071 641 1106 665 tu
1192 640 1193 645 ¹

353 691 488 728 poteras
524 682 680 719 υεάενυί,
717 680 801 715 idest
829 680 946 716 videre
982 681 1033 716 ibi
1071 680 1106 715 in
1191 669 1194 706 ¹

351 732 411 768 ista
440 732 539 768 turba
567 731 785 769 animarum,
822 744 909 778 quae
938 730 1108 766 velociter
1128 746 1132 791 ι
1154 724 1195 765 ssl

353 795 490 817 currens
529 782 597 828 jam
628 781 780 816 multum
809 780 1048 816 absentaverat
1077 779 1107 816 se
1191 774 1194 824 l

352 845 370 868 a
398 832 583 880 conspeetu
619 844 760 866 eorum.
800 831 881 866 Ideo
919 830 962 866 fic
990 832 1107 878 loqui-

350 891 430 918 tur:
469 883 583 922 Colm‘,
617 881 753 917 scilicet
789 881 1001 931 Episcopum
1029 883 1107 917 An-

350 934 466 968 dream
495 933 557 980 qui

395 983 435 1027 su
455 984 638 1027 trasmutato
657 983 794 1019 d’Arno
813 983 846 1018 in
865 983 1105 1030 Bacchiglr'one,

350 1033 454 1079 Quasi
482 1035 598 1073 dicat,
627 1035 719 1081 quod
751 1048 792 1069 ex
822 1033 995 1082 Episcopo
1023 1035 1105 1068 Flo-

348 1085 489 1120 rentino
520 1084 630 1119 faustus
660 1084 728 1119 fuit
755 1084 946 1132 Episcopus
976 1084 1105 1119 Viceu-

348 1135 464 1170 tinus.
493 1137 586 1171 Nam
609 1137 726 1169 Arnus
754 1134 882 1170 fluvius
906 1134 1026 1170 transit
1047 1148 1105 1182 per

349 1185 592 1224 Florentiam,
634 1185 882 1220 Bacchilionus
921 1198 1003 1220 vero
1047 1199 1104 1233 per

347 1237 570 1272 Vicentiam.
598 1238 645 1270 Et
676 1235 752 1270 heic
780 1245 884 1274 nota,
912 1235 1004 1283 quod
1033 1207 1127 1272 nonl

345 1286 414 1322 fine
441 1301 546 1334 quare
565 1286 703 1322 Aueior
727 1285 890 1321 describit
917 1285 1028 1333 ipsum
1051 1295 1103 1321 ta-

346 1337 428 1372 liter
453 1338 494 1372 ab
522 1337 582 1372 ista
610 1336 894 1371 trafmutatione.
925 1339 1017 1372 Nam
1044 1336 1102 1371 de—

346 1388 403 1423 bes
430 1387 540 1427 scire,
567 1387 661 1434 quod
693 1386 796 1421 semel
824 1387 883 1421 iste
911 1387 1125 1446 Episcopus!

344 1438 525 1481 Andreas,
562 1450 669 1484 quum
707 1436 843 1485 egregie
880 1437 1101 1485 praedicasset

346 1490 481 1537 Populo
510 1488 568 1523 suo
596 1488 690 1522 dixit
722 1489 758 1521 in
788 1486 881 1521 fine:
920 1491 946 1520 O
973 1487 1102 1521 Domini

344 1538 390 1577 &¹
427 1540 581 1574 Dominae
599 1562 608 1572 .
644 1538 697 1571 Sit
731 1537 822 1571 vobis
859 1539 1101 1572 recommendata

343 1593 469 1625 Manna
495 1587 606 1634 Teffa‚
633 1597 764 1634 cognata
791 1601 877 1626 mea,
901 1600 979 1633 quae
1005 1589 1100 1621 vadit

341 1645 499 1676 Romam.
536 1641 622 1673 Nam
658 1639 691 1672 in
729 1637 916 1678 veritates?
946 1637 1012 1680 suit·
1046 1632 1167 1684 per'D

340 1691 559 1737 tempusculum
591 1688 674 1733 satis
709 1701 796 1734 vaga
831 1687 877 1725 (γ’
909 1687 1097 1734 placibilis,

340 1754 421 1775 nunc
447 1740 487 1781 est
514 1739 589 1773 [ene
617 1739 806 1773 emendata.
836 1739 907 1771 Ideo
932 1738 1028 1772 vadit
1056 1739 1099 1772 ad

340 1790 575 1836 Indulgentiam
596 1816 604 1824 .
657 1791 736 1823 Hoc
784 1787 873 1823 scito
921 1787 1096 1823 Dominus

339 1840 496 1876 Thomas
525 1840 565 1874 de
593 1838 729 1874 Mediis
757 1836 862 1873 frater
889 1838 960 1886 ejus
979 1865 988 1881 ,
1024 1851 1097 1872 ma—

338 1904 424 1940 gnus
448 1889 590 1934 Jurista,
618 1902 687 1924 non
714 1889 832 1923 valens
858 1888 1004 1923 ulterius
1030 1887 1095 1923 fer—

337 1955 372 1976 re
409 1940 558 1989 ineptias
596 1940 693 1988 ejus,
732 1937 768 1974 δζ
807 1939 889 1986 quia
923 1938 1095 1974 crescebat

337 1991 482 2027 infamia
510 1990 621 2030 vitii,
650 1989 746 2025 (ledit
775 2002 914 2036 operam
947 1988 1094 2036 pruden-

335 2051 407 2082 ter,
445 2041 535 2089 quod
565 2040 853 2076 transmutaretur
879 2039 917 2075 in
944 2038 1089 2086 Episco-

335 2106 415 2140 pum
455 2091 686 2127 Vicentinum
725 2104 783 2138 per
821 2092 949 2139 Papam
978 2090 1090 2127 Nico-

334 2144 428 2179 laum
456 2143 498 2178 de
525 2141 684 2178 Ursinis.
713 2141 796 2176 Ideo
824 2140 913 2176 dici-t

383 2215 399 2221 -
426 2214 442 2219 —
469 2214 485 2219 —
510 2214 527 2219 -
553 2193 604 2227 che
628 2192 684 2226 dal
710 2194 808 2225 Servo
833 2190 1013 2230 dc'servi,

332 2243 419 2278 Idest
447 2256 464 2277 a
493 2244 585 2289 Papa
613 2244 795 2280 Romnum
837 2240 898 2288 qui
927 2239 1088 2276 inscribit

332 2293 364 2329 se
390 2297 524 2328 Servum
550 2295 718 2326 Servorum
756 2291 846 2327 Dei.
887 2292 1003 2335 Quem
1042 2291 1088 2324 ti-

330 2344 446 2379 tulum
482 2341 671 2390 Gregorius
707 2341 736 2375 Ι.
777 2340 901 2375 donor
936 2340 1087 2376 eximius

331 2394 448 2441 primo
476 2391 679 2428 adinvenit.
707 2393 753 2425 Et
773 2390 883 2429 dicit,
911 2392 1003 2437 quod
1026 2404 1087 2439 po-

332 2445 396 2481 stea
424 2451 581 2479 mortuus
609 2441 654 2476 est
681 2440 755 2480 ibi,
784 2440 873 2475 unde
901 2440 990 2477 dicit
1012 2442 1086 2476 val-

330 2496 372 2531 de
399 2493 560 2530 obscure:

377 2550 444 2580 Ove
469 2543 562 2590 lascis>
588 2542 615 2578 li
640 2542 705 2577 mal
729 2541 842 2589 protest
868 2541 984 2578 nervi.

1185 1534 1293 1576 lfecit
1321 1536 1427 1569 talem
1456 1534 1724 1581 descriptionem
1755 1545 1824 1570 tam
1847 1537 1967 1572 lauda-

1109 2566 1117 2582 k

1187 1288 1190 1302 Ι

1204 218 1644 262 JMOLENSJS
1830 222 1917 276 344

1219 278 1305 313 [dest
1332 279 1368 314 in
1397 278 1563 314 Vicentia
1591 278 1682 314 male
1709 278 1867 314 extensos
1895 291 1975 314 ner-

1217 342 1299 364 vos.
1330 332 1408 364 Hoc
1436 330 1546 377 aliqui
1584 338 1765 377 exponunt
1802 329 1870 369 fic,
1907 328 1974 365 sci-

1216 380 1299 415 licet
1327 381 1419 427 quod
1448 380 1547 415 nervi
1585 393 1663 428 prae
1700 380 1821 416 dolore
1848 390 1972 415 exten-

1217 430 1344 465 duntur
1371 431 1407 465 in
1437 431 1639 469 moriente,
1675 428 1713 465 &
1751 429 1794 465 sle
1831 431 1971 467 videtur

1194 465 1307 521 ivelle
1334 481 1468 520 dicere,
1497 481 1589 528 quod
1616 481 1667 516 ibi
1697 481 1787 516 male
1813 490 1971 517 mortuus

1215 531 1280 568 est,
1319 530 1401 565 ficut
1438 533 1528 566 male
1565 531 1724 566 vixerat.
1766 532 1846 567 Alii
1889 546 1971 568 vero

1216 581 1337 615 dicunt
1364 581 1457 628 quod
1485 590 1557 616 erat
1587 581 1817 629 podagricus,
1854 583 1889 617 δε
1925 582 1969 618 fic

1215 629 1362 665 habebat
1390 644 1514 665 nervos
1543 633 1632 666 male
1659 632 1818 666 extensos
1835 659 1845 668 .

1340 682 1402 715 Ad
1429 683 1523 714 Cant.
1549 684 1638 715 XVI.
1677 681 1760 723 Vers.
1786 693 1846 727 33.

1265 730 1394 775 Qafelli,
1432 729 1455 763 l’
1466 743 1545 764 orme
1569 730 1606 764 di
1632 730 1682 765 eui
1703 729 1810 776 pestar
1844 732 1889 765 mi
1914 746 1972 767 ve-

1314 781 1370 819 di,
1398 778 1469 818 &aa

1264 832 1356 865 Heic
1385 829 1525 878 spiritus
1553 838 1592 866 ut
1617 830 1738 866 reddat
1775 830 1972 869 Auffmrem

1213 879 1407 916 avidiorem
1459 880 1500 916 ad
1556 881 1827 929 respondendum
1882 882 1971 924 fibi,

1213 943 1282 965 non
1311 930 1507 977 exspeffkati
1533 931 1748 978 responsione
1776 932 1969 972 Aufitoris,

1215 980 1407 1015 manifestat
1434 980 1494 1016 fibi
1524 981 1634 1017 socios
1662 981 1699 1017 δί
1728 981 1782 1017 se.
1823 985 1870 1017 Er
1899 984 1971 1030 pri-

1215 1044 1271 1066 mo
1297 1031 1425 1079 incipit
1443 1045 1462 1066 a
1483 1031 1658 1078 digniori,
1688 1032 1822 1067 scilicet
1842 1046 1859 1068 a
1880 1034 1971 1070 Gui-

1212 1082 1301 1116 done
1327 1084 1483 1130 Guerra3
1524 1081 1562 1117 δε
1604 1082 1695 1118 circa
1721 1081 1816 1118 istius
1843 1083 1970 1120 descri-

1213 1132 1370 1179 ptionem
1407 1132 1552 1169 Lestori
1589 1132 1634 1167 cst
1669 1133 1873 1180 aliqualiter
1900 1134 1968 1169 im-

1212 1183 1449 1222 morandum,
1495 1182 1578 1231 quia
1620 1183 1725 1218 multi
1769 1184 1967 1225 mirantur,

1212 1232 1323 1269 immo
1364 1234 1551 1269 truffantur
1593 1233 1829 1283 ignoranter,
1873 1235 1967 1280 quod

1212 1286 1364 1323 Dantes‚
1394 1284 1456 1332 qui
1485 1294 1621 1332 poterat
1647 1284 1837 1320 describere
1864 1286 1966 1321 istum

1211 1335 1423 1383 praeclarum
1463 1335 1578 1370 virum
1614 1348 1633 1370 a
1674 1335 1777 1369 claris
1804 1336 1968 1383 progeni-

1187 1385 1368 1437 ⁴toribus,
1396 1383 1433 1420 ἃ
1461 1385 1534 1434 ejus
1562 1384 1664 1420 claris
1691 1384 1812 1432 gestis,
1841 1385 1967 1422 descri-

1211 1434 1264 1469 bit
1299 1448 1378 1470 eum
1416 1436 1457 1469 ab
1494 1448 1562 1470 una
1597 1434 1728 1470 femina
1765 1435 1844 1471 avia
1881 1436 1966 1477 sua,

1185 1486 1350 1530 ¹{Domna
1377 1485 1596 1520 Gualdrada.
1623 1486 1685 1520 Sed
1716 1496 1807 1520 certe
1830 1486 1970 1522 Aue‘tor

1210 1584 1329 1620 biliter
1355 1598 1458 1633 quam
1489 1585 1698 1633 prudenter,
1728 1595 1765 1621 ut
1792 1586 1870 1621 heic
1897 1587 1967 1622 im-

1208 1635 1330 1681 plicite
1380 1644 1538 1683 tangeret
1588 1636 1761 1683 originem
1814 1635 1966 1673 famosae

1207 1685 1318 1734 stirpis
1355 1685 1471 1723 istius,
1507 1684 1546 1720 ἃ
1589 1694 1628 1720 ut
1663 1685 1760 1720 daret
1803 1687 1967 1723 meritam

1207 1735 1334 1770 famam
1371 1733 1409 1770 δί
1447 1735 1584 1769 laudem
1623 1734 1704 1770 huic
1743 1735 1883 1772 mulieri
1911 1737 1967 1772 di-

1206 1785 1405 1833 gniffimae.
1447 1785 1504 1819 Ad
1543 1785 1639 1834 cujus
1679 1785 1731 1821 rei
1759 1785 1965 1835 intelligen-

1206 1836 1293 1870 tiam
1321 1835 1365 1870 est
1401 1834 1605 1878 sciendum,
1643 1836 1734 1882 quod
1771 1838 1863 1871 Otto
1901 1840 1964 1873 IV.

1205 1899 1312 1932 quum
1342 1885 1487 1920 veniffet
1513 1885 1551 1920 in
1579 1886 1719 1921 Italiam
1737 1913 1747 1926 ‚
1783 1886 1854 1921 ivit
1882 1887 1964 1921 visi-

1180 1945 1316 1988 ³tatum
1359 1936 1576 1971 Florentiam
1617 1945 1796 1982 tamquam
1836 1935 1965 1972 floren-

1181 1986 1369 2021 ‘tiffimam
1406 1984 1608 2020 Civitatem
1637 1984 1674 2021 8(
1715 1988 1858 2022 Terram
1891 1986 1963 2022 Im-

1204 2037 1311 2085 perii.
1339 2039 1387 2072 Et
1414 2049 1521 2083 quum
1549 2037 1606 2071 die
1633 2037 1781 2084 quadam
1809 2037 1962 2073 celebra-

1181 2096 1296 2122 ‘retur
1323 2086 1475 2122 solemne
1514 2086 1633 2122 festum
1674 2087 1712 2122 in
1753 2087 1960 2129 Florentia.

1202 2137 1286 2173 ficut
1322 2137 1442 2173 festum
1484 2138 1682 2181 Baptistae,
1723 2151 1793 2185 quo
1820 2139 1960 2174 nullum

1202 2188 1243 2224 fit
1271 2189 1462 2227 celebrius,
1491 2188 1539 2222 ibi
1568 2190 1761 2236 Imperator
1781 2201 1858 2223 cum
1881 2189 1959 2235 qui-

1204 2238 1342 2274 busdam
1372 2238 1564 2275 Nobilibus
1601 2239 1642 2274 de
1683 2240 1792 2274 Terra
1820 2239 1890 2274 ivit
1917 2238 1959 2274 ad

1178 2331 1179 2334 Ἴ
1203 2289 1344 2325 festum.
1381 2291 1428 2324 Et
1455 2288 1536 2323 dum
1565 2288 1663 2324 staret
1692 2289 1728 2324 in
1757 2289 1814 2324 via
1844 2288 1959 2336 publi-

1178 2346 1241 2375 }ca
1269 2340 1309 2375 ad
1347 2339 1535 2375 videndum
1575 2341 1730 2382 puellas,
1767 2352 1854 2386 quae
1881 2338 1959 2373 sunt

1202 2390 1253 2425 ibi
1279 2390 1531 2438 pulcherrimae
1565 2388 1604 2424 ἃ
1643 2390 1839 2439 plurimae,
1879 2401 1959 2423 ecce

1202 2441 1295 2476 inter
1330 2441 1414 2476 alias
1451 2439 1615 2475 transibat
1651 2453 1718 2475 una
1759 2439 1859 2485 virgo
1887 2439 1956 2473 ele-

1178 2496 1179 2524 }
1202 2490 1419 2539 gantiffimae
1447 2490 1598 2526 formae.
1639 2489 1752 2536 Cujus
1779 2489 1870 2523 miro
1896 2488 1956 2523 de-

1177 2537 1282 2585 }core
1317 2540 1521 2589 stupefafflus
1556 2540 1772 2588 Imperator,
1810 2551 1956 2573 conver-

1829 2597 1905 2623 tens
