2216 3105
228 311 236 318 ,
279 268 363 308 717

225 309 331 354 idest,
374 322 519 359 parumg

226 361 364 396 literam
392 372 491 405 torto,
528 360 638 405 idest,
678 361 823 409 oblique
850 359 888 396 ὅ(
916 362 984 397 im-

227 412 385 459 proprie:

279 465 342 497 Ma
368 463 514 501 Oriente,
542 463 570 504 [e
594 462 718 509 proprio
744 462 796 496 dir
822 463 914 496 vuele
927 477 947 505 ‚-

228 512 309 558 quia
339 512 474 547 scilicet
513 514 611 548 locus
647 513 749 548 debet
787 515 984 560 proportio-

229 562 304 597 nari
334 563 471 597 locato:
519 565 553 598 Si
594 577 677 612 ergo
715 563 915 599 Franciscus
943 563 987 598 est

229 613 453 661 appellandus
494 615 574 654 Sol.
618 614 702 650 bene
744 613 906 649 Affisxum
944 614 987 649 est

229 663 473 709 appellandum
513 664 660 704 Oriens,
698 678 716 700 a
755 678 854 711 quo,
897 672 987 698 tam-

228 726 334 798 }upm
372 714 414 749 ab
449 714 619 759 Oriente,
661 725 757 750 ortus
800 715 846 751 est
871 714 987 750 diCtus

257 776 277 797 o
307 790 315 798 .

282 816 354 847 Non
381 826 434 849 era
459 828 550 849 antor
575 836 762 843 -----

233 864 325 899 Heic
362 865 519 900 Thomas
561 865 724 902 describit
767 866 987 924 primitivam

233 914 284 948 vi
284 922 403 948 ·tutem
432 915 527 950 istius
556 916 729 952 Francisci
748 942 757 956 ‚
786 930 889 964 quam
918 917 989 966 pri-

233 977 292 999 mo
319 964 468 1000 ostendit
496 966 532 1001 in
562 967 712 1014 pueritia
741 967 819 1010 sua,
848 967 986 1003 dicens:

284 1034 301 1039 —
326 1035 343 1040 -
369 1035 386 1041 -
412 1036 428 1041 -
455 1017 546 1050 melio
572 1017 681 1051 lontan
707 1019 752 1052 da
777 1017 800 1050 l’
812 1028 876 1051 orto

234 1063 340 1108 idest,
377 1065 418 1100 ab
446 1066 583 1113 origine
610 1066 690 1116 sua3
739 1066 831 1117 quasi
868 1067 988 1103 dicat.

235 1113 273 1150 in
301 1115 428 1150 teneris
456 1116 575 1152 annis·

285 1164 345 1198 Cb‘
361 1167 390 1198 ei
416 1180 489 1200 eorm
482 1167 558 1201 f'nczh
584 1183 604 1203 a
625 1168 681 1212 far
701 1168 802 1212 sentt‘r
827 1170 860 1202 la
887 1179 968 1203 terra

287 1218 336 1249 De
372 1216 406 1250 la
440 1217 502 1261 sua
537 1231 619 1265 gran
660 1219 752 1252 virt&
792 1220 883 1254 alcun
924 1232 994 1253 con-

332 1265 437 1308 forta.

237 1314 332 1361 Quia
360 1315 445 1352 ficut
472 1331 490 1352 a
517 1317 623 1354 simili
645 1320 703 1354 Sol
724 1319 837 1355 statim
860 1333 876 1359 a
899 1319 994 1368 prin-

237 1367 332 1413 cipio
359 1366 410 1402 sui
438 1377 534 1403 ortus
563 1368 693 1415 incipit
721 1370 905 1405 calefacere
925 1380 994 1404 ter—

236 1429 308 1451 ram
347 1415 384 1452 &
422 1417 618 1454 refocillare
645 1419 835 1463 animalia,
877 1419 928 1454 ita
955 1418 993 1454 a&

237 1467 437 1502 Franciscus
465 1468 579 1503 statim
607 1482 626 1503 a
654 1469 804 1513 pueritia
845 1469 903 1504 sua
939 1469 995 1504 in-

243 1516 337 1562 cepit
363 1518 443 1551 dare
484 1518 577 1564 spem
619 1517 824 1553 hominibus
851 1519 892 1554 de
921 1531 994 1553 ma-

235 1578 302 1613 gna
331 1565 465 1601 virtute
493 1566 575 1602 sua.

287 1617 351 1649 Che
376 1626 431 1659 per
457 1618 505 1651 tal
531 1621 637 1653 donna
663 1639 851 1646 -----

238 1664 330 1701 Heic
372 1666 530 1702 Thomas
572 1669 741 1725 exprimit
780 1669 879 1704 illam
923 1683 996 1705 ma-

237 1727 340 1762 gnam
358 1715 538 1750 Virtutem
559 1718 760 1763 primariam
778 1718 871 1754 istius
889 1722 996 1755 Fran—

241 1764 347 1799 ciiii.
385 1767 431 1800 Et
467 1766 577 1805 dicit,
618 1769 712 1814 quod
740 1767 807 1803 fuit
835 1779 908 1803 tam
937 1783 997 1805 au-

238 1815 330 1857 dix,
372 1816 465 1862 quod
504 1817 692 1864 postposuit
736 1818 772 1853 in
816 1818 998 1865 juventute

242 1878 394 1900 amorem
425 1877 628 1911 paternum,
656 1881 758 1915 quem
788 1881 908 1904 omnes
937 1883 997 1904 na-

239 1917 403 1951 turaliter
430 1916 638 1964 sequuntur,
666 1918 777 1954 amori
800 1919 901 1954 unius
924 1921 997 1954 Do-

239 1967 375 2017 minae,
413 1981 515 2013 quam
546 1982 666 2004 omnes
694 1969 931 2004 communiter
957 1983 996 2004 o-

239 2016 382 2052 derunt.
420 2018 650 2069 Dicit-ergo,
678 2019 772 2067 quod
799 2020 861 2055 ille
890 2022 996 2055 Fran-

238 2067 346 2103 ciscus

289 2138 305 2143 -
331 2138 347 2144 —
375 2138 390 2144 -
417 2140 432 2145 -
455 2118 632 2164 giovr'netto
659 2120 692 2154 in
715 2133 832 2167 guerra

292 2169 354 2202 Del
379 2171 475 2213 padre
502 2171 578 2211 corle
591 2183 609 2211 ‚-

238 2217 320 2253 idest
338 2248 345 2260 ,
375 2219 522 2254 incurrit
549 2219 692 2262 odium,
720 2218 757 2255 ἃ
779 2219 995 2269 indignatio-

238 2281 316 2303 nem
348 2278 547 2316 paternam,
572 2281 628 2316 per
654 2271 703 2304 tal
728 2273 862 2314 Bonna,
890 2271 995 2313 idest,

237 2332 354 2354 amore
411 2322 585 2355 Dominae
642 2322 860 2369 paupertatis
881 2348 891 2357 .
950 2323 996 2357 Et

236 2370 346 2405 dicit:

284 2441 304 2446 -
331 2442 345 2447 -
371 2441 390 2447 -
415 2441 432 2446 -
458 2435 478 2455 a
504 2421 578 2461 cui,
605 2435 682 2456 come
708 2437 729 2456 a
754 2422 788 2457 Ia
814 2433 931 2466 morte,

286 2474 337 2506 La
364 2483 454 2516 porta
480 2472 531 2505 del
556 2472 660 2518 piac-er
686 2471 790 2517 neffun
817 2471 968 2519 differra-

238 2534 324 2568 quae
353 2522 486 2557 scilicet
515 2524 701 2569 Paupertas
727 2522 817 2558 nulli
856 2525 969 2565 placet
987 2550 994 2558 .

237 2572 341 2617 Quod
370 2573 494 2622 probat
521 2586 539 2608 a
568 2572 674 2609 simili
691 2601 702 2618 ‚
729 2573 874 2609 dicens:
918 2587 996 2608 come

572 250 873 294 COMMENT.
905 253 969 295 IN
997 251 1222 296 DANTIS
1250 250 1489 294 COMOED.

564 312 619 345 vel
662 310 847 345 secundhm
877 311 983 346 aliam
1012 315 1056 349 ἸΑ
1093 327 1113 347 a
1139 313 1172 347 la
1199 322 1311 350 morte,
1339 310 1442 349 idest,
1471 310 1554 345 ficut
1582 310 1698 345 nullus
1726 311 1850 358 recipit*

1709 256 1792 307 718

1096 362 1311 410 placibiliter
1351 370 1528 399 mortem,
1571 359 1614 395 sic
1652 373 1773 396 omnes
1800 360 1852 395 fu

1097 413 1197 462 giunt
1227 414 1470 459 Paupertatem
1487 435 1504 468 ³.
1535 409 1622 445 ficut
1649 412 1856 446 naturaliter

1097 464 1238 511 fugiunt
1273 471 1447 509 mortem;
1494 461 1609 496 immo
1660 460 1756 508 saepe
1794 461 1857 495 ho—

1099 515 1210 548 mines
1248 512 1369 561 sponte
1396 493 1542 547 subeunt
1569 519 1748 549 mortem,
1777 523 1856 559 pro—

1100 573 1176 612 pter
1203 563 1404 612 fugiendam
1434 564 1704 608 Paupertatem.

1149 617 1182 648 E
1207 614 1346 658 dinanzi
1372 633 1557 640 -----

1097 664 1193 700 Heic
1229 664 1388 700 Thomas
1426 663 1549 712 probat
1585 676 1645 712 per
1671 662 1857 702 effefflum,

1101 715 1280 762 quomodo
1317 713 1518 750 Franciscus
1544 727 1628 749 vero
1656 726 1776 749 amore
1803 714 1857 749 di-

1101 765 1228 800 lexerit
1255 764 1435 800 dominam
1467 766 1708 812 Paupertatem
1726 788 1737 802 ,
1774 763 1858 811 quia

1101 815 1236 863 accepit
1271 828 1347 850 eam
1390 815 1427 850 in
1470 814 1667 862 legitimam
1711 826 1857 849 uxorem

1102 865 1195 900 suam
1217 889 1227 905 ,
1267 867 1301 900 &
1339 844 1524 900 consenfi?
1542 864 1580 899 in
1616 877 1716 900 eam.
1756 864 1856 899 Unde

1102 915 1214 951 dicit:
1246 918 1292 951 Et
1318 915 1390 963 ipse
1418 914 1619 950 franciscus

1153 986 1339 993 -----
1366 966 1395 999 le
1414 965 1447 1006 fi
1470 966 1533 1009 fece
1558 965 1672 998 unito:

1103 1015 1210 1055 idest,
1238 1015 1425 1063 conjunxit
1452 1015 1484 1051 se
1512 1015 1574 1063 ipfi
1604 1015 1831 1062 paupertati-,2

1153 1069 1185 1100 E
1211 1067 1350 1110 dinanzi
1375 1080 1395 1100 a
1421 1066 1455 1100 la
1475 1066 1536 1110 sua
1557 1066 1691 1110 spirita!
1716 1068 1810 1099 Corte

1102 1115 1211 1159 idest,
1249 1129 1365 1151 coram
1402 1115 1577 1173 Episcopo
1615 1114 1860 1159 Diocoesmo,

1103 1165 1140 1201 δε
1169 1179 1283 1202 coram
1313 1175 1436 1214 pat1e3
1474 1166 1557 1213 quia
1592 1165 1630 1200 in
1668 1166 1860 1213 praesentia

1104 1217 1211 1265 patris
1239 1217 1458 1252 renuntiavit
1479 1216 1642 1251 omnibus
1670 1216 1773 1251 bonis
1802 1229 1861 1264 pa-

1103 1266 1365 1302 trimonialibus
1406 1265 1444 1302 &
1487 1266 1739 1315 temporalibus
1764 1293 1773 1302 .
1814 1269 1862 1302 Et

1102 1316 1191 1352 dicit
1220 1317 1351 1364 postea:

1153 1368 1261 1412 Poscia
1286 1370 1322 1402 di
1349 1370 1382 1402 A)
1411 1368 1443 1402 {n
1470 1369 1504 1402 [ἢ
1531 1367 1638 1403 l’amb
1663 1368 1723 1412 plia
1756 1368 1862 1412 forte„

1103 1419 1302 1465 Tamquam
1333 1419 1442 1461 bonus
1470 1418 1617 1461 maritus
1634 1446 1643 1462 ‚
1670 1417 1732 1465 qui
1760 1431 1863 1453 num*

1102 1481 1206 1515 quam
1235 1481 1348 1503 caram
1377 1468 1472 1504 suam
1502 1482 1648 1504 uxorem
1671 1469 1863 1516 dereliquit

1103 1519 1208 1566 usque
1228 1518 1269 1553 ad
1289 1529 1465 1567 mortem3
1493 1519 1606 1555 immo
1625 1531 1690 1554 nec
1710 1518 1747 1554 in
1768 1532 1861 1554 mor-

1103 1578 1138 1604 te
1165 1568 1299 1604 oblitus
1325 1568 1369 1603 est
1397 1569 1491 1617 ejus:

1154 1619 1272 1664 Questa
1299 1640 1574 1646 -------

1104 1670 1196 1703 Heic
1237 1668 1396 1704 Thomas
1439 1669 1475 1704 in
1519 1671 1864 1706 commendationem

1105 1719 1325 1754 matrimonii
1343 1719 1516 1755 contracti
1539 1733 1599 1768 per
1618 1721 1840 1757 Franciscum
1855 1747 1866 1761 ‚

1104 1768 1251 1804 ostendit
1282 1771 1387 1816 quam
1416 1769 1690 1806 misericorditer
1719 1771 1864 1806 Franci-

1105 1818 1177 1853 scus
1205 1818 1279 1866 egit
1308 1819 1439 1854 secum.
1466 1822 1515 1854 Et
1541 1820 1652 1859 dicit,
1681 1821 1773 1868 quod
1800 1821 1863 1855 ista

1107 1868 1312 1903 muliercula
1349 1869 1460 1911 turpis
1498 1869 1633 1905 steterat
1659 1871 1766 1905 vidua
1803 1884 1864 1916 per

1107 1919 1207 1953 mille
1243 1931 1351 1954 annos
1385 1917 1425 1954 &
1464 1920 1582 1958 ultra,
1623 1920 1708 1967 quia
1745 1921 1863 1956 nullus

1107 1969 1268 2003 voluerat
1294 1982 1368 2003 eam
1399 1968 1517 2005 videre
1545 1970 1601 2004 vel
1630 1970 1771 2010 audire,
1803 1984 1863 2006 ne-

1106 2018 1186 2053 dum
1216 2018 1372 2065 accipere
1397 2032 1473 2054 eam
1502 2019 1539 2055 in
1569 2033 1712 2055 uxorem
1735 2022 1766 2055 8<
1791 2034 1864 2056 am-

1108 2068 1240 2117 plexari
1258 2095 1265 2103 .
1295 2069 1394 2104 Dicit
1422 2082 1527 2118 ergo:
1557 2071 1695 2116 ,Questcn
1725 2071 1861 2108 scilicet

1108 2120 1314 2167 paupercula
1340 2120 1493 2156 mulier:

1158 2190 1173 2195 —
1200 2191 1216 2196 -
1242 2190 1258 2196 -
1282 2170 1415 2213 prt'vata
1441 2172 1493 2205 del
1525 2171 1626 2215 primo
1651 2172 1765 2207 marito

1108 2219 1272 2259 scilicet,
1308 2220 1383 2264 Jesu
1421 2219 1584 2264 Christo,
1625 2222 1687 2269 qui
1729 2222 1862 2272 primus

1107 2271 1246 2318 penitus
1274 2271 1403 2306 dilexit
1431 2274 1699 2337 Paupertatem:

1158 2321 1258 2354 Mille
1281 2335 1296 2354 e
1322 2332 1406 2355 cento
1432 2323 1511 2356 anni
1537 2337 1552 2357 e
1578 2324 1636 2366 piu
1663 2344 1678 2349 -
1707 2344 1722 2349 -
1748 2345 1765 2352 -

1107 2370 1267 2410 scilicet,
1295 2372 1385 2407 ultra
1413 2373 1576 2408 undecim
1603 2375 1749 2419 Secula,

1159 2442 1173 2447 -
1200 2443 1215 2448 -
1242 2442 1259 2448 -
1285 2443 1300 2448 -
1327 2426 1463 2469 drspetta
1491 2437 1506 2458 e
1531 2423 1621 2470 scura

1159 2471 1268 2507 Fin'a
1295 2473 1386 2514 costm'
1405 2473 1438 2514 fi
1455 2474 1550 2514 stette
1576 2495 1808 2504 ------

1107 2521 1217 2565 idest,
1257 2522 1363 2571 usque
1401 2524 1442 2560 ad
1478 2525 1580 2560 istum
1614 2526 1864 2564 Franciscum.

1108 2575 1155 2609 Et
1182 2572 1296 2609 dicit:

1146 2625 1173 2658 Z
1200 2637 1218 2658 z
1249 2635 1269 2658 z
1618 2666 1623 2669 Χ
1664 2647 1678 2653 —
1706 2648 1721 2654 —
1741 2627 1816 2672 sen-
