<?xml version="1.0" encoding="UTF-8"?>
<!DOCTYPE html PUBLIC "-//W3C//DTD XHTML 1.0 Transitional//EN"
    "http://www.w3.org/TR/xhtml1/DTD/xhtml1-transitional.dtd">
<html xmlns="http://www.w3.org/1999/xhtml" xml:lang="en" lang="en">
 <head>
  <title>
</title>
<meta http-equiv="Content-Type" content="text/html;charset=utf-8" />
  <meta name='ocr-system' content='tesseract 3.04.00' />
  <meta name='ocr-capabilities' content='ocr_page ocr_carea ocr_par ocr_line ocrx_word'/>
</head>
<body>
  <div class='ocr_page' id='page_1' title='image "antiquitatesital03mura_0225.png"; bbox 0 0 2216 3105; ppageno 0'>
   <div class='ocr_carea' id='block_1_1' title="bbox 303 204 386 244">
    <p class='ocr_par' dir='ltr' id='par_1_1' title="bbox 303 204 386 244">
     <span class='ocr_line' id='line_1_1' title="bbox 303 204 386 244; baseline 0.012 -1"><span class='ocrx_word' id='word_1_1' title='bbox 303 204 386 244; x_wconf 76' lang='lat'>423</span> 
     </span>
    </p>
   </div>
   <div class='ocr_carea' id='block_1_2' title="bbox 603 177 1514 227">
    <p class='ocr_par' dir='ltr' id='par_1_2' title="bbox 603 177 1514 227">
     <span class='ocr_line' id='line_1_2' title="bbox 603 177 1514 227; baseline -0.009 0"><span class='ocrx_word' id='word_1_2' title='bbox 603 183 897 227; x_wconf 78' lang='lat' dir='ltr'><em>COMMENT.</em></span> <span class='ocrx_word' id='word_1_3' title='bbox 931 184 996 226; x_wconf 88' lang='lat' dir='ltr'>IN</span> <span class='ocrx_word' id='word_1_4' title='bbox 1026 178 1244 226; x_wconf 86' lang='lat' dir='ltr'><em>DANTIS</em></span> <span class='ocrx_word' id='word_1_5' title='bbox 1272 177 1514 220; x_wconf 86' lang='lat' dir='ltr'><em>COMOED.</em></span> 
     </span>
    </p>
   </div>
   <div class='ocr_carea' id='block_1_3' title="bbox 247 242 1076 294">
    <p class='ocr_par' dir='ltr' id='par_1_3' title="bbox 247 242 1076 294">
     <span class='ocr_line' id='line_1_3' title="bbox 247 242 1076 294; baseline -0.006 -10"><span class='ocrx_word' id='word_1_6' title='bbox 247 244 481 294; x_wconf 78' lang='lat' dir='ltr'>telligentiarn</span> <span class='ocrx_word' id='word_1_7' title='bbox 514 250 630 280; x_wconf 84' lang='lat' dir='ltr'>autem</span> <span class='ocrx_word' id='word_1_8' title='bbox 668 243 770 291; x_wconf 84' lang='lat' dir='ltr'>hujus</span> <span class='ocrx_word' id='word_1_9' title='bbox 806 242 929 277; x_wconf 83' lang='lat' dir='ltr'>literae</span> <span class='ocrx_word' id='word_1_10' title='bbox 957 243 1001 278; x_wconf 87' lang='lat' dir='ltr'>est</span> <span class='ocrx_word' id='word_1_11' title='bbox 1042 246 1076 279; x_wconf 90' lang='lat' dir='ltr'>A</span> 
     </span>
    </p>
   </div>
   <div class='ocr_carea' id='block_1_4' title="bbox 235 292 1002 2592">
    <p class='ocr_par' dir='ltr' id='par_1_4' title="bbox 235 292 1002 2592">
     <span class='ocr_line' id='line_1_4' title="bbox 248 292 1001 346; baseline -0.007 -13"><span class='ocrx_word' id='word_1_12' title='bbox 248 296 532 346; x_wconf 85' lang='lat' dir='ltr'>praesciendum,</span> <span class='ocrx_word' id='word_1_13' title='bbox 570 293 663 341; x_wconf 88' lang='lat' dir='ltr'>quod</span> <span class='ocrx_word' id='word_1_14' title='bbox 703 296 811 328; x_wconf 90' lang='lat' dir='ltr'>Anno</span> <span class='ocrx_word' id='word_1_15' title='bbox 851 292 1001 328; x_wconf 89' lang='lat' dir='ltr'>Domini</span> 
     </span>
     <span class='ocr_line' id='line_1_5' title="bbox 246 342 1000 392; baseline -0.009 -8"><span class='ocrx_word' id='word_1_16' title='bbox 246 346 542 384; x_wconf 82' lang='lat' dir='ltr'>MCCLxxxlt.</span> <span class='ocrx_word' id='word_1_17' title='bbox 586 346 676 392; x_wconf 86' lang='lat' dir='ltr'>Papa</span> <span class='ocrx_word' id='word_1_18' title='bbox 717 342 894 378; x_wconf 89' lang='lat' dir='ltr'>Martinus</span> <span class='ocrx_word' id='word_1_19' title='bbox 936 342 1000 378; x_wconf 86' lang='lat' dir='ltr'>III.</span> 
     </span>
     <span class='ocr_line' id='line_1_6' title="bbox 246 392 1000 442; baseline -0.008 -9"><span class='ocrx_word' id='word_1_20' title='bbox 246 398 301 433; x_wconf 89' lang='lat' dir='ltr'>del</span> <span class='ocrx_word' id='word_1_21' title='bbox 329 395 443 431; x_wconf 88' lang='lat' dir='ltr'>Turso</span> <span class='ocrx_word' id='word_1_22' title='bbox 471 396 510 429; x_wconf 89' lang='lat' dir='ltr'>de</span> <span class='ocrx_word' id='word_1_23' title='bbox 540 397 661 442; x_wconf 86' lang='lat' dir='ltr'>Regno</span> <span class='ocrx_word' id='word_1_24' title='bbox 689 393 877 432; x_wconf 87' lang='lat' dir='ltr'>Franciae,</span> <span class='ocrx_word' id='word_1_25' title='bbox 909 392 1000 427; x_wconf 86' lang='lat' dir='ltr'>milit</span> 
     </span>
     <span class='ocr_line' id='line_1_7' title="bbox 246 443 1000 491; baseline -0.007 -8"><span class='ocrx_word' id='word_1_26' title='bbox 246 448 284 483; x_wconf 89' lang='lat' dir='ltr'>in</span> <span class='ocrx_word' id='word_1_27' title='bbox 320 445 483 481; x_wconf 81' lang='lat' dir='ltr'>Civitate</span> <span class='ocrx_word' id='word_1_28' title='bbox 521 444 776 480; x_wconf 88' lang='lat' dir='ltr'>Romandiolae</span> <span class='ocrx_word' id='word_1_29' title='bbox 816 443 1000 491; x_wconf 78' lang='lat' dir='ltr'>quemdam</span> 
     </span>
     <span class='ocr_line' id='line_1_8' title="bbox 247 493 1001 543; baseline -0.008 -9"><span class='ocrx_word' id='word_1_30' title='bbox 247 497 442 534; x_wconf 90' lang='lat' dir='ltr'>Dominum</span> <span class='ocrx_word' id='word_1_31' title='bbox 471 496 661 537; x_wconf 69' lang='lat' dir='ltr'>Iohannem</span> <span class='ocrx_word' id='word_1_32' title='bbox 690 495 731 530; x_wconf 93' lang='lat' dir='ltr'>de</span> <span class='ocrx_word' id='word_1_33' title='bbox 759 495 875 543; x_wconf 88' lang='lat' dir='ltr'>Apia,</span> <span class='ocrx_word' id='word_1_34' title='bbox 904 493 1001 529; x_wconf 88' lang='lat' dir='ltr'>mili-</span> 
     </span>
     <span class='ocr_line' id='line_1_9' title="bbox 247 545 1001 592; baseline -0.007 -9"><span class='ocrx_word' id='word_1_35' title='bbox 247 557 318 584; x_wconf 84' lang='lat' dir='ltr'>tem</span> <span class='ocrx_word' id='word_1_36' title='bbox 339 545 603 582; x_wconf 78' lang='lat' dir='ltr'>strenuiffimum</span> <span class='ocrx_word' id='word_1_37' title='bbox 624 558 797 580; x_wconf 88' lang='lat' dir='ltr'>armorum</span> <span class='ocrx_word' id='word_1_38' title='bbox 812 572 821 588; x_wconf 94' lang='lat'>‚</span> <span class='ocrx_word' id='word_1_39' title='bbox 837 558 908 592; x_wconf 90' lang='lat' dir='ltr'>quo</span> <span class='ocrx_word' id='word_1_40' title='bbox 924 545 1001 579; x_wconf 88' lang='lat' dir='ltr'>nul-</span> 
     </span>
     <span class='ocr_line' id='line_1_10' title="bbox 246 595 1001 634; baseline -0.007 0"><span class='ocrx_word' id='word_1_41' title='bbox 246 600 300 634; x_wconf 87' lang='lat' dir='ltr'>lus</span> <span class='ocrx_word' id='word_1_42' title='bbox 328 607 400 633; x_wconf 87' lang='lat' dir='ltr'>erat</span> <span class='ocrx_word' id='word_1_43' title='bbox 430 595 626 632; x_wconf 77' lang='lat' dir='ltr'>bellicosior</span> <span class='ocrx_word' id='word_1_44' title='bbox 653 595 690 630; x_wconf 91' lang='lat' dir='ltr'>in</span> <span class='ocrx_word' id='word_1_45' title='bbox 719 595 887 630; x_wconf 86' lang='lat' dir='ltr'>Francia.</span> <span class='ocrx_word' id='word_1_46' title='bbox 917 597 1001 629; x_wconf 86' lang='lat' dir='ltr'>Erat</span> 
     </span>
     <span class='ocr_line' id='line_1_11' title="bbox 248 645 1001 696; baseline -0.007 -12"><span class='ocrx_word' id='word_1_47' title='bbox 248 658 365 684; x_wconf 85' lang='lat' dir='ltr'>tamen</span> <span class='ocrx_word' id='word_1_48' title='bbox 406 647 520 696; x_wconf 87' lang='lat' dir='ltr'>impar</span> <span class='ocrx_word' id='word_1_49' title='bbox 559 645 806 695; x_wconf 86' lang='lat' dir='ltr'>sagacitatibus</span> <span class='ocrx_word' id='word_1_50' title='bbox 848 647 1001 680; x_wconf 84' lang='lat' dir='ltr'>Roman-</span> 
     </span>
     <span class='ocr_line' id='line_1_12' title="bbox 248 696 999 745; baseline -0.007 -11"><span class='ocrx_word' id='word_1_51' title='bbox 248 699 424 734; x_wconf 86' lang='lat' dir='ltr'>diolorum</span> <span class='ocrx_word' id='word_1_52' title='bbox 443 725 452 738; x_wconf 82' lang='grc'>,</span> <span class='ocrx_word' id='word_1_53' title='bbox 489 706 527 733; x_wconf 90' lang='lat' dir='ltr'>ut</span> <span class='ocrx_word' id='word_1_54' title='bbox 555 700 702 745; x_wconf 85' lang='lat' dir='ltr'>eriperet</span> <span class='ocrx_word' id='word_1_55' title='bbox 731 696 999 731; x_wconf 89' lang='lat' dir='ltr'>Romandiolam</span> 
     </span>
     <span class='ocr_line' id='line_1_13' title="bbox 247 742 1000 796; baseline -0.005 -12"><span class='ocrx_word' id='word_1_56' title='bbox 247 750 289 784; x_wconf 87' lang='lat' dir='ltr'>de</span> <span class='ocrx_word' id='word_1_57' title='bbox 330 742 502 796; x_wconf 83' lang='lat' dir='ltr'>unguibus</span> <span class='ocrx_word' id='word_1_58' title='bbox 542 746 703 782; x_wconf 81' lang='lat' dir='ltr'>Comitis</span> <span class='ocrx_word' id='word_1_59' title='bbox 745 746 919 781; x_wconf 87' lang='lat' dir='ltr'>Guidonis</span> <span class='ocrx_word' id='word_1_60' title='bbox 960 746 1000 780; x_wconf 90' lang='lat' dir='ltr'>de</span> 
     </span>
     <span class='ocr_line' id='line_1_14' title="bbox 249 795 1000 845; baseline -0.005 -11"><span class='ocrx_word' id='word_1_61' title='bbox 249 798 505 837; x_wconf 86' lang='lat' dir='ltr'>Montefeltro,</span> <span class='ocrx_word' id='word_1_62' title='bbox 533 797 594 845; x_wconf 88' lang='lat' dir='ltr'>qui</span> <span class='ocrx_word' id='word_1_63' title='bbox 619 807 702 832; x_wconf 88' lang='lat' dir='ltr'>tunc</span> <span class='ocrx_word' id='word_1_64' title='bbox 722 805 794 831; x_wconf 83' lang='lat' dir='ltr'>erat</span> <span class='ocrx_word' id='word_1_65' title='bbox 822 797 872 831; x_wconf 90' lang='lat' dir='ltr'>ibi</span> <span class='ocrx_word' id='word_1_66' title='bbox 900 795 1000 831; x_wconf 88' lang='lat' dir='ltr'>fortis</span> 
     </span>
     <span class='ocr_line' id='line_1_15' title="bbox 248 845 1001 898; baseline -0.007 -13"><span class='ocrx_word' id='word_1_67' title='bbox 248 848 286 885; x_wconf 85' lang='lat'>&amp;</span> <span class='ocrx_word' id='word_1_68' title='bbox 315 859 436 898; x_wconf 85' lang='lat' dir='ltr'>potens</span> <span class='ocrx_word' id='word_1_69' title='bbox 474 862 534 896; x_wconf 87' lang='lat' dir='ltr'>pro</span> <span class='ocrx_word' id='word_1_70' title='bbox 572 858 666 896; x_wconf 85' lang='lat' dir='ltr'>parte</span> <span class='ocrx_word' id='word_1_71' title='bbox 693 846 892 882; x_wconf 86' lang='lat' dir='ltr'>Gibellina.</span> <span class='ocrx_word' id='word_1_72' title='bbox 930 845 1001 881; x_wconf 86' lang='lat' dir='ltr'>Hic</span> 
     </span>
     <span class='ocr_line' id='line_1_16' title="bbox 247 897 999 948; baseline -0.005 -14"><span class='ocrx_word' id='word_1_73' title='bbox 247 913 330 948; x_wconf 85' lang='lat' dir='ltr'>ergo</span> <span class='ocrx_word' id='word_1_74' title='bbox 366 899 538 943; x_wconf 72' lang='lat' dir='ltr'>johannes</span> <span class='ocrx_word' id='word_1_75' title='bbox 575 911 653 932; x_wconf 88' lang='lat' dir='ltr'>cum</span> <span class='ocrx_word' id='word_1_76' title='bbox 691 897 807 932; x_wconf 91' lang='lat' dir='ltr'>nobili</span> <span class='ocrx_word' id='word_1_77' title='bbox 845 897 999 931; x_wconf 82' lang='lat' dir='ltr'>exercitu</span> 
     </span>
     <span class='ocr_line' id='line_1_17' title="bbox 248 947 1002 995; baseline -0.005 -10"><span class='ocrx_word' id='word_1_78' title='bbox 248 951 432 985; x_wconf 82' lang='lat' dir='ltr'>Gallorum</span> <span class='ocrx_word' id='word_1_79' title='bbox 453 948 490 984; x_wconf 71' lang='grc' dir='ltr'>ὅ(</span> <span class='ocrx_word' id='word_1_80' title='bbox 514 948 717 983; x_wconf 86' lang='lat' dir='ltr'>Italicorum</span> <span class='ocrx_word' id='word_1_81' title='bbox 738 947 903 995; x_wconf 78' lang='lat' dir='ltr'>ingreffus</span> <span class='ocrx_word' id='word_1_82' title='bbox 924 960 1002 993; x_wconf 88' lang='lat' dir='ltr'>pro—</span> 
     </span>
     <span class='ocr_line' id='line_1_18' title="bbox 248 997 1001 1048; baseline -0.005 -13"><span class='ocrx_word' id='word_1_83' title='bbox 248 999 431 1040; x_wconf 87' lang='lat' dir='ltr'>vinciam,</span> <span class='ocrx_word' id='word_1_84' title='bbox 474 998 588 1048; x_wconf 90' lang='lat' dir='ltr'>primo</span> <span class='ocrx_word' id='word_1_85' title='bbox 628 998 759 1045; x_wconf 84' lang='lat' dir='ltr'>recepit</span> <span class='ocrx_word' id='word_1_86' title='bbox 796 997 1001 1032; x_wconf 85' lang='lat' dir='ltr'>Faventiam</span> 
     </span>
     <span class='ocr_line' id='line_1_19' title="bbox 249 1046 1002 1091; baseline -0.004 -6"><span class='ocrx_word' id='word_1_87' title='bbox 249 1051 364 1085; x_wconf 87' lang='lat' dir='ltr'>datam</span> <span class='ocrx_word' id='word_1_88' title='bbox 402 1049 482 1085; x_wconf 87' lang='lat' dir='ltr'>fibi.</span> <span class='ocrx_word' id='word_1_89' title='bbox 519 1051 638 1084; x_wconf 87' lang='lat' dir='ltr'>Moras</span> <span class='ocrx_word' id='word_1_90' title='bbox 675 1047 828 1091; x_wconf 84' lang='lat' dir='ltr'>faciens,</span> <span class='ocrx_word' id='word_1_91' title='bbox 864 1047 916 1083; x_wconf 89' lang='lat' dir='ltr'>ibi</span> <span class='ocrx_word' id='word_1_92' title='bbox 952 1046 1002 1082; x_wconf 84' lang='lat' dir='ltr'>fa-</span> 
     </span>
     <span class='ocr_line' id='line_1_20' title="bbox 249 1097 1001 1137; baseline -0.004 -2"><span class='ocrx_word' id='word_1_93' title='bbox 249 1100 364 1136; x_wconf 85' lang='lat' dir='ltr'>ciebat</span> <span class='ocrx_word' id='word_1_94' title='bbox 388 1113 464 1135; x_wconf 88' lang='lat' dir='ltr'>acre</span> <span class='ocrx_word' id='word_1_95' title='bbox 489 1100 618 1134; x_wconf 87' lang='lat' dir='ltr'>bellum</span> <span class='ocrx_word' id='word_1_96' title='bbox 640 1108 760 1133; x_wconf 86' lang='lat' dir='ltr'>contra</span> <span class='ocrx_word' id='word_1_97' title='bbox 781 1097 978 1133; x_wconf 82' lang='lat' dir='ltr'>Forlivium</span> <span class='ocrx_word' id='word_1_98' title='bbox 992 1122 1001 1137; x_wconf 92' lang='lat'>‚</span> 
     </span>
     <span class='ocr_line' id='line_1_21' title="bbox 247 1147 1001 1196; baseline -0.004 -11"><span class='ocrx_word' id='word_1_99' title='bbox 247 1152 279 1186; x_wconf 76' lang='grc' dir='ltr'>ἃ</span> <span class='ocrx_word' id='word_1_100' title='bbox 301 1150 450 1185; x_wconf 87' lang='lat' dir='ltr'>credidit</span> <span class='ocrx_word' id='word_1_101' title='bbox 472 1149 596 1185; x_wconf 86' lang='lat' dir='ltr'>habere</span> <span class='ocrx_word' id='word_1_102' title='bbox 615 1147 815 1184; x_wconf 78' lang='lat' dir='ltr'>Civitatem</span> <span class='ocrx_word' id='word_1_103' title='bbox 844 1162 902 1196; x_wconf 87' lang='lat' dir='ltr'>per</span> <span class='ocrx_word' id='word_1_104' title='bbox 923 1162 1001 1195; x_wconf 84' lang='lat' dir='ltr'>pro-</span> 
     </span>
     <span class='ocr_line' id='line_1_22' title="bbox 249 1198 1002 1247; baseline -0.003 -11"><span class='ocrx_word' id='word_1_105' title='bbox 249 1201 421 1236; x_wconf 83' lang='lat' dir='ltr'>ditionem</span> <span class='ocrx_word' id='word_1_106' title='bbox 440 1228 450 1243; x_wconf 86' lang='lat'>,</span> <span class='ocrx_word' id='word_1_107' title='bbox 486 1213 589 1247; x_wconf 88' lang='lat' dir='ltr'>quam</span> <span class='ocrx_word' id='word_1_108' title='bbox 618 1213 686 1234; x_wconf 90' lang='lat' dir='ltr'>non</span> <span class='ocrx_word' id='word_1_109' title='bbox 717 1208 852 1246; x_wconf 87' lang='lat' dir='ltr'>poterat</span> <span class='ocrx_word' id='word_1_110' title='bbox 879 1198 1002 1234; x_wconf 81' lang='lat' dir='ltr'>habere</span> 
     </span>
     <span class='ocr_line' id='line_1_23' title="bbox 249 1248 1002 1299; baseline -0.003 -14"><span class='ocrx_word' id='word_1_111' title='bbox 249 1264 308 1299; x_wconf 87' lang='lat' dir='ltr'>per</span> <span class='ocrx_word' id='word_1_112' title='bbox 331 1251 545 1286; x_wconf 73' lang='lat' dir='ltr'>obsidionem</span> <span class='ocrx_word' id='word_1_113' title='bbox 562 1276 570 1285; x_wconf 89' lang='lat'><strong>.</strong></span> <span class='ocrx_word' id='word_1_114' title='bbox 600 1250 709 1297; x_wconf 85' lang='lat' dir='ltr'>Cujus</span> <span class='ocrx_word' id='word_1_115' title='bbox 731 1248 916 1284; x_wconf 63' lang='lat' dir='ltr'>traaatum</span> <span class='ocrx_word' id='word_1_116' title='bbox 945 1263 1002 1283; x_wconf 91' lang='lat' dir='ltr'>or-</span> 
     </span>
     <span class='ocr_line' id='line_1_24' title="bbox 247 1298 1001 1346; baseline -0.001 -11"><span class='ocrx_word' id='word_1_117' title='bbox 247 1300 385 1336; x_wconf 86' lang='lat' dir='ltr'>dinavit</span> <span class='ocrx_word' id='word_1_118' title='bbox 414 1302 542 1336; x_wconf 85' lang='lat' dir='ltr'>Comes</span> <span class='ocrx_word' id='word_1_119' title='bbox 570 1300 714 1343; x_wconf 90' lang='lat' dir='ltr'>Guido,</span> <span class='ocrx_word' id='word_1_120' title='bbox 750 1299 811 1346; x_wconf 90' lang='lat' dir='ltr'>qui</span> <span class='ocrx_word' id='word_1_121' title='bbox 841 1298 1001 1335; x_wconf 81' lang='lat' dir='ltr'>astutiffi—</span> 
     </span>
     <span class='ocr_line' id='line_1_25' title="bbox 246 1348 997 1398; baseline -0.003 -13"><span class='ocrx_word' id='word_1_122' title='bbox 246 1363 322 1385; x_wconf 86' lang='lat' dir='ltr'>mus</span> <span class='ocrx_word' id='word_1_123' title='bbox 370 1351 454 1385; x_wconf 83' lang='lat' dir='ltr'>bene</span> <span class='ocrx_word' id='word_1_124' title='bbox 495 1349 724 1398; x_wconf 82' lang='lat' dir='ltr'>cognoscebat</span> <span class='ocrx_word' id='word_1_125' title='bbox 765 1348 997 1384; x_wconf 78' lang='lat' dir='ltr'>temeritatem</span> 
     </span>
     <span class='ocr_line' id='line_1_26' title="bbox 246 1397 999 1441; baseline -0.003 -6"><span class='ocrx_word' id='word_1_126' title='bbox 246 1401 428 1435; x_wconf 86' lang='lat' dir='ltr'>Gallorum</span> <span class='ocrx_word' id='word_1_127' title='bbox 443 1427 451 1435; x_wconf 91' lang='lat'><strong><em>.</em></strong></span> <span class='ocrx_word' id='word_1_128' title='bbox 480 1402 525 1434; x_wconf 85' lang='lat' dir='ltr'>Et</span> <span class='ocrx_word' id='word_1_129' title='bbox 547 1410 583 1435; x_wconf 92' lang='lat' dir='ltr'>ut</span> <span class='ocrx_word' id='word_1_130' title='bbox 607 1397 759 1434; x_wconf 85' lang='lat' dir='ltr'>breviter</span> <span class='ocrx_word' id='word_1_131' title='bbox 777 1397 889 1433; x_wconf 87' lang='lat' dir='ltr'>dicam</span> <span class='ocrx_word' id='word_1_132' title='bbox 906 1423 915 1437; x_wconf 90' lang='lat'><strong><em>‚</em></strong></span> <span class='ocrx_word' id='word_1_133' title='bbox 942 1401 999 1441; x_wconf 90' lang='lat' dir='ltr'>Jo—</span> 
     </span>
     <span class='ocr_line' id='line_1_27' title="bbox 246 1448 998 1496; baseline -0.004 -11"><span class='ocrx_word' id='word_1_134' title='bbox 246 1450 375 1485; x_wconf 89' lang='lat' dir='ltr'>hannes</span> <span class='ocrx_word' id='word_1_135' title='bbox 401 1449 570 1485; x_wconf 76' lang='lat' dir='ltr'>Kalendis</span> <span class='ocrx_word' id='word_1_136' title='bbox 592 1449 685 1496; x_wconf 75' lang='lat' dir='ltr'>Maji</span> <span class='ocrx_word' id='word_1_137' title='bbox 711 1460 789 1483; x_wconf 89' lang='lat' dir='ltr'>cum</span> <span class='ocrx_word' id='word_1_138' title='bbox 815 1459 917 1495; x_wconf 85' lang='lat' dir='ltr'>gente</span> <span class='ocrx_word' id='word_1_139' title='bbox 944 1448 998 1483; x_wconf 85' lang='lat' dir='ltr'>sua</span> 
     </span>
     <span class='ocr_line' id='line_1_28' title="bbox 243 1498 998 1544; baseline -0.003 -8"><span class='ocrx_word' id='word_1_140' title='bbox 243 1500 344 1536; x_wconf 84' lang='lat' dir='ltr'>venit</span> <span class='ocrx_word' id='word_1_141' title='bbox 373 1499 571 1535; x_wconf 88' lang='lat' dir='ltr'>Forlivium</span> <span class='ocrx_word' id='word_1_142' title='bbox 599 1499 640 1534; x_wconf 94' lang='lat' dir='ltr'>de</span> <span class='ocrx_word' id='word_1_143' title='bbox 668 1511 769 1534; x_wconf 85' lang='lat' dir='ltr'>mane</span> <span class='ocrx_word' id='word_1_144' title='bbox 797 1498 998 1544; x_wconf 82' lang='lat' dir='ltr'>tempestive</span> 
     </span>
     <span class='ocr_line' id='line_1_29' title="bbox 244 1548 998 1594; baseline -0.001 -9"><span class='ocrx_word' id='word_1_145' title='bbox 244 1560 324 1586; x_wconf 79' lang='lat' dir='ltr'>ante</span> <span class='ocrx_word' id='word_1_146' title='bbox 363 1550 485 1594; x_wconf 88' lang='lat' dir='ltr'>diem,</span> <span class='ocrx_word' id='word_1_147' title='bbox 525 1549 664 1585; x_wconf 87' lang='lat' dir='ltr'>credens</span> <span class='ocrx_word' id='word_1_148' title='bbox 701 1548 824 1584; x_wconf 87' lang='lat' dir='ltr'>habere</span> <span class='ocrx_word' id='word_1_149' title='bbox 861 1548 998 1594; x_wconf 75' lang='lat' dir='ltr'>ipsum.</span> 
     </span>
     <span class='ocr_line' id='line_1_30' title="bbox 243 1599 999 1647; baseline -0.003 -11"><span class='ocrx_word' id='word_1_150' title='bbox 243 1603 290 1636; x_wconf 90' lang='lat' dir='ltr'>Et</span> <span class='ocrx_word' id='word_1_151' title='bbox 326 1600 411 1636; x_wconf 87' lang='lat' dir='ltr'>ficut</span> <span class='ocrx_word' id='word_1_152' title='bbox 446 1609 519 1636; x_wconf 89' lang='lat' dir='ltr'>erat</span> <span class='ocrx_word' id='word_1_153' title='bbox 549 1599 750 1635; x_wconf 89' lang='lat' dir='ltr'>ordinatum</span> <span class='ocrx_word' id='word_1_154' title='bbox 788 1612 847 1647; x_wconf 88' lang='lat' dir='ltr'>per</span> <span class='ocrx_word' id='word_1_155' title='bbox 873 1600 999 1635; x_wconf 90' lang='lat' dir='ltr'>Comi—</span> 
     </span>
     <span class='ocr_line' id='line_1_31' title="bbox 241 1648 997 1689; baseline -0.001 -3"><span class='ocrx_word' id='word_1_156' title='bbox 241 1660 313 1686; x_wconf 85' lang='lat' dir='ltr'>tem</span> <span class='ocrx_word' id='word_1_157' title='bbox 342 1650 564 1689; x_wconf 85' lang='lat' dir='ltr'>Guidonem‚</span> <span class='ocrx_word' id='word_1_158' title='bbox 601 1649 670 1685; x_wconf 88' lang='lat' dir='ltr'>fuit</span> <span class='ocrx_word' id='word_1_159' title='bbox 705 1650 805 1685; x_wconf 87' lang='lat' dir='ltr'>datus</span> <span class='ocrx_word' id='word_1_160' title='bbox 843 1648 904 1685; x_wconf 87' lang='lat' dir='ltr'>fibi</span> <span class='ocrx_word' id='word_1_161' title='bbox 943 1651 997 1686; x_wconf 90' lang='lat' dir='ltr'>in-</span> 
     </span>
     <span class='ocr_line' id='line_1_32' title="bbox 242 1699 998 1748; baseline 0.001 -13"><span class='ocrx_word' id='word_1_162' title='bbox 242 1701 371 1736; x_wconf 87' lang='lat' dir='ltr'>troitus</span> <span class='ocrx_word' id='word_1_163' title='bbox 396 1700 498 1736; x_wconf 81' lang='lat' dir='ltr'>unius</span> <span class='ocrx_word' id='word_1_164' title='bbox 523 1709 661 1748; x_wconf 85' lang='lat' dir='ltr'>portae.</span> <span class='ocrx_word' id='word_1_165' title='bbox 689 1699 860 1742; x_wconf 73' lang='lat' dir='ltr'>Iohannes</span> <span class='ocrx_word' id='word_1_166' title='bbox 888 1700 998 1747; x_wconf 84' lang='lat' dir='ltr'>igitur</span> 
     </span>
     <span class='ocr_line' id='line_1_33' title="bbox 243 1749 996 1798; baseline 0 -12"><span class='ocrx_word' id='word_1_167' title='bbox 243 1750 393 1786; x_wconf 86' lang='lat' dir='ltr'>intravit</span> <span class='ocrx_word' id='word_1_168' title='bbox 420 1763 498 1786; x_wconf 88' lang='lat' dir='ltr'>cum</span> <span class='ocrx_word' id='word_1_169' title='bbox 537 1758 631 1798; x_wconf 87' lang='lat' dir='ltr'>parte</span> <span class='ocrx_word' id='word_1_170' title='bbox 667 1751 781 1797; x_wconf 85' lang='lat' dir='ltr'>gentis</span> <span class='ocrx_word' id='word_1_171' title='bbox 817 1749 920 1787; x_wconf 86' lang='lat' dir='ltr'>suae,</span> <span class='ocrx_word' id='word_1_172' title='bbox 957 1749 996 1786; x_wconf 85' lang='lat'>&amp;</span> 
     </span>
     <span class='ocr_line' id='line_1_34' title="bbox 243 1799 995 1849; baseline -0.001 -14"><span class='ocrx_word' id='word_1_173' title='bbox 243 1809 376 1849; x_wconf 88' lang='lat' dir='ltr'>partem</span> <span class='ocrx_word' id='word_1_174' title='bbox 410 1799 542 1836; x_wconf 79' lang='lat' dir='ltr'>dimisit</span> <span class='ocrx_word' id='word_1_175' title='bbox 578 1809 698 1837; x_wconf 85' lang='lat' dir='ltr'>extra,</span> <span class='ocrx_word' id='word_1_176' title='bbox 733 1799 816 1834; x_wconf 85' lang='lat' dir='ltr'>dato</span> <span class='ocrx_word' id='word_1_177' title='bbox 852 1799 995 1840; x_wconf 84' lang='lat' dir='ltr'>ordine,</span> 
     </span>
     <span class='ocr_line' id='line_1_35' title="bbox 241 1849 995 1899; baseline -0.001 -14"><span class='ocrx_word' id='word_1_178' title='bbox 241 1850 334 1898; x_wconf 88' lang='lat' dir='ltr'>quod</span> <span class='ocrx_word' id='word_1_179' title='bbox 372 1850 393 1885; x_wconf 90' lang='lat' dir='ltr'>fi</span> <span class='ocrx_word' id='word_1_180' title='bbox 430 1850 634 1899; x_wconf 84' lang='lat' dir='ltr'>expediret,</span> <span class='ocrx_word' id='word_1_181' title='bbox 671 1849 905 1886; x_wconf 82' lang='lat' dir='ltr'>succurrerent</span> <span class='ocrx_word' id='word_1_182' title='bbox 940 1850 995 1885; x_wconf 85' lang='lat' dir='ltr'>in-</span> 
     </span>
     <span class='ocr_line' id='line_1_36' title="bbox 241 1899 995 1949; baseline -0.001 -13"><span class='ocrx_word' id='word_1_183' title='bbox 241 1900 375 1949; x_wconf 83' lang='lat' dir='ltr'>greffis.</span> <span class='ocrx_word' id='word_1_184' title='bbox 412 1901 518 1947; x_wconf 84' lang='lat' dir='ltr'>Quod</span> <span class='ocrx_word' id='word_1_185' title='bbox 546 1900 568 1935; x_wconf 88' lang='lat' dir='ltr'>fi</span> <span class='ocrx_word' id='word_1_186' title='bbox 596 1899 690 1936; x_wconf 88' lang='lat' dir='ltr'>casus</span> <span class='ocrx_word' id='word_1_187' title='bbox 716 1900 876 1936; x_wconf 86' lang='lat' dir='ltr'>adversus</span> <span class='ocrx_word' id='word_1_188' title='bbox 903 1901 995 1936; x_wconf 79' lang='lat' dir='ltr'>acci-</span> 
     </span>
     <span class='ocr_line' id='line_1_37' title="bbox 241 1951 994 1999; baseline 0 -13"><span class='ocrx_word' id='word_1_189' title='bbox 241 1953 358 1995; x_wconf 83' lang='lat' dir='ltr'>deret,</span> <span class='ocrx_word' id='word_1_190' title='bbox 393 1951 594 1990; x_wconf 85' lang='lat' dir='ltr'>mandavit‚</span> <span class='ocrx_word' id='word_1_191' title='bbox 630 1951 723 1998; x_wconf 89' lang='lat' dir='ltr'>quod</span> <span class='ocrx_word' id='word_1_192' title='bbox 760 1964 881 1986; x_wconf 89' lang='lat' dir='ltr'>omnes</span> <span class='ocrx_word' id='word_1_193' title='bbox 917 1953 994 1999; x_wconf 85' lang='lat' dir='ltr'>glo-</span> 
     </span>
     <span class='ocr_line' id='line_1_38' title="bbox 241 2001 993 2049; baseline 0 -13"><span class='ocrx_word' id='word_1_194' title='bbox 241 2011 454 2037; x_wconf 86' lang='lat' dir='ltr'>merarentur</span> <span class='ocrx_word' id='word_1_195' title='bbox 497 2002 535 2037; x_wconf 87' lang='lat' dir='ltr'>in</span> <span class='ocrx_word' id='word_1_196' title='bbox 575 2001 726 2049; x_wconf 89' lang='lat' dir='ltr'>quodam</span> <span class='ocrx_word' id='word_1_197' title='bbox 769 2015 892 2049; x_wconf 88' lang='lat' dir='ltr'>campo</span> <span class='ocrx_word' id='word_1_198' title='bbox 933 2001 993 2037; x_wconf 88' lang='lat' dir='ltr'>sub</span> 
     </span>
     <span class='ocr_line' id='line_1_39' title="bbox 241 2051 992 2100; baseline 0.001 -14"><span class='ocrx_word' id='word_1_199' title='bbox 241 2052 362 2086; x_wconf 88' lang='lat' dir='ltr'>umbra</span> <span class='ocrx_word' id='word_1_200' title='bbox 391 2051 490 2087; x_wconf 88' lang='lat' dir='ltr'>unius</span> <span class='ocrx_word' id='word_1_201' title='bbox 519 2065 662 2100; x_wconf 77' lang='lat' dir='ltr'>magnae</span> <span class='ocrx_word' id='word_1_202' title='bbox 689 2065 852 2099; x_wconf 84' lang='lat' dir='ltr'>quercus.</span> <span class='ocrx_word' id='word_1_203' title='bbox 886 2052 992 2088; x_wconf 83' lang='lat' dir='ltr'>Ordi-</span> 
     </span>
     <span class='ocr_line' id='line_1_40' title="bbox 241 2102 991 2150; baseline 0.003 -14"><span class='ocrx_word' id='word_1_204' title='bbox 241 2115 284 2136; x_wconf 87' lang='lat' dir='ltr'>ne</span> <span class='ocrx_word' id='word_1_205' title='bbox 311 2102 413 2141; x_wconf 86' lang='lat' dir='ltr'>dato,</span> <span class='ocrx_word' id='word_1_206' title='bbox 440 2102 611 2145; x_wconf 77' lang='lat' dir='ltr'>johannes</span> <span class='ocrx_word' id='word_1_207' title='bbox 640 2115 717 2137; x_wconf 90' lang='lat' dir='ltr'>cum</span> <span class='ocrx_word' id='word_1_208' title='bbox 747 2102 888 2137; x_wconf 86' lang='lat' dir='ltr'>Francis</span> <span class='ocrx_word' id='word_1_209' title='bbox 915 2116 991 2150; x_wconf 82' lang='lat' dir='ltr'>per-</span> 
     </span>
     <span class='ocr_line' id='line_1_41' title="bbox 240 2151 990 2188; baseline 0.003 -2"><span class='ocrx_word' id='word_1_210' title='bbox 240 2151 349 2187; x_wconf 87' lang='lat' dir='ltr'>currit</span> <span class='ocrx_word' id='word_1_211' title='bbox 376 2152 572 2187; x_wconf 84' lang='lat' dir='ltr'>Civitatem</span> <span class='ocrx_word' id='word_1_212' title='bbox 601 2151 668 2187; x_wconf 88' lang='lat' dir='ltr'>fine</span> <span class='ocrx_word' id='word_1_213' title='bbox 687 2151 890 2188; x_wconf 84' lang='lat' dir='ltr'>refistentia.</span> <span class='ocrx_word' id='word_1_214' title='bbox 919 2155 990 2188; x_wconf 88' lang='lat' dir='ltr'>Co—</span> 
     </span>
     <span class='ocr_line' id='line_1_42' title="bbox 241 2202 990 2247; baseline 0.001 -10"><span class='ocrx_word' id='word_1_215' title='bbox 241 2215 311 2237; x_wconf 86' lang='lat' dir='ltr'>mes</span> <span class='ocrx_word' id='word_1_216' title='bbox 348 2212 463 2237; x_wconf 87' lang='lat' dir='ltr'>autem</span> <span class='ocrx_word' id='word_1_217' title='bbox 500 2202 650 2245; x_wconf 88' lang='lat' dir='ltr'>Guido,</span> <span class='ocrx_word' id='word_1_218' title='bbox 687 2202 842 2237; x_wconf 85' lang='lat' dir='ltr'>conscius</span> <span class='ocrx_word' id='word_1_219' title='bbox 878 2202 990 2247; x_wconf 55' lang='lat' dir='ltr'>faeti,</span> 
     </span>
     <span class='ocr_line' id='line_1_43' title="bbox 240 2251 993 2300; baseline 0.001 -13"><span class='ocrx_word' id='word_1_220' title='bbox 240 2265 317 2287; x_wconf 88' lang='lat' dir='ltr'>cum</span> <span class='ocrx_word' id='word_1_221' title='bbox 356 2261 431 2287; x_wconf 86' lang='lat' dir='ltr'>tota</span> <span class='ocrx_word' id='word_1_222' title='bbox 467 2261 570 2300; x_wconf 86' lang='lat' dir='ltr'>gente</span> <span class='ocrx_word' id='word_1_223' title='bbox 605 2252 663 2287; x_wconf 85' lang='lat' dir='ltr'>sua</span> <span class='ocrx_word' id='word_1_224' title='bbox 698 2252 813 2288; x_wconf 86' lang='lat' dir='ltr'>exivit</span> <span class='ocrx_word' id='word_1_225' title='bbox 849 2251 993 2288; x_wconf 89' lang='lat' dir='ltr'>Civita-</span> 
     </span>
     <span class='ocr_line' id='line_1_44' title="bbox 238 2301 990 2351; baseline 0.001 -13"><span class='ocrx_word' id='word_1_226' title='bbox 238 2311 332 2342; x_wconf 89' lang='lat' dir='ltr'>tem,</span> <span class='ocrx_word' id='word_1_227' title='bbox 369 2301 407 2338; x_wconf 88' lang='lat'>&amp;</span> <span class='ocrx_word' id='word_1_228' title='bbox 445 2302 570 2338; x_wconf 82' lang='lat' dir='ltr'>invafit</span> <span class='ocrx_word' id='word_1_229' title='bbox 605 2302 759 2338; x_wconf 83' lang='lat' dir='ltr'>animose</span> <span class='ocrx_word' id='word_1_230' title='bbox 794 2302 894 2344; x_wconf 78' lang='lat' dir='ltr'>istos.</span> <span class='ocrx_word' id='word_1_231' title='bbox 930 2304 990 2351; x_wconf 90' lang='lat' dir='ltr'>qui</span> 
     </span>
     <span class='ocr_line' id='line_1_45' title="bbox 238 2352 989 2401; baseline 0 -12"><span class='ocrx_word' id='word_1_232' title='bbox 238 2363 336 2389; x_wconf 76' lang='lat' dir='ltr'>erant</span> <span class='ocrx_word' id='word_1_233' title='bbox 363 2352 422 2388; x_wconf 90' lang='lat' dir='ltr'>sub</span> <span class='ocrx_word' id='word_1_234' title='bbox 451 2367 600 2401; x_wconf 83' lang='lat' dir='ltr'>quercu,</span> <span class='ocrx_word' id='word_1_235' title='bbox 635 2354 667 2388; x_wconf 75' lang='grc' dir='ltr'>δε</span> <span class='ocrx_word' id='word_1_236' title='bbox 696 2352 849 2388; x_wconf 84' lang='lat' dir='ltr'>faciliter</span> <span class='ocrx_word' id='word_1_237' title='bbox 875 2353 989 2390; x_wconf 86' lang='lat' dir='ltr'>fudit.</span> 
     </span>
     <span class='ocr_line' id='line_1_46' title="bbox 235 2403 988 2451; baseline 0 -12"><span class='ocrx_word' id='word_1_238' title='bbox 235 2403 429 2447; x_wconf 80' lang='lat' dir='ltr'>Johannes‚</span> <span class='ocrx_word' id='word_1_239' title='bbox 458 2404 518 2451; x_wconf 87' lang='lat' dir='ltr'>qui</span> <span class='ocrx_word' id='word_1_240' title='bbox 547 2404 740 2439; x_wconf 83' lang='lat' dir='ltr'>intraverat</span> <span class='ocrx_word' id='word_1_241' title='bbox 768 2404 988 2448; x_wconf 83' lang='lat' dir='ltr'>Forlivium,</span> 
     </span>
     <span class='ocr_line' id='line_1_47' title="bbox 237 2454 986 2502; baseline 0.003 -14"><span class='ocrx_word' id='word_1_242' title='bbox 237 2454 376 2489; x_wconf 89' lang='lat' dir='ltr'>credens</span> <span class='ocrx_word' id='word_1_243' title='bbox 403 2455 467 2490; x_wconf 80' lang='lat' dir='ltr'>effe</span> <span class='ocrx_word' id='word_1_244' title='bbox 497 2454 692 2494; x_wconf 86' lang='lat' dir='ltr'>Dominus,</span> <span class='ocrx_word' id='word_1_245' title='bbox 720 2454 907 2502; x_wconf 82' lang='lat' dir='ltr'>diripiebat</span> <span class='ocrx_word' id='word_1_246' title='bbox 932 2455 986 2490; x_wconf 88' lang='lat' dir='ltr'>in-</span> 
     </span>
     <span class='ocr_line' id='line_1_48' title="bbox 235 2504 983 2544; baseline 0.003 -5"><span class='ocrx_word' id='word_1_247' title='bbox 235 2504 338 2541; x_wconf 87' lang='lat' dir='ltr'>terim</span> <span class='ocrx_word' id='word_1_248' title='bbox 368 2504 588 2544; x_wconf 78' lang='lat' dir='ltr'>Civitatem,</span> <span class='ocrx_word' id='word_1_249' title='bbox 624 2506 658 2540; x_wconf 79' lang='lat'>&amp;</span> <span class='ocrx_word' id='word_1_250' title='bbox 695 2505 828 2541; x_wconf 85' lang='lat' dir='ltr'>milites</span> <span class='ocrx_word' id='word_1_251' title='bbox 856 2505 983 2541; x_wconf 87' lang='lat' dir='ltr'>diffun-</span> 
     </span>
     <span class='ocr_line' id='line_1_49' title="bbox 334 2558 511 2592; baseline 0.011 -3"><span class='ocrx_word' id='word_1_252' title='bbox 334 2558 422 2592; x_wconf 87' lang='lat' dir='ltr'><em>Tom.</em></span> <span class='ocrx_word' id='word_1_253' title='bbox 450 2558 511 2591; x_wconf 88' lang='grc' dir='ltr'><em>ΙΙΙ.</em></span> 
     </span>
    </p>
   </div>
   <div class='ocr_carea' id='block_1_5' title="bbox 1041 1158 1074 1194">
    <p class='ocr_par' dir='ltr' id='par_1_5' title="bbox 1041 1158 1074 1194">
     <span class='ocr_line' id='line_1_50' title="bbox 1041 1158 1074 1194; baseline 0 0"><span class='ocrx_word' id='word_1_254' title='bbox 1041 1158 1074 1194; x_wconf 84' lang='lat' dir='ltr'>C</span> 
     </span>
    </p>
   </div>
   <div class='ocr_carea' id='block_1_6' title="bbox 1084 189 1871 2592">
    <p class='ocr_par' dir='ltr' id='par_1_6' title="bbox 1084 189 1871 2592">
     <span class='ocr_line' id='line_1_51' title="bbox 1763 189 1817 224; baseline 0.019 -1"><span class='ocrx_word' id='word_1_255' title='bbox 1763 189 1817 224; x_wconf 79' lang='lat'>26</span> 
     </span>
     <span class='ocr_line' id='line_1_52' title="bbox 1115 196 1868 285; baseline 0 -11"><span class='ocrx_word' id='word_1_256' title='bbox 1115 238 1242 274; x_wconf 84' lang='lat' dir='ltr'>debant</span> <span class='ocrx_word' id='word_1_257' title='bbox 1278 237 1310 272; x_wconf 90' lang='lat' dir='ltr'>se</span> <span class='ocrx_word' id='word_1_258' title='bbox 1348 250 1407 285; x_wconf 91' lang='lat' dir='ltr'>per</span> <span class='ocrx_word' id='word_1_259' title='bbox 1442 236 1644 272; x_wconf 85' lang='lat' dir='ltr'>domicilia.</span> <span class='ocrx_word' id='word_1_260' title='bbox 1680 196 1868 275; x_wconf 69' lang='lat' dir='ltr'>Et4c0nri-</span> 
     </span>
     <span class='ocr_line' id='line_1_53' title="bbox 1084 287 1870 358; baseline 0.003 -34"><span class='ocrx_word' id='word_1_261' title='bbox 1084 288 1184 358; x_wconf 62' lang='lat' dir='ltr'>‘nuo</span> <span class='ocrx_word' id='word_1_262' title='bbox 1220 289 1350 323; x_wconf 87' lang='lat' dir='ltr'>Comes</span> <span class='ocrx_word' id='word_1_263' title='bbox 1386 287 1504 322; x_wconf 89' lang='lat' dir='ltr'>Guido</span> <span class='ocrx_word' id='word_1_264' title='bbox 1540 287 1725 324; x_wconf 87' lang='lat' dir='ltr'>reintravit</span> <span class='ocrx_word' id='word_1_265' title='bbox 1755 291 1870 326; x_wconf 71' lang='lat' dir='ltr'>Forli—</span> 
     </span>
     <span class='ocr_line' id='line_1_54' title="bbox 1116 336 1867 385; baseline 0.003 -11"><span class='ocrx_word' id='word_1_266' title='bbox 1116 339 1212 374; x_wconf 86' lang='lat' dir='ltr'>vium</span> <span class='ocrx_word' id='word_1_267' title='bbox 1229 362 1240 376; x_wconf 88' lang='lat'><em>‚</em></span> <span class='ocrx_word' id='word_1_268' title='bbox 1277 336 1420 372; x_wconf 63' lang='lat' dir='ltr'>dimissa</span> <span class='ocrx_word' id='word_1_269' title='bbox 1446 337 1503 372; x_wconf 87' lang='lat' dir='ltr'>sua</span> <span class='ocrx_word' id='word_1_270' title='bbox 1531 347 1626 385; x_wconf 85' lang='lat' dir='ltr'>parte</span> <span class='ocrx_word' id='word_1_271' title='bbox 1654 339 1806 375; x_wconf 83' lang='lat' dir='ltr'>militiae</span> <span class='ocrx_word' id='word_1_272' title='bbox 1833 342 1867 375; x_wconf 73' lang='grc' dir='ltr'>δε</span> 
     </span>
     <span class='ocr_line' id='line_1_55' title="bbox 1115 386 1867 437; baseline 0.001 -13"><span class='ocrx_word' id='word_1_273' title='bbox 1115 399 1218 437; x_wconf 85' lang='lat' dir='ltr'>gente</span> <span class='ocrx_word' id='word_1_274' title='bbox 1247 387 1390 437; x_wconf 87' lang='lat' dir='ltr'>pedestri</span> <span class='ocrx_word' id='word_1_275' title='bbox 1418 386 1478 423; x_wconf 91' lang='lat' dir='ltr'>sub</span> <span class='ocrx_word' id='word_1_276' title='bbox 1506 401 1657 435; x_wconf 84' lang='lat' dir='ltr'>quercu,</span> <span class='ocrx_word' id='word_1_277' title='bbox 1684 391 1867 425; x_wconf 86' lang='lat' dir='ltr'>turmatim</span> 
     </span>
     <span class='ocr_line' id='line_1_56' title="bbox 1113 437 1870 488; baseline 0.001 -14"><span class='ocrx_word' id='word_1_278' title='bbox 1113 440 1306 488; x_wconf 84' lang='lat' dir='ltr'>glomerata</span> <span class='ocrx_word' id='word_1_279' title='bbox 1324 438 1362 474; x_wconf 72' lang='grc' dir='ltr'>εὲι</span> <span class='ocrx_word' id='word_1_280' title='bbox 1389 437 1520 477; x_wconf 70' lang='lat' dir='ltr'>forma,</span> <span class='ocrx_word' id='word_1_281' title='bbox 1548 451 1614 486; x_wconf 79' lang='lat' dir='ltr'>qua</span> <span class='ocrx_word' id='word_1_282' title='bbox 1641 438 1776 474; x_wconf 86' lang='lat' dir='ltr'>steterat</span> <span class='ocrx_word' id='word_1_283' title='bbox 1797 441 1870 488; x_wconf 85' lang='lat' dir='ltr'>pri-</span> 
     </span>
     <span class='ocr_line' id='line_1_57' title="bbox 1114 490 1869 538; baseline 0.003 -14"><span class='ocrx_word' id='word_1_284' title='bbox 1114 503 1170 524; x_wconf 88' lang='lat' dir='ltr'>ma</span> <span class='ocrx_word' id='word_1_285' title='bbox 1205 502 1287 538; x_wconf 84' lang='lat' dir='ltr'>gens</span> <span class='ocrx_word' id='word_1_286' title='bbox 1324 491 1562 524; x_wconf 88' lang='lat' dir='ltr'>Francorum.</span> <span class='ocrx_word' id='word_1_287' title='bbox 1600 490 1704 524; x_wconf 87' lang='lat' dir='ltr'>Tunc</span> <span class='ocrx_word' id='word_1_288' title='bbox 1740 492 1869 526; x_wconf 89' lang='lat' dir='ltr'>Comes</span> 
     </span>
     <span class='ocr_line' id='line_1_58' title="bbox 1112 539 1869 587; baseline 0.001 -12"><span class='ocrx_word' id='word_1_289' title='bbox 1112 540 1305 584; x_wconf 73' lang='lat' dir='ltr'>johannes,</span> <span class='ocrx_word' id='word_1_290' title='bbox 1332 540 1395 587; x_wconf 85' lang='lat' dir='ltr'>qui</span> <span class='ocrx_word' id='word_1_291' title='bbox 1422 539 1581 575; x_wconf 81' lang='lat' dir='ltr'>credebat</span> <span class='ocrx_word' id='word_1_292' title='bbox 1608 539 1717 575; x_wconf 87' lang='lat' dir='ltr'>libere</span> <span class='ocrx_word' id='word_1_293' title='bbox 1744 540 1869 577; x_wconf 81' lang='lat' dir='ltr'>habere</span> 
     </span>
     <span class='ocr_line' id='line_1_59' title="bbox 1113 589 1869 634; baseline 0 -7"><span class='ocrx_word' id='word_1_294' title='bbox 1113 590 1313 631; x_wconf 85' lang='lat' dir='ltr'>Civitatem</span> <span class='ocrx_word' id='word_1_295' title='bbox 1331 617 1342 634; x_wconf 87' lang='lat'>,</span> <span class='ocrx_word' id='word_1_296' title='bbox 1368 589 1449 626; x_wconf 88' lang='lat' dir='ltr'>vifis</span> <span class='ocrx_word' id='word_1_297' title='bbox 1475 589 1649 632; x_wconf 88' lang='lat' dir='ltr'>hostibus,</span> <span class='ocrx_word' id='word_1_298' title='bbox 1678 599 1774 626; x_wconf 87' lang='lat' dir='ltr'>totus</span> <span class='ocrx_word' id='word_1_299' title='bbox 1802 591 1869 627; x_wconf 87' lang='lat' dir='ltr'>stu-</span> 
     </span>
     <span class='ocr_line' id='line_1_60' title="bbox 1113 639 1869 690; baseline 0.001 -14"><span class='ocrx_word' id='word_1_300' title='bbox 1113 641 1267 690; x_wconf 63' lang='lat' dir='ltr'>pefaehis</span> <span class='ocrx_word' id='word_1_301' title='bbox 1294 640 1339 677; x_wconf 89' lang='lat' dir='ltr'>est</span> <span class='ocrx_word' id='word_1_302' title='bbox 1366 639 1404 677; x_wconf 71' lang='grc' dir='ltr'>ἂ</span> <span class='ocrx_word' id='word_1_303' title='bbox 1431 640 1595 676; x_wconf 86' lang='lat' dir='ltr'>territus.</span> <span class='ocrx_word' id='word_1_304' title='bbox 1632 643 1678 676; x_wconf 91' lang='lat' dir='ltr'>Et</span> <span class='ocrx_word' id='word_1_305' title='bbox 1706 642 1869 689; x_wconf 82' lang='lat' dir='ltr'>quicum-</span> 
     </span>
     <span class='ocr_line' id='line_1_61' title="bbox 1113 692 1868 740; baseline 0.001 -13"><span class='ocrx_word' id='word_1_306' title='bbox 1113 705 1179 739; x_wconf 89' lang='lat' dir='ltr'>que</span> <span class='ocrx_word' id='word_1_307' title='bbox 1206 692 1247 727; x_wconf 91' lang='lat' dir='ltr'>de</span> <span class='ocrx_word' id='word_1_308' title='bbox 1274 701 1377 740; x_wconf 86' lang='lat' dir='ltr'>gente</span> <span class='ocrx_word' id='word_1_309' title='bbox 1414 694 1544 726; x_wconf 86' lang='lat' dir='ltr'>Franca</span> <span class='ocrx_word' id='word_1_310' title='bbox 1581 700 1718 739; x_wconf 85' lang='lat' dir='ltr'>poterat</span> <span class='ocrx_word' id='word_1_311' title='bbox 1753 706 1868 728; x_wconf 88' lang='lat' dir='ltr'>recur-</span> 
     </span>
     <span class='ocr_line' id='line_1_62' title="bbox 1113 741 1869 790; baseline 0.003 -13"><span class='ocrx_word' id='word_1_312' title='bbox 1113 755 1184 777; x_wconf 91' lang='lat' dir='ltr'>rere</span> <span class='ocrx_word' id='word_1_313' title='bbox 1212 741 1252 777; x_wconf 90' lang='lat' dir='ltr'>ad</span> <span class='ocrx_word' id='word_1_314' title='bbox 1281 754 1430 790; x_wconf 91' lang='lat' dir='ltr'>equum,</span> <span class='ocrx_word' id='word_1_315' title='bbox 1458 741 1614 790; x_wconf 82' lang='lat' dir='ltr'>fugiebat</span> <span class='ocrx_word' id='word_1_316' title='bbox 1641 753 1738 778; x_wconf 84' lang='lat' dir='ltr'>extra</span> <span class='ocrx_word' id='word_1_317' title='bbox 1764 743 1869 780; x_wconf 85' lang='lat' dir='ltr'>Civi-</span> 
     </span>
     <span class='ocr_line' id='line_1_63' title="bbox 1113 791 1870 840; baseline 0.004 -13"><span class='ocrx_word' id='word_1_318' title='bbox 1113 802 1248 836; x_wconf 86' lang='lat' dir='ltr'>tatem,</span> <span class='ocrx_word' id='word_1_319' title='bbox 1285 791 1324 829; x_wconf 88' lang='lat'>&amp;</span> <span class='ocrx_word' id='word_1_320' title='bbox 1360 794 1562 828; x_wconf 85' lang='lat' dir='ltr'>occurrebat</span> <span class='ocrx_word' id='word_1_321' title='bbox 1598 793 1637 828; x_wconf 86' lang='lat' dir='ltr'>ad</span> <span class='ocrx_word' id='word_1_322' title='bbox 1675 807 1838 840; x_wconf 87' lang='lat' dir='ltr'>quercum</span> <span class='ocrx_word' id='word_1_323' title='bbox 1859 822 1870 839; x_wconf 90' lang='lat'>‚</span> 
     </span>
     <span class='ocr_line' id='line_1_64' title="bbox 1115 842 1871 882; baseline 0.004 -4"><span class='ocrx_word' id='word_1_324' title='bbox 1115 842 1256 879; x_wconf 87' lang='lat' dir='ltr'>credens</span> <span class='ocrx_word' id='word_1_325' title='bbox 1282 842 1334 878; x_wconf 90' lang='lat' dir='ltr'>ibi</span> <span class='ocrx_word' id='word_1_326' title='bbox 1362 842 1522 878; x_wconf 87' lang='lat' dir='ltr'>invenire</span> <span class='ocrx_word' id='word_1_327' title='bbox 1558 843 1654 882; x_wconf 89' lang='lat' dir='ltr'>suos,</span> <span class='ocrx_word' id='word_1_328' title='bbox 1689 845 1722 878; x_wconf 87' lang='lat'>&amp;</span> <span class='ocrx_word' id='word_1_329' title='bbox 1752 844 1871 881; x_wconf 84' lang='lat' dir='ltr'>incur—</span> 
     </span>
     <span class='ocr_line' id='line_1_65' title="bbox 1113 892 1869 942; baseline 0.004 -14"><span class='ocrx_word' id='word_1_330' title='bbox 1113 894 1209 928; x_wconf 87' lang='lat' dir='ltr'>rebat</span> <span class='ocrx_word' id='word_1_331' title='bbox 1244 892 1282 928; x_wconf 91' lang='lat' dir='ltr'>in</span> <span class='ocrx_word' id='word_1_332' title='bbox 1320 906 1440 928; x_wconf 82' lang='lat' dir='ltr'>manus</span> <span class='ocrx_word' id='word_1_333' title='bbox 1477 892 1649 937; x_wconf 89' lang='lat' dir='ltr'>hostium,</span> <span class='ocrx_word' id='word_1_334' title='bbox 1687 907 1703 928; x_wconf 88' lang='lat' dir='ltr'>a</span> <span class='ocrx_word' id='word_1_335' title='bbox 1742 895 1869 942; x_wconf 87' lang='lat' dir='ltr'>quibus</span> 
     </span>
     <span class='ocr_line' id='line_1_66' title="bbox 1113 942 1870 993; baseline 0.004 -15"><span class='ocrx_word' id='word_1_336' title='bbox 1113 952 1211 978; x_wconf 85' lang='lat' dir='ltr'>erant</span> <span class='ocrx_word' id='word_1_337' title='bbox 1237 942 1319 978; x_wconf 87' lang='lat' dir='ltr'>caefi</span> <span class='ocrx_word' id='word_1_338' title='bbox 1340 970 1349 979; x_wconf 89' lang='lat'><strong>.</strong></span> <span class='ocrx_word' id='word_1_339' title='bbox 1386 945 1432 978; x_wconf 84' lang='lat' dir='ltr'>Et</span> <span class='ocrx_word' id='word_1_340' title='bbox 1460 943 1552 984; x_wconf 68' lang='lat' dir='ltr'>capti</span> <span class='ocrx_word' id='word_1_341' title='bbox 1582 943 1661 979; x_wconf 90' lang='lat' dir='ltr'>sunt</span> <span class='ocrx_word' id='word_1_342' title='bbox 1687 944 1768 984; x_wconf 85' lang='lat' dir='ltr'>illi,</span> <span class='ocrx_word' id='word_1_343' title='bbox 1806 945 1870 993; x_wconf 87' lang='lat' dir='ltr'>qui</span> 
     </span>
     <span class='ocr_line' id='line_1_67' title="bbox 1114 992 1869 1038; baseline 0.005 -10"><span class='ocrx_word' id='word_1_344' title='bbox 1114 993 1348 1029; x_wconf 87' lang='lat' dir='ltr'>remanserunt</span> <span class='ocrx_word' id='word_1_345' title='bbox 1377 993 1413 1029; x_wconf 89' lang='lat' dir='ltr'>in</span> <span class='ocrx_word' id='word_1_346' title='bbox 1439 992 1624 1038; x_wconf 76' lang='lat' dir='ltr'>Civitate,</span> <span class='ocrx_word' id='word_1_347' title='bbox 1651 995 1685 1029; x_wconf 87' lang='lat'>&amp;</span> <span class='ocrx_word' id='word_1_348' title='bbox 1715 995 1869 1032; x_wconf 84' lang='lat' dir='ltr'>trucida-</span> 
     </span>
     <span class='ocr_line' id='line_1_68' title="bbox 1114 1044 1867 1095; baseline 0.005 -17"><span class='ocrx_word' id='word_1_349' title='bbox 1114 1045 1237 1079; x_wconf 87' lang='lat' dir='ltr'>bantur</span> <span class='ocrx_word' id='word_1_350' title='bbox 1263 1057 1403 1079; x_wconf 87' lang='lat' dir='ltr'>omnes.</span> <span class='ocrx_word' id='word_1_351' title='bbox 1440 1046 1486 1079; x_wconf 82' lang='lat' dir='ltr'>Et</span> <span class='ocrx_word' id='word_1_352' title='bbox 1514 1044 1556 1080; x_wconf 88' lang='lat' dir='ltr'>fic</span> <span class='ocrx_word' id='word_1_353' title='bbox 1584 1058 1708 1093; x_wconf 82' lang='lat' dir='ltr'>magna</span> <span class='ocrx_word' id='word_1_354' title='bbox 1737 1045 1867 1095; x_wconf 86' lang='lat' dir='ltr'>sagaci-</span> 
     </span>
     <span class='ocr_line' id='line_1_69' title="bbox 1112 1094 1869 1144; baseline 0.004 -15"><span class='ocrx_word' id='word_1_355' title='bbox 1112 1104 1184 1130; x_wconf 91' lang='lat' dir='ltr'>tate</span> <span class='ocrx_word' id='word_1_356' title='bbox 1211 1094 1367 1130; x_wconf 88' lang='lat' dir='ltr'>Comitis</span> <span class='ocrx_word' id='word_1_357' title='bbox 1394 1095 1569 1130; x_wconf 86' lang='lat' dir='ltr'>Guidonis</span> <span class='ocrx_word' id='word_1_358' title='bbox 1598 1097 1713 1144; x_wconf 83' lang='lat' dir='ltr'>pulcra</span> <span class='ocrx_word' id='word_1_359' title='bbox 1736 1095 1773 1133; x_wconf 72' lang='grc' dir='ltr'>ἃ</span> <span class='ocrx_word' id='word_1_360' title='bbox 1795 1111 1869 1132; x_wconf 89' lang='lat' dir='ltr'>ma-</span> 
     </span>
     <span class='ocr_line' id='line_1_70' title="bbox 1112 1145 1870 1193; baseline 0.007 -14"><span class='ocrx_word' id='word_1_361' title='bbox 1112 1158 1177 1193; x_wconf 83' lang='lat' dir='ltr'>gna</span> <span class='ocrx_word' id='word_1_362' title='bbox 1206 1158 1287 1193; x_wconf 84' lang='lat' dir='ltr'>gens</span> <span class='ocrx_word' id='word_1_363' title='bbox 1314 1145 1452 1180; x_wconf 89' lang='lat' dir='ltr'>Gallica</span> <span class='ocrx_word' id='word_1_364' title='bbox 1489 1145 1558 1181; x_wconf 86' lang='lat' dir='ltr'>fuit</span> <span class='ocrx_word' id='word_1_365' title='bbox 1593 1146 1757 1182; x_wconf 63' lang='lat' dir='ltr'>destruf‘ca</span> <span class='ocrx_word' id='word_1_366' title='bbox 1776 1174 1785 1182; x_wconf 89' lang='lat'><strong><em>.</em></strong></span> <span class='ocrx_word' id='word_1_367' title='bbox 1822 1150 1870 1184; x_wconf 83' lang='lat' dir='ltr'>Et</span> 
     </span>
     <span class='ocr_line' id='line_1_71' title="bbox 1113 1194 1868 1244; baseline 0.004 -14"><span class='ocrx_word' id='word_1_368' title='bbox 1113 1196 1218 1231; x_wconf 88' lang='lat' dir='ltr'>multi</span> <span class='ocrx_word' id='word_1_369' title='bbox 1246 1196 1381 1231; x_wconf 88' lang='lat' dir='ltr'>nobiles</span> <span class='ocrx_word' id='word_1_370' title='bbox 1401 1194 1437 1230; x_wconf 84' lang='lat'>&amp;</span> <span class='ocrx_word' id='word_1_371' title='bbox 1460 1206 1636 1244; x_wconf 79' lang='lat' dir='ltr'>magnates</span> <span class='ocrx_word' id='word_1_372' title='bbox 1665 1197 1783 1232; x_wconf 82' lang='lat' dir='ltr'>Italici</span> <span class='ocrx_word' id='word_1_373' title='bbox 1812 1212 1868 1234; x_wconf 88' lang='lat' dir='ltr'>ce-</span> 
     </span>
     <span class='ocr_line' id='line_1_72' title="bbox 1113 1245 1866 1285; baseline 0.007 -5"><span class='ocrx_word' id='word_1_374' title='bbox 1113 1245 1271 1281; x_wconf 81' lang='lat' dir='ltr'>ciderunt</span> <span class='ocrx_word' id='word_1_375' title='bbox 1298 1246 1335 1280; x_wconf 89' lang='lat' dir='ltr'>in</span> <span class='ocrx_word' id='word_1_376' title='bbox 1357 1245 1544 1281; x_wconf 58' lang='lat' dir='ltr'>confflem.</span> <span class='ocrx_word' id='word_1_377' title='bbox 1573 1246 1669 1282; x_wconf 85' lang='lat' dir='ltr'>Inter</span> <span class='ocrx_word' id='word_1_378' title='bbox 1688 1248 1776 1283; x_wconf 85' lang='lat' dir='ltr'>alios</span> <span class='ocrx_word' id='word_1_379' title='bbox 1798 1248 1866 1285; x_wconf 89' lang='lat' dir='ltr'>fuit</span> 
     </span>
     <span class='ocr_line' id='line_1_73' title="bbox 1113 1296 1868 1336; baseline 0.005 -6"><span class='ocrx_word' id='word_1_380' title='bbox 1113 1309 1199 1331; x_wconf 87' lang='lat' dir='ltr'>unus</span> <span class='ocrx_word' id='word_1_381' title='bbox 1235 1298 1362 1331; x_wconf 86' lang='lat' dir='ltr'>Comes</span> <span class='ocrx_word' id='word_1_382' title='bbox 1399 1296 1439 1331; x_wconf 87' lang='lat' dir='ltr'>de</span> <span class='ocrx_word' id='word_1_383' title='bbox 1476 1296 1711 1332; x_wconf 79' lang='lat' dir='ltr'>Montefelrro</span> <span class='ocrx_word' id='word_1_384' title='bbox 1736 1322 1746 1336; x_wconf 89' lang='lat'><em>,</em></span> <span class='ocrx_word' id='word_1_385' title='bbox 1783 1312 1868 1334; x_wconf 91' lang='lat' dir='ltr'>con—</span> 
     </span>
     <span class='ocr_line' id='line_1_74' title="bbox 1112 1345 1867 1394; baseline 0.008 -14"><span class='ocrx_word' id='word_1_386' title='bbox 1112 1345 1315 1394; x_wconf 87' lang='lat' dir='ltr'>sanguineus</span> <span class='ocrx_word' id='word_1_387' title='bbox 1358 1345 1516 1382; x_wconf 85' lang='lat' dir='ltr'>Comitis</span> <span class='ocrx_word' id='word_1_388' title='bbox 1557 1348 1758 1384; x_wconf 74' lang='lat' dir='ltr'>Guidonis.</span> <span class='ocrx_word' id='word_1_389' title='bbox 1801 1351 1867 1386; x_wconf 90' lang='lat' dir='ltr'>Sed</span> 
     </span>
     <span class='ocr_line' id='line_1_75' title="bbox 1111 1395 1865 1448; baseline 0.008 -18"><span class='ocrx_word' id='word_1_390' title='bbox 1111 1405 1183 1430; x_wconf 89' lang='lat' dir='ltr'>erat</span> <span class='ocrx_word' id='word_1_391' title='bbox 1210 1395 1348 1431; x_wconf 77' lang='lat' dir='ltr'>infestus</span> <span class='ocrx_word' id='word_1_392' title='bbox 1376 1397 1409 1432; x_wconf 87' lang='lat' dir='ltr'>ei</span> <span class='ocrx_word' id='word_1_393' title='bbox 1439 1407 1578 1444; x_wconf 80' lang='lat' dir='ltr'>propter</span> <span class='ocrx_word' id='word_1_394' title='bbox 1607 1398 1729 1442; x_wconf 84' lang='lat' dir='ltr'>litem,</span> <span class='ocrx_word' id='word_1_395' title='bbox 1759 1413 1865 1448; x_wconf 84' lang='lat' dir='ltr'>quam</span> 
     </span>
     <span class='ocr_line' id='line_1_76' title="bbox 1112 1445 1868 1495; baseline 0.011 -16"><span class='ocrx_word' id='word_1_396' title='bbox 1112 1445 1276 1481; x_wconf 85' lang='lat' dir='ltr'>habuerat</span> <span class='ocrx_word' id='word_1_397' title='bbox 1304 1446 1415 1481; x_wconf 88' lang='lat' dir='ltr'>secum</span> <span class='ocrx_word' id='word_1_398' title='bbox 1442 1446 1538 1495; x_wconf 88' lang='lat' dir='ltr'>super</span> <span class='ocrx_word' id='word_1_399' title='bbox 1563 1448 1794 1485; x_wconf 85' lang='lat' dir='ltr'>haereditate.</span> <span class='ocrx_word' id='word_1_400' title='bbox 1821 1454 1868 1487; x_wconf 86' lang='lat' dir='ltr'>Et</span> 
     </span>
     <span class='ocr_line' id='line_1_77' title="bbox 1110 1496 1865 1545; baseline 0.009 -15"><span class='ocrx_word' id='word_1_401' title='bbox 1110 1496 1358 1535; x_wconf 73' lang='lat' dir='ltr'>Tebaldellus,</span> <span class='ocrx_word' id='word_1_402' title='bbox 1386 1496 1447 1543; x_wconf 84' lang='lat' dir='ltr'>qui</span> <span class='ocrx_word' id='word_1_403' title='bbox 1476 1498 1609 1545; x_wconf 83' lang='lat' dir='ltr'>aperuit</span> <span class='ocrx_word' id='word_1_404' title='bbox 1636 1501 1865 1545; x_wconf 80' lang='lat' dir='ltr'>Faventiam,</span> 
     </span>
     <span class='ocr_line' id='line_1_78' title="bbox 1110 1545 1865 1599; baseline 0.011 -19"><span class='ocrx_word' id='word_1_405' title='bbox 1110 1545 1247 1593; x_wconf 89' lang='lat' dir='ltr'>quando</span> <span class='ocrx_word' id='word_1_406' title='bbox 1275 1547 1496 1582; x_wconf 85' lang='lat' dir='ltr'>dormiebant</span> <span class='ocrx_word' id='word_1_407' title='bbox 1524 1548 1653 1591; x_wconf 84' lang='lat' dir='ltr'>Cives,</span> <span class='ocrx_word' id='word_1_408' title='bbox 1684 1549 1721 1585; x_wconf 85' lang='lat'>&amp;</span> <span class='ocrx_word' id='word_1_409' title='bbox 1753 1553 1865 1599; x_wconf 73' lang='lat' dir='ltr'>plures</span> 
     </span>
     <span class='ocr_line' id='line_1_79' title="bbox 1109 1596 1865 1648; baseline 0.008 -17"><span class='ocrx_word' id='word_1_410' title='bbox 1109 1596 1196 1631; x_wconf 85' lang='lat' dir='ltr'>alii.</span> <span class='ocrx_word' id='word_1_411' title='bbox 1232 1597 1404 1640; x_wconf 87' lang='lat' dir='ltr'>Johannes</span> <span class='ocrx_word' id='word_1_412' title='bbox 1440 1597 1481 1633; x_wconf 94' lang='lat' dir='ltr'>de</span> <span class='ocrx_word' id='word_1_413' title='bbox 1509 1599 1603 1648; x_wconf 54' lang='lat' dir='ltr'>Apssa</span> <span class='ocrx_word' id='word_1_414' title='bbox 1640 1609 1755 1636; x_wconf 86' lang='lat' dir='ltr'>tamen</span> <span class='ocrx_word' id='word_1_415' title='bbox 1785 1615 1865 1638; x_wconf 90' lang='lat' dir='ltr'>cum</span> 
     </span>
     <span class='ocr_line' id='line_1_80' title="bbox 1110 1647 1864 1692; baseline 0.009 -11"><span class='ocrx_word' id='word_1_416' title='bbox 1110 1647 1225 1692; x_wconf 77' lang='lat' dir='ltr'>paucis</span> <span class='ocrx_word' id='word_1_417' title='bbox 1253 1648 1382 1683; x_wconf 79' lang='lat' dir='ltr'>evasit.</span> <span class='ocrx_word' id='word_1_418' title='bbox 1419 1650 1465 1683; x_wconf 84' lang='lat' dir='ltr'>Et</span> <span class='ocrx_word' id='word_1_419' title='bbox 1501 1648 1551 1684; x_wconf 82' lang='lat' dir='ltr'>ita</span> <span class='ocrx_word' id='word_1_420' title='bbox 1580 1649 1716 1686; x_wconf 89' lang='lat' dir='ltr'>delusus</span> <span class='ocrx_word' id='word_1_421' title='bbox 1742 1654 1775 1686; x_wconf 73' lang='grc' dir='ltr'>ὅ(</span> <span class='ocrx_word' id='word_1_422' title='bbox 1805 1652 1864 1688; x_wconf 91' lang='lat' dir='ltr'>de-</span> 
     </span>
     <span class='ocr_line' id='line_1_81' title="bbox 1109 1697 1863 1751; baseline 0.009 -20"><span class='ocrx_word' id='word_1_423' title='bbox 1109 1697 1214 1732; x_wconf 80' lang='lat' dir='ltr'>sertus</span> <span class='ocrx_word' id='word_1_424' title='bbox 1241 1697 1393 1734; x_wconf 77' lang='lat' dir='ltr'>reversus</span> <span class='ocrx_word' id='word_1_425' title='bbox 1421 1699 1465 1734; x_wconf 87' lang='lat' dir='ltr'>est</span> <span class='ocrx_word' id='word_1_426' title='bbox 1502 1701 1707 1736; x_wconf 83' lang='lat' dir='ltr'>Faventiam</span> <span class='ocrx_word' id='word_1_427' title='bbox 1724 1728 1732 1736; x_wconf 95' lang='lat'>.</span> <span class='ocrx_word' id='word_1_428' title='bbox 1772 1704 1863 1751; x_wconf 77' lang='lat' dir='ltr'>Papa</span> 
     </span>
     <span class='ocr_line' id='line_1_82' title="bbox 1108 1747 1862 1800; baseline 0.011 -19"><span class='ocrx_word' id='word_1_429' title='bbox 1108 1747 1286 1783; x_wconf 76' lang='lat' dir='ltr'>Martinus</span> <span class='ocrx_word' id='word_1_430' title='bbox 1322 1749 1431 1784; x_wconf 79' lang='lat' dir='ltr'>iratus</span> <span class='ocrx_word' id='word_1_431' title='bbox 1468 1749 1560 1785; x_wconf 87' lang='lat' dir='ltr'>mifit</span> <span class='ocrx_word' id='word_1_432' title='bbox 1597 1764 1704 1786; x_wconf 83' lang='lat' dir='ltr'>novas</span> <span class='ocrx_word' id='word_1_433' title='bbox 1742 1763 1862 1800; x_wconf 77' lang='lat' dir='ltr'>gentes</span> 
     </span>
     <span class='ocr_line' id='line_1_83' title="bbox 1106 1797 1862 1847; baseline 0.009 -15"><span class='ocrx_word' id='word_1_434' title='bbox 1106 1797 1271 1844; x_wconf 86' lang='lat' dir='ltr'>equestres</span> <span class='ocrx_word' id='word_1_435' title='bbox 1290 1800 1324 1833; x_wconf 75' lang='lat'>8&lt;</span> <span class='ocrx_word' id='word_1_436' title='bbox 1347 1799 1508 1847; x_wconf 87' lang='lat' dir='ltr'>pedestres</span> <span class='ocrx_word' id='word_1_437' title='bbox 1529 1800 1568 1835; x_wconf 85' lang='lat' dir='ltr'>ad</span> <span class='ocrx_word' id='word_1_438' title='bbox 1595 1800 1777 1837; x_wconf 87' lang='lat' dir='ltr'>Comitem</span> <span class='ocrx_word' id='word_1_439' title='bbox 1800 1806 1862 1847; x_wconf 90' lang='lat' dir='ltr'>Jo-</span> 
     </span>
     <span class='ocr_line' id='line_1_84' title="bbox 1106 1847 1860 1899; baseline 0.009 -17"><span class='ocrx_word' id='word_1_440' title='bbox 1106 1847 1282 1891; x_wconf 90' lang='lat' dir='ltr'>hannem,</span> <span class='ocrx_word' id='word_1_441' title='bbox 1319 1849 1380 1897; x_wconf 89' lang='lat' dir='ltr'>qui</span> <span class='ocrx_word' id='word_1_442' title='bbox 1408 1851 1625 1899; x_wconf 86' lang='lat' dir='ltr'>recuperavit</span> <span class='ocrx_word' id='word_1_443' title='bbox 1662 1854 1860 1889; x_wconf 77' lang='lat' dir='ltr'>forlivium</span> 
     </span>
     <span class='ocr_line' id='line_1_85' title="bbox 1105 1899 1859 1950; baseline 0.008 -17"><span class='ocrx_word' id='word_1_444' title='bbox 1105 1900 1214 1934; x_wconf 89' lang='lat' dir='ltr'>Anno</span> <span class='ocrx_word' id='word_1_445' title='bbox 1250 1899 1407 1947; x_wconf 84' lang='lat' dir='ltr'>sequenti</span> <span class='ocrx_word' id='word_1_446' title='bbox 1443 1901 1484 1936; x_wconf 89' lang='lat' dir='ltr'>de</span> <span class='ocrx_word' id='word_1_447' title='bbox 1521 1901 1635 1938; x_wconf 88' lang='lat' dir='ltr'>mense</span> <span class='ocrx_word' id='word_1_448' title='bbox 1672 1904 1784 1950; x_wconf 72' lang='lat' dir='ltr'>Maji,</span> <span class='ocrx_word' id='word_1_449' title='bbox 1822 1904 1859 1940; x_wconf 72' lang='grc' dir='ltr'>δε</span> 
     </span>
     <span class='ocr_line' id='line_1_86' title="bbox 1104 1948 1862 1989; baseline 0.005 -5"><span class='ocrx_word' id='word_1_450' title='bbox 1104 1948 1214 1985; x_wconf 87' lang='lat' dir='ltr'>diruit</span> <span class='ocrx_word' id='word_1_451' title='bbox 1241 1963 1344 1985; x_wconf 88' lang='lat' dir='ltr'>omne</span> <span class='ocrx_word' id='word_1_452' title='bbox 1381 1950 1608 1987; x_wconf 84' lang='lat' dir='ltr'>fortilitium.</span> <span class='ocrx_word' id='word_1_453' title='bbox 1644 1955 1773 1988; x_wconf 69' lang='lat' dir='ltr'>Comes</span> <span class='ocrx_word' id='word_1_454' title='bbox 1802 1967 1862 1989; x_wconf 84' lang='lat' dir='ltr'>ve-</span> 
     </span>
     <span class='ocr_line' id='line_1_87' title="bbox 1105 2000 1859 2041; baseline 0.009 -7"><span class='ocrx_word' id='word_1_455' title='bbox 1105 2002 1143 2034; x_wconf 74' lang='lat' dir='ltr'>ro</span> <span class='ocrx_word' id='word_1_456' title='bbox 1179 2000 1298 2035; x_wconf 80' lang='lat' dir='ltr'>Guido</span> <span class='ocrx_word' id='word_1_457' title='bbox 1334 2001 1467 2036; x_wconf 87' lang='lat' dir='ltr'>receffit</span> <span class='ocrx_word' id='word_1_458' title='bbox 1502 2001 1544 2036; x_wconf 91' lang='lat' dir='ltr'>de</span> <span class='ocrx_word' id='word_1_459' title='bbox 1583 2003 1764 2039; x_wconf 83' lang='lat' dir='ltr'>Forlivio.</span> <span class='ocrx_word' id='word_1_460' title='bbox 1802 2006 1859 2041; x_wconf 78' lang='lat' dir='ltr'>Sic</span> 
     </span>
     <span class='ocr_line' id='line_1_88' title="bbox 1103 2051 1857 2101; baseline 0.008 -17"><span class='ocrx_word' id='word_1_461' title='bbox 1103 2063 1185 2098; x_wconf 80' lang='lat' dir='ltr'>ergo</span> <span class='ocrx_word' id='word_1_462' title='bbox 1214 2059 1334 2098; x_wconf 79' lang='lat' dir='ltr'>patet,</span> <span class='ocrx_word' id='word_1_463' title='bbox 1371 2051 1463 2098; x_wconf 84' lang='lat' dir='ltr'>quod</span> <span class='ocrx_word' id='word_1_464' title='bbox 1491 2051 1672 2101; x_wconf 79' lang='lat' dir='ltr'>ingenium</span> <span class='ocrx_word' id='word_1_465' title='bbox 1702 2055 1857 2090; x_wconf 81' lang='lat' dir='ltr'>Comitis</span> 
     </span>
     <span class='ocr_line' id='line_1_89' title="bbox 1104 2099 1855 2149; baseline 0.008 -15"><span class='ocrx_word' id='word_1_466' title='bbox 1104 2099 1195 2136; x_wconf 89' lang='lat' dir='ltr'>vicit</span> <span class='ocrx_word' id='word_1_467' title='bbox 1222 2100 1314 2136; x_wconf 85' lang='lat' dir='ltr'>vires</span> <span class='ocrx_word' id='word_1_468' title='bbox 1350 2100 1528 2138; x_wconf 71' lang='lat' dir='ltr'>fortissimi</span> <span class='ocrx_word' id='word_1_469' title='bbox 1566 2103 1773 2149; x_wconf 84' lang='lat' dir='ltr'>bellatoris,</span> <span class='ocrx_word' id='word_1_470' title='bbox 1811 2106 1855 2141; x_wconf 81' lang='lat' dir='ltr'>li-</span> 
     </span>
     <span class='ocr_line' id='line_1_90' title="bbox 1103 2151 1855 2191; baseline 0.008 -6"><span class='ocrx_word' id='word_1_471' title='bbox 1103 2152 1158 2185; x_wconf 69' lang='lat' dir='ltr'>cet</span> <span class='ocrx_word' id='word_1_472' title='bbox 1194 2151 1346 2186; x_wconf 87' lang='lat' dir='ltr'>tamdem</span> <span class='ocrx_word' id='word_1_473' title='bbox 1384 2151 1601 2189; x_wconf 88' lang='lat' dir='ltr'>succubuerit</span> <span class='ocrx_word' id='word_1_474' title='bbox 1629 2154 1761 2190; x_wconf 85' lang='lat' dir='ltr'>viribus</span> <span class='ocrx_word' id='word_1_475' title='bbox 1791 2158 1855 2191; x_wconf 86' lang='lat' dir='ltr'>Ec-</span> 
     </span>
     <span class='ocr_line' id='line_1_91' title="bbox 1103 2200 1856 2242; baseline 0.008 -6"><span class='ocrx_word' id='word_1_476' title='bbox 1103 2200 1221 2237; x_wconf 86' lang='lat' dir='ltr'>clesiae</span> <span class='ocrx_word' id='word_1_477' title='bbox 1245 2227 1254 2237; x_wconf 88' lang='lat'><strong><em>.</em></strong></span> <span class='ocrx_word' id='word_1_478' title='bbox 1293 2204 1398 2238; x_wconf 89' lang='lat' dir='ltr'>Nunc</span> <span class='ocrx_word' id='word_1_479' title='bbox 1435 2203 1475 2238; x_wconf 92' lang='lat' dir='ltr'>ad</span> <span class='ocrx_word' id='word_1_480' title='bbox 1512 2204 1651 2239; x_wconf 87' lang='lat' dir='ltr'>literam</span> <span class='ocrx_word' id='word_1_481' title='bbox 1674 2232 1681 2240; x_wconf 96' lang='lat'>.</span> <span class='ocrx_word' id='word_1_482' title='bbox 1719 2206 1856 2242; x_wconf 66' lang='lat' dir='ltr'>Auf’tor</span> 
     </span>
     <span class='ocr_line' id='line_1_92' title="bbox 1102 2251 1855 2292; baseline 0.008 -6"><span class='ocrx_word' id='word_1_483' title='bbox 1102 2251 1266 2287; x_wconf 88' lang='lat' dir='ltr'>describit</span> <span class='ocrx_word' id='word_1_484' title='bbox 1299 2252 1398 2288; x_wconf 87' lang='lat' dir='ltr'>istam</span> <span class='ocrx_word' id='word_1_485' title='bbox 1430 2255 1576 2290; x_wconf 89' lang='lat' dir='ltr'>Terram</span> <span class='ocrx_word' id='word_1_486' title='bbox 1614 2255 1655 2290; x_wconf 89' lang='lat' dir='ltr'>ab</span> <span class='ocrx_word' id='word_1_487' title='bbox 1692 2256 1752 2291; x_wconf 83' lang='lat' dir='ltr'>ista</span> <span class='ocrx_word' id='word_1_488' title='bbox 1782 2271 1855 2292; x_wconf 90' lang='lat' dir='ltr'>ma-</span> 
     </span>
     <span class='ocr_line' id='line_1_93' title="bbox 1100 2302 1855 2351; baseline 0.009 -15"><span class='ocrx_word' id='word_1_489' title='bbox 1100 2315 1167 2350; x_wconf 82' lang='lat' dir='ltr'>gna</span> <span class='ocrx_word' id='word_1_490' title='bbox 1194 2302 1321 2351; x_wconf 79' lang='lat' dir='ltr'>strage,</span> <span class='ocrx_word' id='word_1_491' title='bbox 1348 2302 1388 2339; x_wconf 86' lang='lat'>&amp;</span> <span class='ocrx_word' id='word_1_492' title='bbox 1415 2303 1657 2342; x_wconf 81' lang='lat' dir='ltr'>dominatione</span> <span class='ocrx_word' id='word_1_493' title='bbox 1686 2307 1777 2351; x_wconf 71' lang='lat' dir='ltr'>ejus.</span> <span class='ocrx_word' id='word_1_494' title='bbox 1809 2311 1855 2343; x_wconf 84' lang='lat' dir='ltr'>Et</span> 
     </span>
     <span class='ocr_line' id='line_1_94' title="bbox 1101 2353 1854 2404; baseline 0.011 -17"><span class='ocrx_word' id='word_1_495' title='bbox 1101 2354 1178 2388; x_wconf 91' lang='lat' dir='ltr'>vult</span> <span class='ocrx_word' id='word_1_496' title='bbox 1206 2353 1359 2389; x_wconf 80' lang='lat' dir='ltr'>breviter</span> <span class='ocrx_word' id='word_1_497' title='bbox 1385 2354 1520 2398; x_wconf 85' lang='lat' dir='ltr'>dicere,</span> <span class='ocrx_word' id='word_1_498' title='bbox 1556 2357 1648 2404; x_wconf 89' lang='lat' dir='ltr'>quod</span> <span class='ocrx_word' id='word_1_499' title='bbox 1677 2357 1735 2392; x_wconf 71' lang='lat' dir='ltr'>isti</span> <span class='ocrx_word' id='word_1_500' title='bbox 1764 2360 1854 2394; x_wconf 80' lang='lat' dir='ltr'>Ter-</span> 
     </span>
     <span class='ocr_line' id='line_1_95' title="bbox 1100 2405 1852 2444; baseline 0.008 -6"><span class='ocrx_word' id='word_1_501' title='bbox 1100 2417 1133 2438; x_wconf 84' lang='lat' dir='ltr'>ra</span> <span class='ocrx_word' id='word_1_502' title='bbox 1174 2412 1247 2439; x_wconf 81' lang='lat' dir='ltr'>erat</span> <span class='ocrx_word' id='word_1_503' title='bbox 1287 2413 1371 2440; x_wconf 87' lang='lat' dir='ltr'>tunc</span> <span class='ocrx_word' id='word_1_504' title='bbox 1410 2405 1546 2441; x_wconf 90' lang='lat' dir='ltr'>subdita</span> <span class='ocrx_word' id='word_1_505' title='bbox 1586 2407 1771 2443; x_wconf 81' lang='lat' dir='ltr'>Ordelaffis</span> <span class='ocrx_word' id='word_1_506' title='bbox 1812 2409 1852 2444; x_wconf 88' lang='lat' dir='ltr'>de</span> 
     </span>
     <span class='ocr_line' id='line_1_96' title="bbox 1100 2454 1853 2502; baseline 0.004 -13"><span class='ocrx_word' id='word_1_507' title='bbox 1100 2454 1281 2497; x_wconf 76' lang='lat' dir='ltr'>Forlivio,</span> <span class='ocrx_word' id='word_1_508' title='bbox 1319 2468 1466 2502; x_wconf 83' lang='lat' dir='ltr'>quorum</span> <span class='ocrx_word' id='word_1_509' title='bbox 1503 2456 1675 2493; x_wconf 81' lang='lat' dir='ltr'>familiam</span> <span class='ocrx_word' id='word_1_510' title='bbox 1703 2459 1762 2494; x_wconf 79' lang='lat' dir='ltr'>dat</span> <span class='ocrx_word' id='word_1_511' title='bbox 1797 2459 1853 2493; x_wconf 79' lang='lat' dir='ltr'>in-</span> 
     </span>
     <span class='ocr_line' id='line_1_97' title="bbox 1099 2505 1851 2554; baseline 0.005 -15"><span class='ocrx_word' id='word_1_512' title='bbox 1099 2505 1214 2553; x_wconf 82' lang='lat' dir='ltr'>telligi</span> <span class='ocrx_word' id='word_1_513' title='bbox 1253 2518 1310 2546; x_wconf 74' lang='lat' dir='ltr'>per</span> <span class='ocrx_word' id='word_1_514' title='bbox 1346 2505 1500 2554; x_wconf 80' lang='lat' dir='ltr'>lignum,</span> <span class='ocrx_word' id='word_1_515' title='bbox 1538 2508 1627 2543; x_wconf 82' lang='lat' dir='ltr'>unde</span> <span class='ocrx_word' id='word_1_516' title='bbox 1653 2508 1761 2544; x_wconf 81' lang='lat' dir='ltr'>dicit:</span> <span class='ocrx_word' id='word_1_517' title='bbox 1801 2512 1851 2543; x_wconf 88' lang='lat' dir='ltr'>La</span> 
     </span>
     <span class='ocr_line' id='line_1_98' title="bbox 1245 2557 1801 2592; baseline 0.005 -3"><span class='ocrx_word' id='word_1_518' title='bbox 1245 2557 1273 2589; x_wconf 89' lang='lat' dir='ltr'>E</span> <span class='ocrx_word' id='word_1_519' title='bbox 1301 2569 1319 2590; x_wconf 90' lang='lat' dir='ltr'>e</span> <span class='ocrx_word' id='word_1_520' title='bbox 1725 2562 1801 2592; x_wconf 81' lang='lat' dir='ltr'>Ter-</span> 
     </span>
    </p>
   </div>
  </div>
 </body>
</html>
