2216 3105
438 243 455 272 1
469 244 483 272 Ι
496 244 516 256 ⁶

375 301 442 323 cum
469 257 658 334 anuernolis,
685 301 752 323 cum
778 287 920 322 omnibus
940 291 1010 333 suis
1034 290 1132 336 perti-

375 339 494 373 nentiis
521 341 562 373 (9⁴
588 340 777 385 adjacentiis
793 365 803 379 ,
824 338 920 380 sicuti
944 341 1047 381 vestra
1074 354 1132 374 an—

376 390 466 437 tiqua
492 391 675 438 Privilegia
701 391 882 428 continent,
911 391 958 424 ita
983 391 1076 425 vobis
1101 391 1133 424 in

376 441 516 475 omnibus
554 441 622 483 sint
662 440 868 485 confirmata,
909 440 1010 486 posita
1051 434 1159 484 infra'¹

375 492 483 533 Castro
510 495 669 532 Reatino,
698 494 740 526 (9·
766 493 937 530 ciculano,
965 502 1011 529 (9*
1038 494 1135 526 IWar-

369 541 476 583 ficano
501 544 679 578 territorio.
720 544 863 588 Denique
898 553 945 579 07
971 541 1135 586 confirma-

376 606 444 627 mus
483 595 574 628 vobis
613 593 782 634 Castellum
810 595 842 625 in
870 593 1014 639 integro,
1055 595 1136 638 quod

377 645 421 677 &⁴
447 644 593 677 Trillano
620 653 837 688 nuncupatur,
866 655 928 675 una
955 656 1021 676 cum
1049 644 1135 676 Colle

376 695 415 727 de
443 693 571 728 Ferrari
597 693 643 732 Θ
671 693 929 734 Monasterellum
957 694 998 726 (9·
1024 691 1134 738 Saffa‚

371 743 444 786 five
470 757 526 790 que
553 745 593 779 ab
612 743 690 778 aliis
709 743 871 778 vocabulis
894 754 1134 790 nuncupantur,

377 808 443 829 cum
477 795 598 834 villis,
634 794 748 837 fundis
787 795 830 827 Θ·
856 794 1036 838 casalibus,
1078 795 1134 828 vi-

378 845 463 884 neis,
491 843 537 883 Θ*
564 845 676 882 terris,
703 845 839 891 campis,
876 845 981 890 pratis
1007 847 1050 878 (9⁶
1072 856 1135 891 pa-

370 895 456 940 scuis
482 893 529 933 &⁶
556 909 622 930 cum
648 894 792 929 omnibus
811 895 881 939 suis
903 895 1107 940 pertinentiis
1124 919 1134 934 ,

371 945 468 986 sicuti
493 947 672 980 extenditur
707 945 800 991 usque
827 946 860 979 in
884 946 1057 990 Pisciftano
1074 971 1082 980 .

428 999 475 1030 Et
510 997 622 1040 (casale
659 997 692 1030 in
729 997 871 1043 integro,
913 997 968 1042 qui
1006 1006 1136 1030 vocatur

378 1046 495 1089 Ursano
521 1046 568 1085 6)*
594 1047 742 1081 sambuci
766 1059 833 1080 cum
859 1046 998 1086 Ecclesia
1023 1046 1137 1080 Sanfti

377 1097 515 1130 Thomae
542 1097 575 1131 in
602 1097 731 1142 desertis
753 1096 879 1143 posita,
921 1096 968 1134 (9
1003 1108 1136 1130 montem

377 1147 411 1181 in
439 1147 617 1193 integrum,
644 1148 699 1194 qui
734 1148 914 1192 appellatur
949 1147 1136 1186 Gurdiano,

376 1211 443 1231 cum
463 1198 578 1240 fundis
600 1197 646 1235 6)*
666 1197 820 1241 casalibus
840 1197 911 1241 suis
924 1221 934 1236 ‚
962 1207 1055 1243 atque
1075 1211 1137 1231 me-

375 1248 525 1281 dietatem
550 1250 589 1282 de
615 1249 696 1287 loco,
725 1248 780 1294 qui
805 1248 923 1282 dicitur
949 1248 1051 1281 Ylice:
1091 1247 1139 1286 (J

375 1298 472 1331 locum
499 1298 554 1344 qui
580 1310 710 1333 vocatur
736 1298 941 1340 castaniola,
981 1312 1048 1332 cum
1082 1299 1139 1333 vi-

377 1348 445 1383 neis
472 1347 518 1386 6)*
545 1350 636 1383 terris
662 1350 716 1383 vel
742 1363 824 1383 omni
843 1349 1066 1395 pertinentia,
1092 1349 1138 1387 Θ*

379 1399 412 1433 in
442 1399 504 1446 ipso
531 1399 662 1444 confinio
688 1403 774 1442 adest
801 1402 939 1438 Monte,
966 1400 1020 1445 qui
1046 1413 1140 1433 voca-

377 1460 429 1483 tw·
458 1449 646 1489 Buberano,
689 1450 723 1484 in
761 1451 915 1495 integrum
941 1463 1007 1482 cum
1035 1450 1140 1483 ceteris

377 1501 539 1534 vocabulis
569 1500 642 1540 sive
674 1500 927 1546 pertinentibus.
968 1502 1140 1546 Iterumque

379 1551 476 1585 etiam
495 1549 712 1594 confirmamus
729 1548 822 1584 vobis
845 1550 1035 1591 Castellum,
1060 1552 1141 1596 quod

378 1601 496 1635 dicitur
515 1601 725 1647 ⁸Ampolloni,
755 1602 788 1634 in
815 1601 971 1647 integrum
992 1614 1056 1634 cum
1078 1603 1142 1635 Ec-

379 1649 538 1690 cleliise's
531 1650 723 1685 domibus
759 1651 843 1694 infra
876 1651 912 1695 se
943 1662 999 1708 per
1039 1651 1142 1685 omnia

381 1700 427 1738 Θ
455 1711 542 1736 extra
563 1702 597 1746 se
624 1715 690 1735 cum
716 1702 844 1739 vineis,
873 1703 984 1740 terris,
1007 1701 1141 1745 fundis,

384 1753 427 1785 (9·
453 1753 628 1795 casalibus,
664 1754 718 1786 vel
754 1754 895 1786 omnibus
922 1753 1019 1785 eidem
1044 1754 1167 1799 perti-x

382 1803 528 1836 mentibus
569 1804 722 1844 Castello.
764 1803 892 1848 Insuper
931 1806 1049 1841 locum,
1091 1803 1144 1849 qui

384 1863 514 1886 vocatur
540 1856 711 1897 Pentoma‚
749 1866 814 1886 cum
848 1853 918 1896 suis
945 1853 1085 1887 omnibus
1112 1854 1144 1887 in

383 1903 540 1947 integrum
563 1903 820 1950 pertinentibus:
844 1916 953 1937 verum
980 1904 1075 1937 etiam
1099 1903 1144 1942 &³

383 1954 466 1986 medi
458 1964 579 1987 etatem
628 1955 667 1988 de
715 1954 849 1995 Castello
889 1954 1060 2001 devulgato
1108 1957 1148 1989 de

384 2006 450 2037 San
459 2003 502 2037 st‘o
528 2004 683 2063 Pamfimo
699 2029 708 2043 ‚
737 2018 770 2040 ct
774 2019 802 2039 m
830 2005 992 2039 medietate
1018 2006 1056 2038 de
1078 2006 1147 2049 suis

385 2053 488 2087 ommi
493 2067 530 2088 us
569 2056 792 2102 pertinentiis.
839 2058 1054 2089 Verumtamen
1100 2061 1146 2094 (s

386 2103 557 2145 Castellum
601 2108 640 2141 de
681 2106 852 2141 Collemalo
893 2106 926 2140 in
968 2106 1147 2153 integrum.

383 2157 462 2189 Item
489 2154 535 2193 (9*
563 2160 659 2194 locum
675 2185 686 2200 ,
722 2158 777 2205 qui
812 2156 858 2195 6)*
886 2158 1027 2191 Romani
1051 2171 1148 2192 voca-

386 2216 439 2238 tur
465 2207 499 2242 in
527 2210 711 2255 integrum:
739 2209 781 2242 &¹
808 2207 999 2242 medietatem
1018 2208 1057 2240 de
1078 2209 1149 2241 Vil-

387 2258 442 2294 la,
470 2272 526 2303 que
552 2262 732 2305 appellatur
758 2259 863 2304 Papi,
890 2271 954 2291 una
981 2270 1047 2290 cum
1068 2258 1149 2301 sun-

387 2308 439 2342 dis
465 2308 511 2346 &
535 2311 707 2354 casalibus,
735 2309 841 2342 vineis
861 2307 907 2345 ιζ’)
926 2308 1037 2346 terris,
1065 2323 1148 2343 cam-

383 2360 456 2406 pis,
483 2362 605 2407 pratis,
631 2360 772 2408 pascuis,
802 2358 974 2400 &fil-vis,
995 2358 1146 2402 saleft'is‚

381 2410 525 2453 fmtibus
540 2436 550 2451 ,
577 2425 614 2446 ac
639 2412 719 2445 rivis
730 2421 747 2450 ⁴,
776 2423 841 2445 cum
867 2410 1035 2457 aquemolis
1052 2433 1062 2447 ,
1104 2411 1146 2443 Θ*
1168 2424 1169 2439 z

385 2478 452 2499 cum
479 2463 619 2496 omnibus
643 2473 700 2508 pro
718 2461 859 2508 singulis
884 2461 956 2494 locis
974 2485 983 2499 ,
1021 2461 1063 2492 (9·
1089 2474 1146 2494 vo-

386 2514 507 2549 cabulis
530 2513 740 2559 generaliter,
767 2511 813 2550 Θ*
841 2513 874 2546 in
903 2512 1057 2557 integrum
1076 2522 1169 2557 per-3

389 2564 562 2600 timentibus
575 2590 584 2600 .
612 2564 763 2599 Omnibus
782 2562 854 2609 jam
873 2560 971 2598 diflis
991 2562 1064 2596 locis
1083 2573 1146 2597 ter-
1167 2573 1169 2586 ἰ

1156 353 1159 414 ἱ

1157 419 1159 433 V

1157 446 1160 472 1

715 227 1120 287 ANTIQUJT.
1180 233 1416 278 MEDII
1469 235 1650 278 AEVI

1155 296 1211 331 {Ai
1240 293 1344 327 ritorio
1370 293 1538 329 Tiburtino
1559 295 1619 336 site
1639 296 1734 340 sunt.

1174 748 1198 781 Β

1171 1207 1201 1241 C

1219 2465 1223 2537 Ι

1861 252 1878 279 1
1893 246 1943 281 16

1771 298 1825 330 Ac
1850 309 1924 330 vero
1949 297 1998 335 Θ·

1237 343 1454 388 confirmamus
1478 346 1570 380 vobis
1594 347 1763 393 vestrisque
1783 345 1998 391 successoribus

1237 395 1358 428 Cellam
1384 395 1502 430 sanffle
1528 398 1696 436 Barbare,
1737 410 1794 443 que
1833 398 1874 438 est
1914 398 1998 431 intro

1238 445 1382 480 Civitate
1418 447 1591 481 Tiburtina
1611 471 1619 484 ‚
1661 447 1694 480 in
1735 448 1890 493 integrum
1929 461 1997 482 cum

1236 497 1377 531 domibus
1412 496 1459 553 Θ*
1497 498 1598 531 Cellis
1633 497 1720 531 intra
1749 497 1784 541 se
1810 511 1875 531 cum
1903 511 1997 545 aque-

1238 547 1327 580 molis
1346 547 1416 592 suis
1443 546 1525 581 intro
1552 550 1657 602 eadem
1684 547 1828 581 Ciuitate
1864 549 1906 581 (9·
1941 549 1997 582 de-

1234 597 1336 640 foris,
1363 610 1430 631 cum
1451 597 1565 641 fundis
1592 598 1638 636 c>
1665 598 1842 655 casalibus,
1868 597 1994 637 vineis,

1238 646 1283 684 (9’
1310 649 1422 692 terris,
1449 648 1589 694 campis,
1614 649 1740 705 pratis..
1774 648 1921 705 pascuis,
1949 647 1995 685 &⁶

1231 697 1351 739 silvis,
1380 712 1446 733 cum
1472 699 1555 732 omni
1575 699 1636 743 sua
1659 698 1851 746 pertinentia
1877 698 1931 732 vel
1957 712 1995 733 a-

1235 748 1419 793 djacentia.
1455 750 1534 782 Slve
1568 748 1664 782 etiam
1703 747 1749 787 Θ
1793 749 1877 792 infra
1902 749 1997 793 hujus

1236 800 1317 833 alme
1356 803 1454 833 Rome
1493 798 1708 843 confirmamus
1747 798 1840 833 vobis
1874 799 1998 833 Cellam

1236 848 1351 883 sandi
1390 849 1539 893 Erasmi,
1576 862 1633 896 que
1670 849 1800 896 ponitur
1839 848 1872 882 in
1909 849 1998 883 Celio

1239 902 1370 938 Monte,
1410 913 1476 934 curn
1515 901 1684 938 domibus,
1725 900 1804 934 cella
1843 899 1996 938 vinaria,

1239 950 1279 983 (9·
1302 950 1422 994 fenile,
1458 963 1525 984 curn
1551 951 1673 989 hortis,
1710 950 1753 983 (9·
1786 949 1891 983 vineis
1918 949 1998 984 circa

1234 1000 1286 1043 se,
1313 1013 1380 1034 cum
1408 999 1569 1035 arboribus
1592 1001 1770 1038 olivarum,
1790 998 1846 1037 ψΘ*
1871 999 1999 1044 diversa

1234 1063 1350 1096 genera
1389 1050 1533 1083 arborum
1574 1049 1813 1095 pomiferorum,
1854 1050 1896 1082 (9·
1931 1062 2000 1082 cum

1238 1100 1341 1134 ceteris
1364 1099 1490 1139 vineis,
1519 1100 1562 1133 (9·
1581 1099 1765 1142 casalibus;
1783 1098 1905 1143 scilicet
1921 1109 2001 1144 pra·—

1238 1162 1325 1189 tum,
1352 1151 1434 1197 quod
1455 1150 1586 1196 ponitur
1607 1149 1688 1194 foris
1713 1152 1814 1184 Ponte
1847 1149 2000 1189 salario,

1239 1202 1284 1240 Θ*
1312 1202 1443 1244 Casale‚
1471 1201 1552 1247 quod
1575 1200 1705 1247 ponitur
1743 1200 1913 1246 Aquario,
1957 1200 2000 1233 (9·

1238 1252 1302 1287 alio
1328 1252 1461 1295 Casale,
1489 1252 1571 1298 quod
1596 1261 1726 1285 vocatur
1761 1250 1913 1295 Quint0;
1954 1247 2001 1287 Θ*

1239 1317 1271 1336 m
1299 1302 1484 1345 ⁸ssslbanense
1509 1301 1664 1334 territorio
1698 1300 1812 1338 vinee,
1851 1313 1909 1346 que
1937 1299 2001 1341 site

1233 1353 1311 1397 sunt
1336 1367 1356 1386 a
1383 1351 1517 1398 Cripta‚
1553 1364 1611 1397 que
1637 1361 1767 1384 vocatur
1793 1375 1953 1385 .....
1979 1364 2000 1384 a

1238 1403 1334 1436 silice
1360 1401 1568 1446 Albanense,
1612 1402 1655 1434 (9·
1681 1402 1714 1434 in
1741 1401 1822 1439 loco,
1859 1403 1915 1446 qui
1941 1410 2000 1446 ap-

1237 1454 1377 1499 pellatur
1402 1452 1584 1497 Ζίηζὶηηὶ,
1625 1452 1679 1485 vel
1707 1451 1741 1484 in
1767 1450 1902 1492 diversis
1927 1450 2002 1484 locis

1234 1503 1305 1544 stve
1331 1503 1512 1540 vocabulis,
1549 1502 1729 1548 ubicumque
1766 1501 1908 1535 inveniri
1945 1500 2001 1535 vel

1241 1554 1367 1599 reperiri
1390 1553 1504 1599 poffint
1526 1563 1583 1598 per
1601 1552 1774 1598 quamlibet
1793 1551 1907 1595 seriem
1920 1550 2001 1594 scri-

1238 1615 1401 1651 pturarum
1443 1609 1486 1637 ad
1527 1603 1626 1650 ipsum
1648 1603 1739 1648 pium
1774 1615 1810 1636 ac
1835 1600 2000 1635 venerabi-

1213 1668 1215 1683 ὲ
1241 1656 1300 1688 lem
1327 1656 1425 1688 locum
1448 1653 1638 1699 pertinentes
1654 1676 1662 1690 ‚
1698 1652 1759 1697 sub
1780 1651 2002 1697 jurisdifiione

1242 1705 1344 1746 vestra
1365 1705 1487 1750 semper
1508 1702 1693 1748 persistant,
1730 1716 1750 1736 a
1775 1702 1910 1747 presenti
1936 1704 2003 1735 De-

1243 1756 1324 1789 cima
1351 1753 1548 1790 IndiJione,
1577 1752 1624 1797 (9*
1647 1752 1740 1797 usque
1764 1752 1797 1784 in
1820 1759 2005 1798 perpetuum

1243 1806 1334 1839 vobis
1368 1803 1538 1849 vestrisque
1565 1800 1781 1847 successoribus
1815 1801 2005 1836 ,Abbatibus

1243 1869 1277 1890 cu
1282 1869 1310 1888 m
1336 1855 1444 1889 timore
1470 1854 1635 1899 regendum
1671 1866 1706 1887 ac
1741 1852 1926 1898 regulariter
1951 1851 2005 1885 di-

1239 1906 1452 1953 sponendum.
1493 1903 1652 1937 convenit
1697 1903 1869 1937 reverentie
1905 1902 2004 1944 vestre

1246 1970 1300 1991 nos
1327 1951 1518 2002 implorasse,
1555 1963 1590 1987 ut
1620 1953 1814 1999 sepedicJum
1841 1956 2005 1994 Monaste-

1246 2008 1326 2041 rium
1352 2005 1467 2041 sanJi
1502 2003 1673 2038 BenediJi
1707 2002 1754 2041 υ
1789 2002 1905 2037 San7e
1931 2006 2005 2037 Sco-

1247 2058 1332 2100 lasti
1324 2071 1350 2091 e
1374 2054 1553 2103 ⁸Apostolice
1587 2054 1788 2089 auctoritatis
1821 2053 1900 2098 serie
1935 2066 2006 2086 mu·-

1248 2110 1371 2143 niamus
1385 2133 1396 2147 ‚
1421 2107 1464 2140 (9¹
1487 2105 1592 2139 omnia
1607 2104 1653 2142 6)*
1665 2104 1860 2152 pertinentia
1875 2104 2006 2150 perenni

1242 2159 1315 2205 jure
1342 2155 1576 2193 inviolabiliter
1599 2158 1809 2202 permanenda
1844 2151 2005 2198 confirme-

1248 2223 1334 2245 mus.
1370 2212 1537 2254 Propterea
1562 2206 1648 2252 flexi
1678 2206 1820 2253 precibus
1855 2205 1920 2238 tuis
1952 2215 2006 2250 per

1247 2260 1342 2306 hujus
1364 2256 1565 2306 preceptiom's
1582 2259 1735 2304 paginam
1755 2256 1843 2298 stati
1845 2265 1928 2289 entes
1951 2257 2008 2288 de-

1247 2311 1417 2348 cernimus,
1445 2319 1481 2342 ut
1507 2307 1619 2342 ειινιξῖα
1645 2309 1711 2341 loca
1737 2306 1860 2341 urbana
1879 2306 1933 2339 vel
1951 2317 2005 2338 ru-

1243 2362 1384 2404 sticana,
1414 2359 1489 2401 idest
1517 2357 1661 2402 Maffas,
1688 2357 1836 2402 Casales,
1861 2356 1915 2390 vel
1940 2358 2006 2389 Ca·

1240 2412 1356 2455 stella,
1383 2410 1510 2454 diversa
1532 2410 1645 2456 predia
1672 2410 1756 2443 culta
1781 2408 1834 2441 vel
1860 2406 1979 2439 inculta
1995 2430 2004 2444 ,

1248 2477 1306 2510 que
1330 2471 1490 2508 ponuntur
1511 2472 1568 2506 per
1593 2461 1659 2495 loca
1685 2458 1731 2497 Θ
1749 2471 1842 2491 voca
1833 2455 1922 2494 ula,
1950 2468 2008 2502 que

1241 2513 1386 2560 superius
1410 2509 1555 2559 premiffa
1579 2512 1634 2545 vel
1657 2509 1818 2545 nominata
1839 2507 1938 2551 sunt,
1959 2505 2006 2547 s·-

1219 2564 1311 2608 [cuti
1349 2577 1370 2598 a
1408 2562 1639 2606 Pontificibus,
1680 2560 1824 2606 Regibus
1844 2581 1853 2595 ‚
1893 2557 1947 2590 vel
1987 2569 2009 2590 a

1837 2609 1936 2643 Deum
