2216 3105
403 197 452 234 19
698 187 1105 246 ANTIQUIT.
1151 190 1383 232 MEDIJ
1427 194 1608 234 AEVI
1852 211 1906 237 20

337 241 382 275 ad
421 241 578 288 utriusque
615 245 720 291 partis
759 248 910 282 cautelam
925 272 936 287 ,
977 249 1094 283 Bullae
1121 248 1169 294 :A
1208 248 1379 286 falluntur
1399 252 1486 299 apud
1507 251 1666 287 eumdem
1688 253 1964 300 Du-Cangium.

339 290 458 333 nostrae
484 293 658 328 munimine
685 298 842 331 roboratas
856 325 865 334 .
1206 299 1418 349 quicumque
1436 301 1670 350 suspicantur,
1692 316 1734 338 ex
1751 303 1864 338 nobili
1881 303 1965 337 Flo-

1206 350 1341 386 rentina
1366 351 1560 392 Corfinorum
1587 353 1738 388 Familia
1762 353 1960 388 derivatum

388 344 511 376 Datum
532 346 685 380 Laterani
707 349 777 382 VII.
802 350 970 384 Kalendas
988 350 1095 397 Apri—

337 391 400 431 lis,
428 392 637 436 PontIficatus
665 397 758 438 nostri
784 402 886 433 Anno
912 402 1068 446 Septimo.

388 442 607 480 Clariffimus
637 448 868 496 Du—Cangius
896 451 933 486 in
961 451 1093 486 Glossa-

335 491 390 527 rio
419 493 551 530 Latino
579 494 810 544 fragmentum
840 500 876 534 in
906 501 993 537 hanc
1020 514 1092 537 rem

337 543 487 591 perutile
517 546 702 590 produxit,
733 548 824 596 pmsti
853 550 988 587 scilicet
1017 554 1094 587 An-

334 606 382 628 no
413 596 730 632 MCCLXXVIII.
768 598 852 635 initi
890 613 968 637 cum
1000 605 1092 650 Rege

336 644 503 680 Franciae
529 660 550 679 a
576 648 713 681 fulcone
738 651 833 683 Cacio
857 651 925 685 cive
961 653 1091 686 Placen-

334 693 423 733 ῑίηο,
459 697 634 741 Capitaneo
671 699 894 741 Univerfita'tis
930 705 1090 737 Mercato-
1136 702 1179 737 B?

334 756 403 777 rum
440 745 685 782 Lomssardormn
713 747 758 786 a&
786 752 995 793 Tufa-anorum
1022 752 1088 800 (en

334 803 374 829 ut
415 795 544 842 juneh's
583 798 695 845 copiis
721 813 842 837 omnes
879 803 1089 838 commercia

333 846 527 893 curabant)
554 848 687 882 habente
712 850 806 884 etiam
839 853 1016 898 potestatem
1043 853 1089 892 &

324 893 460 940 speciale
485 902 669 932 mandatum
695 915 715 933 a
742 902 928 946 Consulibus
963 907 1090 939 Merca-

331 954 431 978 torum
474 950 711 989 Romanorum,
744 954 900 995 Januae,
944 956 1089 989 Venetia-

331 1007 430 1035 rum„
449 997 653 1038 Placentiae,
680 1004 804 1040 Lucae,
826 1005 1005 1043 Bononiae,
1033 1007 1088 1040 Pi-

321 1044 441 1086 storii'‚
469 1047 672 1090 usstenlium,
708 1051 845 1092 Albae,
884 1056 1087 1095 Florentiae,

329 1097 502 1135 Senarum,
531 1097 577 1136 ὠ
606 1101 911 1143 Mediolanenstum,
945 1105 1088 1139 tra'7an-

327 1145 363 1178 di
403 1160 470 1180 cum
508 1149 643 1183 Domino
680 1155 766 1197 Rege
802 1154 958 1187 Franciae
993 1155 1088 1199 super
1125 1152 1172 1186 CL

327 1197 536 1230 translatione
567 1198 718 1241 facienda
745 1203 788 1234 ad
814 1203 989 1237 Civitatem
1020 1208 1088 1238 Ne-

327 1246 513 1290 mausensem
533 1246 604 1285 abvc.
626 1249 770 1286 Scilicet
798 1251 834 1286 in
858 1254 952 1289 Urbe
979 1256 1088 1289 Mon-

328 1295 501 1343 peffulana
528 1308 629 1334 antea
660 1301 742 1335 Itali
780 1301 890 1337 sedem
924 1305 1086 1352 negotio—

328 1359 402 1381 rum
428 1346 562 1383 suorum
586 1351 821 1388 collocarant.
851 1353 969 1389 Refert
993 1355 1084 1390 idem

330 1398 562 1446 Du-Cangius
600 1401 792 1449 Privilegia
820 1403 916 1438 varia
943 1418 962 1439 a
992 1407 1084 1453 Rege

326 1446 400 1482 illis
439 1449 617 1488 concessa,
654 1453 868 1499 quaetapud
907 1454 1010 1489 illum
1042 1455 1082 1490 ad

326 1510 448 1533 vocem
491 1498 715 1546 Langobardi
738 1503 831 1550 legas
851 1530 860 1538 .
903 1505 1081 1540 Praeterea

327 1549 415 1596 apud
454 1549 588 1584 eosdem
632 1552 755 1587 Gallos
792 1554 939 1588 Caorct'ni
974 1556 1082 1604 vulgo

326 1599 495 1644 appellati
542 1599 619 1635 sunt
662 1603 933 1640 foeneratores.

327 1660 455 1682 nomen
492 1662 562 1685 non
599 1652 739 1688 aliunde
780 1654 974 1701 profectum
1010 1656 1082 1696 est,

325 1699 428 1745 quam
459 1713 477 1733 a
505 1702 671 1742 cadurco,
708 1705 821 1739 Gallis
849 1707 992 1745 Cohors,
1031 1709 1084 1742 A-

325 1748 505 1795 quitaniae
535 1752 653 1791 Urbe,
693 1754 751 1789 ubi
780 1755 947 1801 ejusmodi
987 1759 1084 1792 Mer-

327 1808 484 1841 catores,
521 1802 554 1836 &
597 1803 737 1850 quidem
776 1806 874 1841 illius
911 1807 1085 1843 Civitatis

325 1849 455 1892 Cives,
479 1852 699 1900 praecipuum
722 1855 810 1890 olim
832 1858 1083 1893 commercium

327 1898 518 1937 usurarium
561 1905 793 1945 exercebant,
830 1905 867 1942 ὃς
906 1921 965 1953 per
1005 1909 1085 1944 uni-

323 1949 456 1985 versam
485 1954 639 1989 Galliam
670 1968 707 1991 ac
738 1956 957 1992 Britanniam
986 1957 1082 1994 suum

327 2000 421 2036 virus
449 2002 596 2040 dilatare
632 2017 838 2054 coeperant,
875 2008 950 2043 imo
986 2010 1019 2043 8<
1048 2023 1084 2044 a—

326 2050 393 2085 lios
424 2054 574 2101 Populos
601 2056 642 2091 ad
678 2070 819 2104 pravam
857 2058 944 2093 hanc
972 2068 1081 2095 artem
1107 2053 1150 2110 ΑΕ

327 2100 479 2138 educafl‘e
516 2105 698 2142 videntur.
738 2110 861 2156 Neque
897 2109 991 2145 enim
1021 2111 1080 2146 uni

325 2151 408 2187 Itali
445 2153 508 2190 hac
545 2156 620 2204 pice
647 2157 769 2194 infecli
806 2159 978 2208 fuerunt;
1016 2161 1082 2196 fal·
1113 2155 1115 2158 ’

327 2201 470 2259 sumque
506 2206 575 2246 est,
612 2208 704 2255 quod
743 2211 974 2260 Du-Cangius
1012 2220 1082 2247 tra-

327 2251 402 2296 dit,
430 2267 471 2289 eo
490 2257 633 2294 nomine
654 2259 844 2308 defignatos
871 2261 968 2297 fuiss'e
990 2265 1081 2296 Mer-

326 2315 440 2338 catores
467 2308 591 2341 Italicos
624 2321 748 2356 propter
776 2312 1016 2354 foenerationem
1043 2327 1081 2346 u-

318 2354 477 2398 surariam
505 2358 652 2404 fumosos.
682 2361 778 2396 Galli
806 2364 839 2397 ὅ(
868 2363 929 2411 ipsi
958 2363 1052 2411 paria
1070 2392 1080 2408 ,

323 2406 357 2438 3<
386 2404 521 2442 fortasse
550 2411 686 2458 pejora,
723 2422 826 2459 atque
853 2423 933 2449 ante
962 2414 1049 2449 alios
1069 2439 1079 2454 ‚

325 2455 538 2502 praestitere:
578 2460 730 2509 ipsique,
757 2476 826 2497 non
856 2467 938 2499 νει-ὸ
968 2465 1077 2507 Itali,

324 2508 469 2543 eaorcini
495 2509 573 2546 sunt
601 2513 743 2548 vocati.
781 2512 924 2550 Basilice
962 2524 1076 2550 autem

975 1606 1080 1651 Quod
1107 1601 1109 1632 Ῐ
1123 1603 1157 1636 D

1206 400 1480 449 ignominiosum
1529 402 1595 437 hoc
1637 416 1764 438 nomen
1791 430 1800 447 ,
1843 416 1960 439 corru-

1206 460 1374 499 ptumque
1402 452 1499 488 fuiffe
1528 466 1544 487 a
1572 453 1708 491 Gallis,
1747 465 1809 499 pro
1836 453 1961 494 Corstno

1204 502 1350 542 Caorsino
1377 502 1597 537 dicentibus.
1623 502 1747 543 Corfini
1774 501 1894 548 utique
1921 517 1961 538 o-

1204 550 1289 591 lim,
1327 552 1380 586 uti
1408 554 1440 587 δ(
1469 554 1624 600 reliquae
1652 553 1787 588 nobiles
1815 554 1958 588 Floren-

1203 600 1360 636 tinorum
1399 601 1602 650 prosapiae,
1642 612 1870 637 mercaturam
1909 602 1959 638 fa-

1203 651 1363 691 ciebant,
1391 651 1488 699 iique
1516 666 1583 687 una
1612 666 1690 688 cum
1719 653 1798 688 aliis
1823 655 1960 688 Merca—

1203 701 1337 738 toribus
1383 703 1599 738 Florentinis
1645 705 1754 738 Anno
1799 705 1960 739 MCCC-

1206 754 1318 787 XLII.
1341 752 1508 788 decoxere
1529 752 1759 788 creditoribus
1780 752 1866 788 suis.
1895 754 1959 789 Sed

1203 815 1262 837 cur
1298 803 1317 837 a
1353 802 1577 838 Corfinorum
1616 803 1777 838 Familiis
1814 804 1958 851 potius,

1202 854 1307 899 quam
1343 867 1362 888 a
1397 862 1453 888 tot
1488 853 1569 888 aliis
1607 863 1820 888 mercaturae
1862 853 1960 888 addi-

1201 903 1266 938 &is
1284 930 1293 946 ‚
1329 904 1363 938 &
1391 917 1433 938 ex
1461 903 1532 952 ipsa
1562 903 1740 939 Florentia
1768 902 1957 939 ditioribus

1201 967 1239 988 ac
1261 953 1530 994 celebrioribus,
1560 954 1748 988 sumslffent
1768 953 1863 988 Galli
1894 967 1957 988 no-

1201 1016 1280 1038 men
1316 1003 1357 1038 ad
1395 1003 1617 1051 designandos
1655 1002 1832 1039 universos
1859 1005 1958 1039 Mer-

1200 1063 1332 1087 catores
1360 1052 1531 1095 Tusciae,
1560 1054 1815 1091 Lombardiae,
1844 1053 1956 1088 immo

1175 685 1179 701 k

1169 1132 1171 1141 Α
1199 1104 1233 1136 8<
1261 1102 1371 1137 totius
1400 1104 1538 1138 Galliae
1566 1117 1604 1138 ac
1635 1101 1779 1138 Italiae?
1808 1105 1957 1139 Carolus

1199 1154 1244 1187 11.
1272 1152 1426 1200 Apuliae
1456 1156 1530 1189 Rex
1561 1153 1790 1192 Provinciae,
1818 1152 1855 1189 ὅ(
1879 1155 1958 1188 An—

1199 1203 1323 1251 degavi
1351 1205 1481 1240 Comes
1500 1232 1509 1248 ‚
1548 1204 1585 1239 in
1613 1203 1729 1239 ediSto
1757 1205 1958 1252 promulga-

1198 1262 1235 1288 to
1264 1253 1473 1302 Andegavi,
1512 1254 1655 1289 testante
1683 1253 1758 1300 ipso
1786 1255 1957 1289 Du-Can-

1197 1304 1283 1352 gio,
1324 1306 1432 1339 Anno
1469 1306 1781 1340 MCCLxxxlx.
1820 1304 1957 1340 disertis

1197 1354 1312 1389 verbis
1339 1355 1525 1389 Caturcinos
1562 1353 1744 1390 Usurarios
1773 1367 1790 1389 e
1819 1353 1873 1389 sua
1903 1354 1958 1389 di-

1197 1406 1294 1439 tione
1323 1405 1510 1454 exturbat3
1543 1405 1608 1440 hoc
1636 1404 1702 1444 est,
1742 1403 1822 1439 satis
1851 1403 1956 1452 {igni-

1196 1454 1298 1493 ficat‚
1336 1457 1377 1490 ab
1405 1456 1488 1491 urbe
1515 1457 1675 1494 Cadurco,
1712 1467 1801 1501 quae
1827 1455 1861 1489 8<
1889 1458 1954 1488 Ca-

1195 1516 1313 1538 turcum
1336 1515 1417 1540 tunc
1440 1505 1649 1548 vocabatur,
1678 1504 1954 1552 appellationem

1169 1588 1170 1595 ,
1195 1554 1365 1603 ejusmodi
1401 1554 1499 1590 fuisse
1527 1555 1742 1593 derivatam,
1772 1567 1841 1588 non
1869 1558 1953 1590 vero

1196 1619 1214 1640 a
1241 1605 1355 1640 nobili
1392 1605 1522 1645 Corstna
1558 1615 1688 1653 gente,
1724 1603 1785 1652 ipfi
1823 1606 1955 1640 Carolo

1198 1655 1285 1702 Regi
1314 1668 1530 1702 nequaquam
1560 1656 1702 1704 ignota,
1730 1667 1818 1702 quae
1845 1656 1954 1690 Anno

1196 1707 1456 1741 MDCCXXX.
1504 1706 1605 1740 nobis
1650 1703 1747 1740 dedit
1788 1706 1956 1741 Clemen-

1197 1765 1267 1790 tem
1291 1757 1368 1789 XII.
1394 1755 1600 1790 Pontificem
1617 1755 1841 1794 Maximum,
1863 1756 1954 1791 mul-

1198 1806 1232 1840 ta
1259 1818 1337 1840 cum
1367 1805 1500 1854 gloria,
1531 1805 1614 1840 dum
1643 1805 1727 1840 haec
1755 1804 1889 1849 scribo,
1916 1805 1955 1841 in

1199 1855 1376 1891 Cathedra
1406 1855 1499 1891 Petri
1529 1855 1727 1891 sedentem.
1765 1855 1828 1890 Sed
1860 1869 1956 1904 prae-

1198 1906 1245 1941 sto
1273 1906 1350 1941 heic
1379 1905 1468 1941 mihi
1497 1905 1541 1940 est
1569 1905 1724 1953 optimus
1752 1905 1871 1950 testis,
1899 1906 1955 1941 vi-

1198 1956 1326 1992 delicet
1367 1958 1498 1991 Dantes
1535 1956 1740 2004 Aldigerius
1779 1956 1955 1992 Florenti-

1197 2021 1281 2047 nus,
1318 2006 1378 2055 qui
1408 2009 1512 2043 Cant.
1542 2009 1602 2041 XI.
1640 2006 1767 2042 Infern.
1797 2007 1833 2042 in
1861 2006 1955 2042 dete-

1197 2058 1332 2094 standos
1370 2060 1617 2093 foeneratores
1659 2055 1866 2096 invehitur,
1903 2066 1956 2092 at-

1196 2122 1263 2157 que
1289 2108 1383 2144 inter
1408 2117 1520 2144 cetera
1548 2107 1688 2143 scribit:

1295 2187 1328 2219 E
1351 2187 1423 2230 pero
1448 2184 1479 2217 lo
1505 2183 1605 2217 minor
1625 2183 1719 2230 giren
1741 2183 1891 2230 suggella

1292 2235 1356 2270 Del
1365 2234 1460 2281 segno
1469 2233 1526 2278 suo
1537 2261 1547 2277 ‚
1572 2248 1587 2268 e
1603 2235 1737 2269 Sodoma
1752 2261 1762 2277 ,
1783 2248 1798 2268 e
1813 2233 1951 2279 Caorsa.

1192 2310 1277 2345 Idest
1314 2308 1462 2345 nefando
1500 2308 1594 2344 vitio
1635 2309 1871 2357 inquinatos,
1913 2307 1952 2344 δί

1194 2361 1404 2397 Ul'urarios.
1434 2362 1487 2394 En
1516 2369 1554 2396 ut
1582 2374 1652 2396 non
1679 2360 1841 2402 Corfinam
1868 2371 1952 2406 gen-

1194 2421 1287 2452 tem,
1326 2411 1380 2446 sed
1418 2412 1595 2444 Cadurcum
1632 2411 1829 2446 Civitatem
1865 2409 1953 2443 Gal-

1194 2462 1282 2501 liae,
1313 2475 1400 2510 quae
1421 2461 1536 2506 Caorsa
1560 2463 1601 2497 ab
1627 2461 1726 2496 Italis
1751 2459 1954 2499 dicebatur,

1193 2513 1238 2548 ob
1274 2512 1437 2549 foenebre
1474 2512 1611 2548 lucrum
1649 2512 1688 2547 in
1725 2510 1829 2547 Italia
1866 2522 1956 2557 quo-

1840 2572 1909 2607 que
