2216 3105
258 250 340 299 769
555 243 854 286 COMMENT.
884 244 949 286 IN
977 237 1203 284 DANTJS
1232 239 1473 282 COMOED.
1690 255 1775 293 770

255 304 287 335 Ε
312 300 393 345 forse
418 320 650 328 ------

205 350 420 394 dubitando,
462 350 545 397 quia
572 350 658 386 licet
685 351 737 387 isti
765 352 964 388 habitarent

206 400 244 436 in
273 414 349 436 rure
376 410 493 436 tamen
536 411 633 437 erant
660 402 795 438 nobiles
836 402 874 439 δε
902 417 964 452 po-

207 459 343 487 tentes.
372 450 475 485 Dicit
501 464 608 498 ergo:

260 504 291 535 E
306 500 386 545 forse
410 501 443 533 in
469 502 673 545 Valdigrieve
694 503 706 536 ἱ
725 504 964 538 Bondelmontt'.

210 550 317 594 Idest,
345 550 451 585 essent
478 550 515 585 in
546 554 649 588 Valle
674 552 757 591 illa,
786 556 875 588 unde
897 554 965 599 pri-

209 614 269 636 mo
285 609 454 636 venerunt
470 600 511 635 ad
527 600 728 639 Civitatem
746 603 946 639 Florentiae
957 631 966 639 .

259 654 384 697 Sempre
411 672 639 680 ------

211 700 302 738 Heic
340 701 575 750 Caeciaguida
610 716 653 739 ex
695 703 799 739 diE‘tis
826 704 967 752 arguit,

168 767 172 770 ·
211 750 304 797 quod
333 751 463 786 mixtio
492 752 712 798 personarum
741 754 872 801 semper
899 754 969 789 fuit
1012 749 1040 783 Β

212 799 310 835 causa
338 800 522 836 eversionis
551 802 729 847 Urbium,
769 804 861 851 quod
891 817 970 851 pro—

212 850 272 886 bat
299 863 317 885 a
345 849 470 886 fimili.
499 852 597 888 Sicut
625 854 773 889 varietas
800 855 833 888 &
856 854 970 902 super-

212 899 330 935 fluitas
357 901 516 936 ciborum
544 902 587 938 est
614 903 712 939 causa
732 903 970 940 dissolutionis

213 950 471 998 complexionis
500 965 704 1000 corporum.
733 954 834 989 Dicit
861 967 968 1004 ergo:

263 1021 451 1028 -----
477 1002 512 1036 la
539 1004 692 1046 confusion
719 1025 735 1031 -
762 1027 778 1032 -
803 1025 819 1031 -
846 1025 863 1032 -

212 1049 322 1094 idest,
351 1051 522 1086 colluvies
550 1055 580 1089 δι
613 1054 792 1090 mixtura:

265 1121 281 1127 -
308 1121 324 1128 ·
351 1122 367 1128 -
393 1122 409 1127 -
434 1105 473 1136 de
496 1103 525 1136 le
546 1105 672 1148 persone

215 1149 371 1195 scilicet,
411 1151 624 1190 diversarum
668 1154 853 1191 nationum
894 1167 973 1190 cum

215 1200 390 1244 Civibus,
412 1202 532 1247 fi’mpre

267 1251 427 1298 Principio
449 1252 490 1296 fu
517 1254 570 1287 del
595 1256 660 1290 mal
690 1259 729 1289 de
753 1256 787 1290 la
818 1255 977 1298 Cittade;

217 1300 374 1341 scilicet,
402 1315 490 1350 quae
517 1317 560 1340 ex
587 1304 619 1340 se
647 1305 820 1341 sufficiens
844 1318 886 1341 ex
908 1304 976 1340 suis

217 1351 376 1387 civibus:

268 1404 360 1436 Come
383 1403 436 1436 del
463 1415 548 1451 corpo
568 1405 594 1439 il
618 1405 684 1440 cibo
707 1407 758 1440 che
776 1404 802 1440 s'
817 1416 949 1453 oppone.

216 1449 321 1495 idest,
351 1452 595 1501 superponitur
617 1456 688 1503 post
709 1456 953 1490 comestionem
967 1480 977 1494 ,

215 1500 260 1534 est
289 1501 505 1548 principium
533 1504 585 1536 a‘el
613 1505 710 1545 nostro
727 1531 736 1547 ,
764 1505 882 1551 supple
910 1518 978 1538 ma-

214 1550 278 1591 le,·
304 1549 386 1596 quia
424 1550 516 1586 nihil
553 1551 704 1588 deterius
741 1566 847 1600 quam
884 1553 979 1589 indi-

214 1598 344 1646 gestum
373 1601 471 1648 super
498 1601 707 1650 indigestum
735 1616 886 1651 ponere.
924 1603 979 1639 Si-

216 1657 276 1683 cut
315 1662 397 1696 ergo
448 1650 666 1696 superfluitas
721 1653 881 1689 ciborum
934 1653 980 1689 est

218 1697 317 1733 causa
346 1699 538 1734 multorum
567 1702 795 1746 morborum,
822 1703 874 1738 ita
896 1717 980 1739 con-

218 1747 304 1783 fufio
342 1748 527 1785 hominum
569 1750 614 1785 est
653 1750 752 1786 causa
787 1753 979 1788 multarum

217 1797 430 1834 seditionum
447 1825 455 1835 .

270 1851 301 1882 E
321 1848 395 1883 ciero
422 1870 694 1878 -------

219 1898 312 1934 Heic
354 1897 594 1949 Caeciaguida
645 1900 827 1949 respondet
872 1901 981 1937 tacite

219 1948 431 1995 quaestioni.
455 1951 567 1986 Posset
588 1951 665 1998 quis
687 1952 862 1999 objicere,
887 1951 980 1998 quod

219 1999 305 2034 licet
348 1999 501 2036 confufio
544 2003 764 2048 personarum
805 2001 847 2036 fit
883 2001 981 2036 causa

221 2048 462 2086 destru&ionis
479 2051 598 2087 civilis
616 2052 739 2092 status,
760 2061 878 2087 tamen
899 2051 980 2099 quia

220 2098 275 2133 isti
319 2100 467 2134 Nobiles
510 2100 619 2142 sunt,
660 2115 731 2136 non
772 2102 914 2136 videtur
949 2101 982 2136 ei

220 2147 288 2183 hoc
315 2149 542 2185 credendum.
571 2150 629 2186 Ad
657 2150 750 2197 quod
778 2149 980 2198 respondet,

220 2198 312 2245 quod
343 2201 459 2235 multo
489 2201 565 2247 plus
592 2200 634 2235 de
662 2201 711 2236 eis
740 2201 783 2236 est
811 2200 982 2236 verisimi-

221 2249 253 2284 le
272 2277 281 2290 ,
310 2249 404 2296 quod
433 2251 556 2297 probat
585 2264 603 2286 a
631 2249 760 2293 simili,
797 2250 940 2287 dicens:

270 2301 303 2333 E
326 2301 400 2334 ciero
423 2310 486 2334 toro
508 2301 568 2348 piia
592 2302 718 2336 avaccio
746 2302 819 2336 cade

220 2348 303 2384 idest
321 2378 331 2392 ,
360 2350 516 2387 velocius
533 2365 541 2386 ε

270 2401 335 2434 Che
355 2399 379 2434 ’l
409 2401 485 2435 cieco
511 2403 659 2447 agnello,
687 2422 873 2429 -----

220 2449 287 2486 hoc
325 2450 395 2493 est,
434 2451 584 2487 vitiosus
624 2452 767 2489 Nobilis
795 2451 900 2488 citius
929 2465 984 2487 ca-

225 2500 305 2540 dit,
341 2515 444 2547 quam
483 2502 632 2538 vitiosus
670 2501 875 2549 popularis.
921 2501 984 2536 Sed

225 2552 313 2588 licet
338 2552 398 2588 ista
426 2552 613 2592 videatur,
642 2554 760 2602 pulcra
787 2551 985 2601 expositiO,

1002 301 1030 333 A
1074 309 1227 336 attamen
1271 297 1359 333 mihi
1397 298 1557 339 videtur,
1599 297 1692 344 quod
1733 298 1832 332 litera

1074 363 1142 385 non
1171 348 1318 396 recipiat
1346 361 1419 382 eam
1438 371 1448 386 ‚
1491 360 1552 382 nec
1581 346 1619 382 fit
1647 347 1688 382 de
1717 357 1833 381 mente

1074 398 1263 437 AuG’toris,
1292 411 1399 445 quum
1429 398 1498 445 jam
1526 397 1623 444 saepe
1652 396 1836 432 vocaverit

1075 450 1153 485 istos
1191 447 1367 484 Rusticos.
1418 447 1501 482 Ideo
1542 447 1644 490 dico,
1694 445 1732 481 &
1762 459 1834 480 me-

1075 501 1143 536 lius
1164 527 1174 542 ,
1229 498 1323 546 quod
1369 496 1605 545 Cacciaguida
1651 496 1834 541 respondet

1076 549 1268 597 quaestioni
1290 548 1418 590 tacite,
1446 561 1533 595 quae
1555 546 1636 582 talis
1659 545 1723 581 est.
1754 544 1835 579 Pos-

1077 601 1126 636 set
1153 599 1246 635 enim
1275 598 1353 646 quis
1381 598 1522 646 dicere3
1561 596 1666 633 Licet
1694 595 1835 631 Civitas

1078 651 1118 685 sit
1145 651 1275 696 repleta
1298 648 1466 690 Rusticis,
1495 657 1612 682 tamen
1637 646 1681 682 est
1703 646 1834 693 major,

1078 702 1112 736 8<
1140 699 1287 741 fortior,
1314 700 1348 734 &
1377 697 1575 746 potentior.
1605 698 1661 732 Ad
1691 696 1757 731 hoc
1784 708 1836 730 re-

1080 750 1223 798 spondet
1253 763 1311 797 per
1338 748 1474 787 simile,
1511 747 1603 795 quod
1646 746 1752 782 citius
1780 758 1836 780 ca-

1081 801 1135 836 dit
1170 812 1314 848 magnus
1355 797 1393 834 &
1431 807 1613 844 protervus
1657 796 1836 843 Populus,

1081 851 1165 886 sicut
1192 860 1332 891 taurus,
1360 861 1464 896 quam
1494 861 1640 896 parvus,
1669 845 1837 888 humilis,

1081 902 1114 936 &
1136 898 1322 948 pacificus,
1351 898 1435 934 slcut
1455 911 1581 947 agnus.
1612 899 1704 933 Nam
1728 908 1839 943 quan-

1081 962 1119 986 to
1148 951 1258 998 major
1288 950 1461 997 Populus.
1498 957 1598 983 tanto
1640 946 1758 982 minor
1784 946 1839 981 in-

1082 1000 1269 1042 telle-etus,
1305 1008 1343 1034 ut
1381 998 1471 1034 dicit
1500 997 1759 1044 Philosophus,
1801 993 1838 1030 &

1086 1050 1295 1099 Augustinus
1332 1049 1373 1084 de
1415 1061 1506 1083 vano
1546 1048 1580 1082 &
1618 1047 1760 1095 gigante
1787 1045 1841 1080 di-

1083 1100 1154 1135 cit.
1197 1102 1243 1135 Et
1284 1097 1400 1134 subdit
1436 1096 1532 1133 aliud
1560 1097 1719 1145 pulcrum
1747 1094 1841 1130 fimi-

1083 1152 1116 1186 le
1133 1179 1142 1195 ,
1170 1150 1287 1185 dicens
1305 1162 1312 1184 :

1134 1220 1322 1227 -----
1348 1213 1363 1233 e
1383 1199 1472 1233 molte
1490 1198 1577 1232 volte
1596 1197 1701 1244 taglia

1134 1252 1219 1290 Pila,
1258 1264 1273 1284 e
1308 1250 1440 1296 meglio,
1475 1262 1561 1292 una,
1594 1248 1645 1282 che
1678 1248 1707 1281 le
1734 1247 1843 1294 cinque

1180 1301 1299 1347 spade.

1086 1351 1177 1399 quasi
1205 1351 1321 1393 dicat,
1349 1349 1442 1397 quod
1470 1362 1557 1385 unus
1584 1348 1668 1384 ensis
1694 1347 1841 1384 Civium

1086 1402 1181 1446 saepe
1209 1400 1338 1436 incidit
1380 1401 1455 1448 plus
1483 1400 1516 1434 ὃ(
1546 1398 1697 1438 melius,
1738 1398 1843 1445 quam

1086 1452 1242 1500 quinque
1270 1449 1363 1485 enses
1391 1459 1615 1497 exterorum3
1658 1450 1715 1484 vel
1758 1461 1844 1483 unus

1086 1501 1170 1537 ensis
1201 1500 1298 1549 parvi
1329 1500 1454 1548 Populi
1484 1499 1659 1535 unanimis
1688 1500 1722 1534 ὃς
1751 1497 1846 1533 uniti

1088 1552 1215 1587 incidit
1244 1552 1320 1598 plus
1348 1551 1381 1584 8<
1410 1550 1558 1592 melius,
1600 1550 1704 1596 quam
1741 1548 1846 1595 quin-

1088 1615 1154 1649 que
1182 1600 1275 1637 enses
1304 1599 1423 1649 magni
1453 1599 1580 1648 Populi
1616 1598 1784 1635 discordis
1811 1598 1845 1632 δε

1087 1651 1210 1687 divisi:

1138 1705 1179 1736 Se
1198 1712 1232 1735 tu
1252 1700 1396 1747 riguardi
1421 1720 1609 1727 -----

1089 1752 1181 1787 Heic
1204 1751 1388 1786 secundnm
1410 1749 1662 1798 expositionem
1680 1760 1846 1795 quorum—

1091 1801 1192 1843 dam,
1220 1800 1455 1846 Cacciaguida
1483 1799 1630 1834 ostendit
1659 1811 1717 1838 pei·
1744 1809 1848 1843 quae-

1091 1850 1170 1884 dam
1198 1850 1357 1896 exempla
1386 1846 1563 1883 manifesta
1583 1847 1743 1882 effeetum
1767 1859 1850 1881 con-

1092 1898 1234 1934 fusionis
1259 1897 1478 1944 personarum
1492 1925 1501 1939 ,
1525 1897 1608 1944 quia
1624 1896 1759 1931 scilicet
1777 1906 1850 1931 tur-

1094 1950 1177 1984 bant
1205 1947 1436 1994 tranquillum
1464 1947 1586 1982 statum
1610 1946 1783 1989 Urbium,
1812 1944 1850 1981 &

1093 1999 1265 2034 inducunt
1292 1998 1382 2033 bella
1399 2025 1409 2040 ,
1450 2010 1509 2045 per
1536 2010 1623 2044 quae
1650 2006 1854 2031 evertuntur

1094 2048 1292 2087 Civitates,
1339 2046 1424 2083 sicut
1463 2047 1604 2083 Civitas
1650 2049 1772 2083 Lunae
1813 2047 1851 2082 in

1094 2098 1224 2134 Tuscia
1266 2108 1406 2147 propter
1446 2097 1639 2144 superbiam
1681 2096 1851 2132 Civium.

1096 2149 1159 2185 Sed
1187 2157 1278 2184 certe
1295 2175 1305 2191 ,
1333 2148 1419 2184 licet
1446 2147 1507 2183 ista
1534 2146 1706 2195 expositio
1734 2148 1854 2182 videa-

1096 2209 1153 2235 tur
1180 2197 1350 2242 consona‚
1387 2208 1504 2234 tamen
1546 2197 1569 2232 fi
1607 2198 1686 2245 quis
1714 2196 1855 2232 subtili-

1097 2259 1150 2285 ter
1176 2248 1359 2292 advertat,
1387 2261 1457 2283 non
1486 2249 1571 2283 bene
1599 2249 1782 2296 adaptatur
1808 2247 1854 2283 li-

1097 2310 1209 2335 terae.
1250 2298 1367 2334 Immo
1395 2298 1455 2333 ista
1483 2299 1642 2345 exempla
1670 2297 1856 2334 non‘refe-

1097 2360 1221 2385 runtur
1248 2348 1288 2384 ad
1317 2349 1454 2384 literam
1484 2349 1772 2396 praecedentem,
1801 2347 1856 2384 fed

1098 2398 1301 2435 retrahenda
1338 2398 1416 2434 sunt
1457 2400 1498 2434 ad
1535 2400 1674 2434 literam
1713 2397 1856 2445 sequen-

1098 2459 1196 2489 tem,
1233 2462 1312 2484 cum
1349 2462 1416 2494 qua
1444 2448 1522 2484 sunt
1562 2457 1789 2484 concatenata
1817 2448 1854 2484 in

1097 2498 1287 2534 sententia.
1340 2499 1432 2534 Dico
1478 2511 1582 2546 ergo,
1623 2499 1657 2534 &
1699 2499 1825 2534 melius
1843 2525 1854 2541 ‚

1096 2550 1188 2597 quod
1225 2548 1462 2597 Caeciaguida
1503 2549 1625 2584 volens
1653 2547 1856 2630 descmisffi

1764 2609 1780 2631 a
