2216 3105
234 248 484 327 ‹ragisuzerunt
525 291 557 328 se
599 294 755 329 Feltrum
778 319 789 333 ‚

236 340 269 377 se
298 350 392 378 tutos
421 342 457 377 in
485 342 548 378 illa
575 343 685 378 libera
713 343 906 388 Civitate‚·
933 361 991 382 cu·
1016 370 1018 381 ι

236 391 290 441 jus
317 392 466 428 liberum
503 392 701 429 dominium
739 393 777 429 in
804 398 991 444 temporali

237 444 270 478 &
300 442 473 491 spirituali
501 442 648 479 habebat
676 444 866 491 Episcopus
894 448 991 494 ejus.

237 492 301 527 Sed
337 494 442 535 opera
484 493 590 534 Pini,
632 496 775 530 volente
818 497 992 545 Episcopo

236 540 276 577 ἃ,
295 542 556 588 consentiente,
581 545 674 590 capti
694 545 790 581 dusti
812 545 892 581 sunt
912 550 993 583 Fer-
1012 521 1015 572 1

234 593 392 628 rariam.
429 596 482 629 Ex
520 594 647 641 quibus
683 605 751 631 tres
790 598 992 646 praecipui,

235 642 374 679 scilicet
401 646 634 681 Lanzalottus
651 674 659 688 ,
696 645 930 690 Claruccius,
958 651 991 684 &

235 693 457 729 Antoniolus
472 695 513 730 de
530 698 687 731 Fontana
703 698 893 740 decapitati
916 699 994 735 sunt

237 756 316 778 curn
345 745 469 779 muxtis
505 746 584 781 aliis
612 747 846 795 complicibus
873 763 990 784 eorum
1020 756 1078 792 tss,

235 792 274 829 in
303 793 379 830 foro
408 795 606 840 Ferrariae‚
642 798 674 831 8<
705 798 808 833 multi
848 798 991 848 suspensi

235 843 318 879 sunt
343 846 489 892 laqueo.
525 846 584 882 Ad
619 847 757 884 literam
786 862 869 898 ergo
903 850 995 887 dicit

236 894 407 930 Cunitia:

287 945 448 992 Piangerd
472 948 580 981 Feltro
605 969 791 977 -----

235 993 381 1030 Civitas
417 997 455 1032 in
492 997 649 1035 confinio
685 999 867 1036 Marchiae
900 1003 993 1038 Tar-

234 1043 365 1081 vifinae
381 1059 391 1081 t

287 1117 303 1122 -
330 1117 345 1122 -
372 1117 387 1124 -
414 1118 430 1123 -
457 1111 569 1134 ancora
594 1100 627 1134 la
651 1101 788 1145 difalta.

235 1144 342 1185 idest,
372 1146 542 1184 defeRum
573 1148 802 1188 sceleratum:

287 1199 338 1231 De
363 1196 500 1241 l'empio
521 1200 578 1243 suo
605 1201 738 1243 Pastor.-

235 1245 340 1285 idest,
368 1247 532 1297 Episcopi
561 1249 633 1292 sui,
662 1252 723 1298 qui
752 1252 822 1288 fuit
848 1254 993 1290 natione

235 1297 491 1341 Placentinus,
531 1300 592 1347 qui
636 1302 721 1338 bene
757 1303 829 1340 luit
864 1318 991 1351 poenas

233 1345 380 1395 dignas.
419 1351 511 1385 Nam
554 1351 596 1386 de
632 1353 797 1388 mandato
841 1355 989 1391 Domini

233 1397 410 1433 Ricciardi
440 1400 608 1447 praediss’ti
642 1402 713 1438 fuit
738 1413 877 1440 tantum
913 1419 990 1446 per-

232 1447 342 1482 cuffus
370 1461 448 1484 cum
478 1449 622 1486 sacculis
658 1452 795 1493 sabuli,
832 1455 925 1502 quod
953 1469 988 1490 e-

230 1496 326 1530 mifir
352 1498 472 1533 omnia
495 1500 627 1535 viscera
647 1500 685 1536 &
707 1502 908 1550 sanguinem
928 1518 990 1550 per

230 1546 461 1594 egestionem.
489 1550 544 1584 .Et
574 1552 727 1598 Populus
753 1553 861 1588 etiarn
892 1555 988 1599 luit,

229 1597 292 1643 qui
319 1597 418 1632 venit
445 1599 487 1633 de
514 1599 679 1637 libertate
714 1602 752 1638 in
781 1603 987 1640 servitutem

229 1646 291 1682 sub
327 1648 512 1692 tyrannide
547 1649 651 1694 ipfius
688 1653 866 1690 Ricciardi
888 1681 896 1690 .
940 1658 988 1692 Et

231 1696 348 1743 tangit
375 1697 598 1734 atrocitatem
627 1701 786 1743 sceleris,
813 1704 957 1742 dicens:

281 1766 298 1771 —
324 1767 341 1772 -
368 1767 385 1772 —
411 1768 426 1773 -
453 1748 504 1781 che
524 1748 601 1792 sard
622 1751 763 1795 sconct'a,

230 1795 344 1836 idest,
379 1798 533 1834 enormis
568 1799 636 1835 sine
673 1804 864 1852 exemplo,
904 1806 986 1852 quia

231 1848 321 1882 alius
365 1848 527 1884 Sacerdos
573 1850 756 1888 sceleratus
802 1867 872 1889 non
918 1856 987 1891 luit

231 1910 378 1945 poenam
421 1912 483 1947 pro
519 1900 668 1938 crimine
706 1902 840 1941 simili.
880 1904 987 1942 Unde

230 1947 317 1983 dicit
333 1961 341 1982 ε

279 1999 317 2032 ,Ω
342 1999 395 2033 che
417 2010 475 2044 per·
495 2001 585 2043 simil
608 2025 625 2030 -
651 2025 667 2031 -
694 2026 710 2031 -
736 2026 754 2032 -

231 2047 386 2089 scilicet,
415 2053 551 2099 culpam
570 2066 579 2087 ε

282 2119 298 2125 -
325 2120 342 2125 -
368 2120 384 2125 —
411 2121 428 2126 —
455 2116 515 2135 non
542 2102 569 2136 s’
580 2107 665 2138 entrb
692 2105 726 2138 in
753 2107 886 2141 Malta.

231 2149 403 2194 scincet,
445 2165 506 2200 per
540 2152 650 2188 alium
689 2156 909 2191 Sacerdotem
948 2157 989 2192 ad

229 2201 444 2236 tolerandam
475 2215 620 2249 poenam
638 2231 647 2239 .
686 2205 741 2239 Est
768 2206 862 2241 enim
892 2206 988 2242 Mal-

228 2260 265 2286 ta
293 2251 397 2287 turris
433 2251 603 2289 horrenda
639 2254 676 2290 in
704 2257 801 2291 Lacu
839 2257 983 2292 Samstae

228 2301 444 2343 Christinae,
469 2316 584 2339 carcer
611 2318 746 2341 amarus
774 2307 979 2353 delinquen-

227 2352 317 2387 tium
335 2353 556 2389 sacerdotum
569 2381 578 2389 .
594 2355 697 2390 Unde
711 2357 872 2393 Sacerdos
884 2358 980 2392 dani-

225 2414 328 2439 natus
355 2404 395 2439 ad
433 2413 583 2440 mortem
620 2418 682 2449 per
716 2408 842 2454 Papam
873 2408 980 2443 Boni-

226 2453 354 2490 facium
392 2456 588 2490 clamabat:
626 2459 704 2490 Peto
739 2457 980 2492 benediJionem

225 2506 334 2539 Patris
362 2506 422 2539 mei
435 2518 450 2538 .·
486 2507 531 2540 Et
559 2505 746 2541 Bonifacio
773 2508 980 2556 responden-

224 2563 260 2591 te
286 2568 295 2590 ε
325 2560 424 2593 Pater
447 2566 519 2590 tuus
546 2556 702 2591 Diabolus
729 2558 770 2600 est
784 2572 806 2601 ,·
840 2557 982 2606 subjun-

587 234 889 277 COMMENT.
920 237 987 278 ῙΝ
1019 233 1239 278 Damus·
1267 235 1330 276 CO
1347 234 1507 276 MOFD.

831 304 991 333 putantes
1033 298 1081 330 A,
1107 292 1162 329 xit
1188 294 1271 329 ille:
1306 296 1349 327 Et
1374 305 1408 327 tu
1434 295 1539 340 utique
1564 294 1619 328 ille
1643 306 1692 328 es.
1723 295 1766 328 Et
1791 304 1862 328 me-

1036 1217 1068 1252 C

1031 2117 1057 2149 E
1074 2143 1076 2151 ,

1714 253 1801 292 710

1107 343 1180 379 ruit
1208 344 1367 379 veniam.
1400 344 1462 379 Sed
1491 358 1508 379 e
1537 343 1713 379 contrario
1745 343 1862 378 Abbas

1107 393 1247 429 Montis
1275 393 1418 433 Cfini,
1447 394 1506 441 qui
1536 407 1604 428 non
1635 395 1719 429 bene
1749 394 1863 429 serva-

1108 445 1167 479 bar
1194 445 1430 480 Coelestinum
1459 444 1631 479 custodiae
1660 444 1736 479 suae
1765 457 1862 479 com-

1109 494 1269 534 missum,
1307 495 1424 544 paucis
1459 495 1581 530 diebus
1618 494 1653 529 in
1685 508 1769 541 pane
1797 495 1863 529 tri·

1108 545 1301 580 bulationis
1328 547 1359 581 &
1399 560 1485 592 aqua
1524 544 1769 580 amaritudinis
1809 543 1863 579 su-

1109 595 1286 641 pervixit,
1313 595 1463 632 afflststus
1493 596 1528 630 in
1559 596 1680 631 eodem
1709 608 1864 630 carcere.

1107 647 1153 680 Et
1195 657 1360 695 aggravat
1400 646 1570 682 deliEium
1614 654 1755 695 propter
1791 659 1865 680 ma-

1106 709 1209 744 gnam
1240 697 1416 742 sanguinis
1442 697 1640 733 effusionem
1657 722 1669 737 ‚
1696 697 1836 732 dicens:

1157 751 1278 793 Troppo
1299 747 1429 792 sarebbe
1453 749 1545 794 larga
1571 749 1606 782 la
1632 748 1777 793 bigamia
1793 774 1806 788 ,

1106 797 1314 844 Biguncium
1338 798 1382 834 est
1404 812 1483 841 vas,
1512 812 1582 846 quo
1606 808 1753 833 utuntur
1772 808 1863 832 tem-

1106 861 1187 894 pore
1210 849 1464 884 vindemiarum
1488 851 1526 883 ad
1551 849 1734 897 portandas
1756 862 1861 890 uvas,

1105 908 1262 943 apertum
1299 898 1339 934 &
1366 901 1520 941 amplum
1559 899 1727 946 desuper,
1770 898 1863 945 quod

1107 949 1246 996 plenum
1277 949 1361 984 facit
1389 950 1538 987 mediam
1583 949 1725 985 salmam
1755 948 1859 985 afini:

1156 1000 1220 1032 Che
1247 999 1387 1044 ricevesse
1414 1002 1442 1035 il
1459 1001 1583 1047 sangae
1609 1000 1801 1044 Ferrarese,·

1105 1047 1263 1092 scilicet,
1291 1050 1439 1086 Civium
1467 1051 1685 1086 occisorum:

1156 1102 1188 1133 E
1207 1100 1314 1141 stanco
1340 1122 1742 1130 ----------

1105 1148 1260 1190 scilicet,
1287 1150 1395 1187 nimis
1423 1152 1531 1188 effer:

1155 1221 1172 1226 —
1197 1221 1214 1226 -
1241 1222 1258 1227 -
1284 1201 1368 1235 chi'l
1392 1201 1508 1247 pesaffe
1525 1204 1571 1237 ad
1587 1202 1675 1237 onct'a
1693 1204 1739 1237 ad
1755 1201 1860 1236 onct‘a.

1105 1252 1151 1285 Et
1187 1263 1308 1286 verum
1346 1251 1455 1288 dicit:
1494 1266 1575 1288 nam
1619 1253 1727 1288 horno
1769 1254 1862 1288 inter

1104 1300 1272 1336 animalia
1320 1301 1424 1339 habet
1465 1305 1615 1339 multum
1658 1303 1860 1352 sanguinis,

1105 1351 1206 1387 Unde
1242 1353 1396 1388 Galenus
1433 1353 1554 1389 scribit
1590 1354 1631 1390 de
1669 1368 1759 1396 uno,
1803 1353 1861 1389 cui

1104 1414 1164 1448 pet·
1199 1415 1296 1438 nares
1333 1402 1545 1440 effluxerunt
1589 1407 1702 1440 XXV.
1732 1404 1861 1440 Librae

1104 1450 1306 1499 sanguinis,
1342 1455 1375 1488 &
1414 1464 1572 1490 mortuus
1612 1455 1676 1490 est.
1715 1455 1771 1491 Isti
1799 1468 1859 1489 au-

1103 1510 1196 1541 tem,
1233 1515 1380 1549 quorum
1423 1504 1625 1554 sanguinem
1662 1505 1755 1541 fudit
1791 1504 1860 1540 im-

1103 1551 1179 1598 pius
1216 1552 1275 1588 iste
1311 1554 1500 1594 Sacerdos,
1551 1555 1691 1591 fuerunt
1746 1557 1859 1603 plures

1101 1615 1205 1648 quarn
1242 1602 1418 1652 triginta,
1455 1616 1494 1641 ut
1530 1607 1673 1654 quidam
1717 1606 1860 1654 scripse-

1100 1662 1203 1688 runt.

1151 1704 1216 1737 Che
1241 1704 1356 1739 done-ni
1383 1726 1658 1734 -------

1101 1752 1204 1793 idest,
1232 1768 1335 1801 quern
1366 1755 1568 1804 sanguinem
1597 1766 1698 1806 turpe
1728 1757 1859 1794 donum

1099 1804 1134 1837 ὃ(
1162 1802 1328 1840 infamiae
1356 1807 1525 1853 plenum:

1151 1873 1168 1878 -
1193 1874 1210 1879 -
1236 1874 1252 1879 -
1278 1875 1295 1880 -
1322 1856 1421 1901 questo
1448 1860 1542 1891 Prete
1566 1857 1698 1901 corase,

1101 1901 1235 1938 ironice
1263 1903 1466 1952 intelligas,
1493 1906 1576 1954 quia
1603 1908 1769 1956 prodigus
1793 1907 1859 1944 hu-

1101 1952 1195 1987 mani
1223 1953 1421 2002 sanguinis.

1150 2006 1212 2037 Per
1238 2005 1390 2046 mostmrsi
1440 2006 1478 2040 di
1503 2010 1619 2042 Parte:

1100 2052 1205 2097 idest,
1247 2064 1288 2090 ut
1330 2055 1508 2091 videretur
1551 2058 1638 2093 bene
1676 2058 1718 2094 de
1756 2061 1858 2094 Parte

1099 2103 1291 2144 Ecclesiae,
1319 2104 1356 2141 &
1378 2109 1458 2143 vere
1478 2108 1678 2157 Guelphus.
1706 2111 1754 2145 Et
1773 2124 1857 2145 con—

1099 2153 1232 2190 cludit:

1149 2226 1164 2230 -
1192 2227 1208 2232 -
1234 2227 1249 2231 —
1277 2227 1293 2232 -
1319 2220 1336 2240 e
1360 2207 1443 2241 cota?
1467 2209 1546 2243 doni

1149 2255 1310 2299 conformi
1326 2256 1416 2301 fieno
1441 2260 1477 2293 al
1502 2260 1596 2294 viver
1621 2261 1676 2294 del
1698 2261 1808 2305 paese.

1098 2304 1202 2344 idest,
1250 2307 1336 2342 bene
1381 2310 1600 2346 conveniunt
1655 2310 1860 2348 viventibus

1099 2355 1228 2391 vitiose
1254 2356 1292 2392 in
1319 2356 1412 2392 dizsta
1441 2359 1629 2396 hiat-chia.

1351 2409 1414 2442 Ad
1443 2410 1524 2451 [ἵει-[ἶ
1554 2413 1612 2447 88.

1148 2457 1197 2491 Di
1221 2458 1327 2502 quella
1355 2460 1445 2493 Valle
1467 2460 1519 2503 fui
1547 2462 1574 2494 io
1597 2462 1756 2499 litos-ano.

1096 2507 1188 2541 Heic
1217 2508 1362 2548 Fnlcus,
1404 2510 1580 2555 praemissa
1618 2511 1682 2547 illa
1710 2513 1862 2560 positio—-

1094 2569 1165 2595 ne,
1199 2570 1294 2592 nunc
1329 2559 1500 2608 exprimit
1539 2561 1634 2597 suam
1676 2565 1852 2610 patriam,

1655 2613 1771 2648 dicens
1789 2627 1799 2648 :
