2216 3105
454 215 535 257 503
731 198 1204 243 BENVENUTJ
1245 194 1689 242 JMOLENSJS
1877 216 1962 257 504

393 259 505 303 idest,
533 257 645 294 torvis
664 285 674 302 ‚
701 257 740 294 ὅ(
767 257 997 295 inflammatis
1025 258 1095 295 ira.

442 310 573 356 Riprese
587 330 819 337 --------

390 360 503 405 Idest,
531 360 658 396 iterum
688 360 784 408 cepit

442 432 457 438 —
472 433 489 438 -
503 432 519 438 -
536 432 552 438 -
579 410 603 445 'l
630 410 741 456 tefirhio
767 411 875 456 misero
901 410 942 446 ω’
957 412 1047 446 denti
1060 437 1070 455 ‚

389 461 535 498 Scilicet
566 475 729 498 craneum
767 462 892 511 capitis
930 475 1009 498 cum
1046 469 1145 497 tanto

390 511 527 557 furore,

439 565 504 598 Che
533 564 606 608 suro
640 576 661 598 a
687 562 710 596 l'
731 561 808 609 offo,
845 575 923 596 come
957 562 990 596 d’
1011 575 1054 597 un
1090 576 1145 598 can

483 615 564 658 sorti
578 640 587 648 .

437 665 512 700 «Abi
537 664 614 708 Pisa
624 664 638 696 J
652 683 825 689 ------

386 715 526 750 Aufilor
552 713 661 749 iratus
688 713 730 748 de
757 721 855 748 tanta
882 711 1066 761 impietate
1095 713 1145 748 fa-
1173 736 1174 760 1

386 764 439 800 cit
466 764 664 800 mordacem
692 763 910 799 inveEtivam
939 772 1061 798 contra
1081 764 1144 799 Ci-

385 814 536 851 vitatem
567 814 723 850 Pisarum
751 813 891 850 dicens:
929 814 1027 850 Alai!
1062 813 1146 850 idest
1171 817 1174 840 ἓ

386 865 546 902 dolenter
572 864 702 902 refero.

436 938 452 943 —
468 938 483 943 -
498 939 514 943 -
530 938 546 944 -
572 916 730 963 vituperio
755 915 838 950 delle
860 915 972 962 genti,

385 967 453 1003 hoc
479 967 546 1011 est,
583 967 728 1002 dedecus
756 965 794 1002 &
822 964 970 1001 infamia
1005 973 1144 1001 aeterna

384 1018 544 1066 gentium
574 1017 776 1053 Italicarum
793 1043 802 1052 .
830 1015 938 1052 Unde
965 1015 1054 1052 dicit

436 1070 500 1104 Del
526 1069 575 1104 bel
598 1069 687 1115 paese
713 1069 807 1103 lda-
825 1088 873 1093 --

381 1118 528 1155 Scilicet
545 1146 555 1163 ,
584 1118 730 1157 Italiae.
764 1131 832 1166 qua
859 1117 956 1153 nulla
983 1117 1029 1152 est
1066 1118 1143 1166 pul-

382 1170 477 1206 crior
503 1169 601 1217 regio
637 1177 717 1204 toto
754 1169 838 1204 orbe
874 1177 1067 1212 terrarum,
1105 1177 1143 1203 ut

381 1220 466 1257 alias
494 1220 628 1256 dietum
656 1218 727 1263 est,
754 1220 788 1254 δε
817 1218 953 1254 dicetur

433 1292 601 1298 ------
628 1269 750 1305 dove'l
776 1271 813 1304 s>
834 1269 955 1313 saona,

382 1322 478 1368 Quia
506 1320 716 1371 generaliter
742 1320 859 1356 omnis
897 1332 979 1368 gens
1016 1319 1142 1355 Italica

382 1373 494 1409 utitur
530 1372 592 1408 isto
620 1370 785 1419 vulgari,
822 1370 959 1406 scilicet
985 1373 1044 1414 52,
1081 1369 1141 1405 ubi

381 1423 549 1459 Germani
577 1422 700 1458 dicunt
718 1425 794 1466 sa,
831 1421 866 1455 8<
902 1420 1036 1456 Gallici
1074 1420 1139 1455 ali-

379 1474 442 1521 qui
469 1474 593 1509 dicunt
619 1478 710 1517 Ouy,
736 1473 771 1507 ὃς
792 1470 904 1518 aliqui
931 1473 1017 1505 Hoc.
1046 1469 1139 1515 Qui-

379 1526 458 1560 dam
487 1533 604 1560 autem
643 1521 760 1557 Italici
801 1519 1053 1556 Pedemontani
1084 1520 1137 1554 di-

378 1585 463 1610 cunt
490 1575 548 1609 ol.
588 1574 654 1608 Vel
693 1571 811 1606 dicas:
849 1571 902 1604 del
938 1571 986 1605 bel
1021 1570 1168 1618 paese,⁴

378 1625 514 1660 scilicet
551 1622 726 1660 Tusciae,
764 1634 851 1667 quae
879 1619 924 1656 est
961 1620 1167 1663 ornatiffi—j

376 1689 434 1711 ma
462 1688 537 1724 pars
575 1674 718 1711 Italiae,
755 1672 790 1706 ld
815 1673 894 1705 dove
907 1670 931 1704 'l
957 1672 984 1704 si
1014 1671 1135 1715 suana,
1164 1673 1167 1716 j

375 1726 460 1761 idest
489 1726 525 1760 in
554 1736 621 1772 qua
649 1736 700 1758 res
728 1722 789 1757 ista
825 1721 945 1769 inepta
972 1720 1108 1756 resonat
1127 1748 1134 1755 .
1164 1721 1166 1735 ¹

379 1778 427 1811 Et
455 1775 532 1811 heic
560 1783 665 1817 nota,
693 1771 846 1814 Leemr,
875 1770 969 1818 quod
997 1771 1135 1805 AuE‘tor
1163 1806 1164 1810 ,

375 1826 590 1861 considerans
630 1833 702 1859 tam
751 1821 898 1870 impiam
947 1820 1133 1856 crudelita—
1163 1820 1164 1843 ἶ

375 1885 469 1921 tem,
508 1875 544 1911 ὅ(
574 1874 723 1912 videns,
761 1871 854 1920 quod
890 1871 1007 1906 nullus
1037 1885 1132 1919 para-

374 1928 434 1963 bat
461 1926 493 1962 se
521 1925 562 1961 ad
590 1924 809 1966 vindictam,
846 1922 991 1957 invocat
1017 1921 1132 1957 insen—
1161 1949 1163 1972 t

373 1977 486 2013 fibilia
512 1975 694 2012 nominata
715 1974 754 2009 ad
784 1971 1050 2008 destruffiionem
1075 1972 1132 2008 Pi-

373 2028 472 2064 sanae
499 2026 675 2064 Civitatis
692 2052 702 2069 ‚
730 2023 873 2060 dicens:

423 2077 579 2120 Muovafi
604 2078 639 2113 la
664 2073 808 2122 capraja
834 2088 849 2110 e
875 2075 909 2108 Ia
935 2076 1081 2120 Gorgona
1096 2100 1104 2109 .

372 2130 539 2172 Scilicet,
567 2127 608 2163 de
635 2126 724 2162 locis
753 2125 842 2161 suis.
871 2123 928 2159 Isti
956 2123 1035 2159 sunt
1061 2123 1131 2159 duo

372 2179 506 2228 scopuli
534 2179 572 2214 in
601 2176 688 2214 mari
716 2177 821 2224 longe
849 2188 867 2210 a
896 2176 1004 2210 Portu
1037 2173 1131 2210 Pisa-

371 2243 441 2273 no,
470 2229 584 2265 versus
613 2226 832 2263 Sardiniam.

419 2282 453 2314 E
475 2279 596 2323 faccian
626 2278 711 2324 fiepe
746 2277 790 2311 ad
828 2278 923 2310 admo
958 2275 992 2310 in
1021 2274 1062 2319 su
1097 2275 1131 2311 la

467 2330 552 2373 foce.

370 2379 480 2419 mest,
508 2380 670 2415 claudant
688 2376 813 2413 ostium
835 2374 948 2414 Arni,
977 2374 1037 2411 ubi
1058 2376 1128 2411 Ar-

371 2444 435 2466 nus
463 2430 573 2466 intrat
606 2429 645 2465 in
673 2441 793 2466 mare,
830 2426 881 2462 ita
916 2425 1010 2473 quod
1039 2438 1127 2473 aqua

371 2480 539 2518 redundet
566 2481 598 2515 8<
628 2477 850 2520 effundatur,

420 2533 457 2566 52
493 2529 620 2577 cb'egli
653 2528 790 2576 annegbi
825 2527 859 2562 in
896 2537 925 2561 te
950 2526 1023 2575 ogni
1056 2537 1127 2575 per—

468 2581 546 2627 [ΜΕ
561 2608 573 2626 2

1191 261 1224 295 A
1261 255 1378 296 Idest,
1415 271 1535 294 omnes
1572 259 1609 294 in
1647 267 1682 294 te
1718 258 1943 303 habitantes,
1979 266 2018 297 ut

1261 307 1358 343 locus
1388 317 1458 344 tarn
1487 309 1653 346 infaustus
1680 309 1843 346 reddatur
1878 311 2017 348 inhabi-

1260 357 1405 394 tabilis.
1434 361 1480 395 Et
1507 360 1616 396 dicit:

1309 409 1414 444 Poich’
1432 409 1458 445 e’
1473 411 1577 445 vicini
1595 426 1615 447 a
1634 421 1665 446 te
1681 411 1778 460 pum'r
1789 412 1845 457 fim
1865 413 1946 447 lenti
1956 440 1965 449 .

1260 457 1357 494 Sicut
1385 461 1584 497 Florentini
1612 462 1645 497 &
1675 463 1834 508 Lucani,
1861 463 1931 512 jam
1953 463 2016 500 du-

1258 509 1340 544 dum
1368 509 1509 547 inimici
1537 511 1610 557 sui,
1639 512 1730 562 pigri
1757 514 1790 548 δε
1813 513 1924 549 tardi.
1952 515 2015 549 Sed

1259 569 1356 596 certe·
1377 561 1594 602 vindiffiam
1623 577 1711 611 quae
1737 563 1923 600 videbatur
1946 573 2016 600 tar-

1257 609 1331 645 dari
1359 619 1516 658 tempore
1543 613 1733 653 AuCtoris,
1762 614 1902 651 videtur
1925 614 2017 651 faeta

1258 660 1378 695 diebus
1404 661 1547 696 nostris.
1585 665 1680 697 Nam
1707 665 1812 710 opera
1839 665 2016 700 Florenti-

1258 723 1383 745 norum
1419 710 1480 745 ista
1519 710 1661 746 Civitas
1689 712 1954 759 antiquiffima,
1981 716 2017 748 δε

1257 760 1346 795 olim
1376 759 1614 809 potentissima
1641 764 1730 798 mari
1756 763 1793 798 8<
1818 771 1930 807 terra,
1958 762 2018 799 de-

1257 810 1360 846 dueta
1396 810 1441 846 est
1468 811 1509 847 ad
1537 810 1727 852 infimum,
1764 814 1796 848 8<
1835 812 2019 850 infirmum

1257 861 1403 902 statum,
1444 862 1530 897 licet
1564 862 1625 898 diu
1662 872 1742 898 ante
1782 863 1867 899 istud
1897 877 2018 912 pecca-

1257 919 1333 947 tum
1360 911 1475 948 fuisset
1502 912 1611 949 fraaa
1646 912 1835 950 insolentia
1874 914 2017 951 Pisano-

1255 975 1332 997 rum
1350 987 1360 1002 ,
1404 964 1439 998 8<
1468 962 1611 999 libertas
1647 965 1851 1000 conculcata
1878 965 2016 1001 viribus

1255 1012 1473 1055 Januenfium
1492 1039 1501 1053 2
1530 1023 1569 1049 ut
1595 1013 1731 1050 dicetur
1758 1014 1870 1051 alibi.
1897 1017 1943 1050 Et
1970 1015 2015 1051 fic

1257 1062 1388 1099 vistrix
1417 1063 1507 1099 facta
1531 1064 1576 1100 est
1604 1064 1720 1100 vista.
1748 1064 1805 1101 Sic
1825 1078 1878 1101 res
1897 1064 2015 1102 homi-

1256 1126 1339 1149 num
1377 1113 1519 1150 fortuna
1555 1114 1690 1151 versat.
1732 1115 1789 1151 Sic
1817 1116 1937 1152 omnia
1964 1117 2014 1153 fa-

1225 1182 1227 1192 ÷
1255 1164 1354 1200 ciunt
1382 1164 1517 1201 cursum
1546 1164 1667 1211 suurn,
1694 1166 1728 1201 ὃ(
1756 1165 1853 1202 senio
1889 1168 2013 1204 cuncta

1256 1214 1470 1251 marcescunt
1488 1243 1496 1251 .
1525 1217 1622 1252 Haec
1649 1216 1744 1252 enim
1772 1217 1914 1254 Civitas
1941 1228 2014 1255 erat

1256 1264 1497 1302 fiorentiffima
1522 1293 1533 1311 ,
1589 1276 1775 1315 antequam
1832 1269 2012 1305 Florentia

1254 1316 1365 1351 adhuc
1393 1317 1536 1352 fundata
1563 1318 1665 1353 esset.
1702 1320 1750 1353 Et
1785 1318 1863 1354 heic
1898 1327 2010 1364 nota,

1254 1366 1406 1411 Lestor,
1443 1367 1536 1415 quod
1573 1366 1712 1403 Auctor
1751 1367 1892 1405 videtur
1918 1368 2013 1405 indi—

1253 1430 1318 1465 gne
1346 1417 1456 1452 facere
1483 1417 1581 1453 istam
1607 1417 1872 1454 invocationem
1890 1444 1900 1459 ‚
1929 1419 2013 1468 quia

1252 1466 1312 1501 iste
1339 1467 1499 1514 proditor
1527 1468 1721 1503 merebatur
1758 1481 1899 1504 omnem
1929 1482 2012 1517 poe-

1252 1529 1355 1560 nam,
1385 1525 1423 1552 ut
1450 1530 1492 1552 ex
1521 1516 1626 1552 distis
1654 1526 1778 1563 patet:
1807 1520 1901 1567 Ergo
1930 1519 2012 1567 juste

1252 1566 1420 1615 punitur.
1462 1566 1520 1602 Ad
1563 1566 1656 1614 quod
1707 1567 1787 1603 dico
1835 1569 2010 1614 breviter,

1250 1616 1343 1664 quod
1371 1617 1509 1652 Aufilor
1535 1631 1606 1654 non
1635 1627 1738 1665 negat
1779 1617 1845 1653 hoc
1873 1618 1913 1655 de
1941 1633 2010 1665 eo,

1249 1667 1304 1702 sed
1331 1667 1372 1702 de
1401 1666 1512 1706 filiis,
1540 1676 1579 1702 ut
1607 1667 1720 1702 statim
1748 1667 1842 1703 dicet
1861 1695 1870 1704 .

1299 1718 1365 1751 Che
1385 1718 1421 1762 se
1437 1717 1461 1751 ’l
1488 1720 1585 1751 Come
1613 1718 1746 1763 Ugolino
1780 1731 1887 1753 aveva
1916 1733 2010 1764 voce,

1247 1767 1340 1803 Heic
1383 1767 1521 1803 Αυξὶοι·
1547 1765 1692 1815 affignat
1734 1767 1869 1804 causam
1905 1769 2009 1817 justae

1247 1817 1519 1853 exclamationis
1546 1816 1657 1853 saetae
1673 1842 1682 1856 ‚
1710 1817 1854 1853 dicens:

1298 1871 1371 1903 Non
1397 1868 1492 1903 dovei
1517 1878 1553 1902 tu
1588 1868 1601 1902 i
1627 1867 1762 1914 figliuoi
1800 1879 1890 1914 porre
1915 1883 1936 1904 a
1962 1871 2011 1905 tal

1348 1931 1426 1953 croce
1442 1945 1450 1953 .

1248 1968 1358 2009 Idest,
1385 1982 1456 2004 non
1485 1968 1630 2004 debebas
1658 1981 1785 2017 ponere
1813 1967 1907 2004 filios
1935 1971 2008 2005 Co-

1247 2019 1346 2054 mitis
1373 2019 1415 2054 ad
1443 2020 1550 2056 talem
1579 2020 1799 2067 cruciatum3
1822 2019 1897 2063 se'l
1923 2023 2007 2054 Con-

1212 2067 1214 2076 ”’
1246 2080 1276 2104 te
1317 2070 1449 2117 Ugolino
1489 2083 1596 2105 aveva
1630 2083 1723 2108 voce,
1764 2069 1870 2114 idest,
1916 2068 2007 2107 infa-

1247 2133 1355 2156 miam

1297 2170 1341 2212 D’
1352 2184 1430 2206 aver
1455 2172 1578 2207 tradita
1603 2181 1633 2206 te
1658 2172 1697 2206 de
1722 2171 1752 2205 le
1777 2171 1917 2214 Castella
1932 2197 1941 2207 .

1246 2221 1304 2257 Ad
1332 2222 1434 2271 hujus
1462 2222 1584 2258 literae
1612 2221 1828 2257 evidentiam
1872 2221 1917 2257 est
1943 2234 2006 2257 no·-

1246 2272 1418 2316 tandum,
1455 2272 1548 2321 quod
1584 2274 1714 2308 Comes
1752 2271 1928 2321 Ugolinus
1965 2271 2006 2307 de

1246 2323 1451 2359 comitibus
1478 2322 1746 2359 Gherardeschis
1774 2324 1916 2370 adeptus
1942 2322 2004 2356 do·-

1246 2373 1397 2409 minium
1426 2374 1601 2410 Civitatis
1630 2373 1784 2409 Pisarum
1802 2400 1813 2415 ,
1840 2372 1924 2406 licut
1950 2370 2003 2406 di-

1245 2423 1340 2459 istum
1362 2423 1407 2459 est
1436 2423 1555 2471 supra„
1583 2424 1623 2459 ad
1646 2422 1920 2459 confirmandum
1943 2420 2002 2456 sta»

1246 2483 1321 2510 tum
1337 2474 1433 2510 suum
1447 2502 1457 2518 ,
1469 2474 1565 2510 dedit
1581 2487 1683 2509 unam
1699 2473 1790 2508 snam
1810 2471 1918 2506 filiam
1935 2474 2006 2507 Co-

1247 2524 1329 2566 miti
1358 2525 1516 2560 Guidoni
1546 2525 1587 2567 de
1616 2522 1800 2558 Battifolle
1825 2521 2005 2606 Gueleho.

1932 2580 1956 2606 ,ΐ
