<?xml version="1.0" encoding="UTF-8"?>
<!DOCTYPE html PUBLIC "-//W3C//DTD XHTML 1.0 Transitional//EN"
    "http://www.w3.org/TR/xhtml1/DTD/xhtml1-transitional.dtd">
<html xmlns="http://www.w3.org/1999/xhtml" xml:lang="en" lang="en">
 <head>
  <title>
</title>
<meta http-equiv="Content-Type" content="text/html;charset=utf-8" />
  <meta name='ocr-system' content='tesseract 3.04.00' />
  <meta name='ocr-capabilities' content='ocr_page ocr_carea ocr_par ocr_line ocrx_word'/>
</head>
<body>
  <div class='ocr_page' id='page_1' title='image "antiquitatesital03mura_0360.png"; bbox 0 0 2216 3105; ppageno 0'>
   <div class='ocr_carea' id='block_1_1' title="bbox 422 240 543 291">
    <p class='ocr_par' dir='ltr' id='par_1_1' title="bbox 422 240 543 291">
     <span class='ocr_line' id='line_1_1' title="bbox 422 240 543 291; baseline -0.025 0"><span class='ocrx_word' id='word_1_1' title='bbox 422 287 426 291; x_wconf 75' lang='grc'><em>,</em></span> <span class='ocrx_word' id='word_1_2' title='bbox 460 240 543 289; x_wconf 73' lang='lat'>695</span> 
     </span>
    </p>
   </div>
   <div class='ocr_carea' id='block_1_2' title="bbox 771 229 1662 276">
    <p class='ocr_par' dir='ltr' id='par_1_2' title="bbox 771 229 1662 276">
     <span class='ocr_line' id='line_1_2' title="bbox 771 229 1662 276; baseline -0.002 0"><span class='ocrx_word' id='word_1_3' title='bbox 771 231 1207 276; x_wconf 81' lang='lat' dir='ltr'><em>BENVENUTI</em></span> <span class='ocrx_word' id='word_1_4' title='bbox 1250 229 1662 274; x_wconf 82' lang='lat' dir='ltr'><em>IMOLENSIS</em></span> 
     </span>
    </p>
   </div>
   <div class='ocr_carea' id='block_1_3' title="bbox 1884 242 1970 290">
    <p class='ocr_par' dir='ltr' id='par_1_3' title="bbox 1884 242 1970 290">
     <span class='ocr_line' id='line_1_3' title="bbox 1884 242 1970 290; baseline 0 -11"><span class='ocrx_word' id='word_1_5' title='bbox 1884 242 1970 290; x_wconf 83' lang='lat'>696</span> 
     </span>
    </p>
   </div>
   <div class='ocr_carea' id='block_1_4' title="bbox 402 287 2024 342">
    <p class='ocr_par' dir='ltr' id='par_1_4' title="bbox 402 287 2024 342">
     <span class='ocr_line' id='line_1_4' title="bbox 402 287 2024 342; baseline 0.002 -16"><span class='ocrx_word' id='word_1_6' title='bbox 402 290 558 327; x_wconf 74' lang='lat' dir='ltr'>minibus</span> <span class='ocrx_word' id='word_1_7' title='bbox 593 287 846 328; x_wconf 74' lang='lat' dir='ltr'>confinalibus.</span> <span class='ocrx_word' id='word_1_8' title='bbox 886 296 931 328; x_wconf 79' lang='lat' dir='ltr'>Et</span> <span class='ocrx_word' id='word_1_9' title='bbox 960 294 1162 328; x_wconf 75' lang='lat' dir='ltr'>continetur</span> <span class='ocrx_word' id='word_1_10' title='bbox 1183 293 1227 338; x_wconf 17' lang='lat' dir='ltr'>‘A</span> <span class='ocrx_word' id='word_1_11' title='bbox 1267 302 1321 325; x_wconf 83' lang='lat' dir='ltr'>tus</span> <span class='ocrx_word' id='word_1_12' title='bbox 1352 303 1445 337; x_wconf 81' lang='lat' dir='ltr'>pater</span> <span class='ocrx_word' id='word_1_13' title='bbox 1472 291 1539 327; x_wconf 84' lang='lat' dir='ltr'>fuit</span> <span class='ocrx_word' id='word_1_14' title='bbox 1568 292 1663 327; x_wconf 81' lang='lat' dir='ltr'>istius</span> <span class='ocrx_word' id='word_1_15' title='bbox 1693 292 1869 329; x_wconf 82' lang='lat' dir='ltr'>Ludovici</span> <span class='ocrx_word' id='word_1_16' title='bbox 1900 304 2024 342; x_wconf 70' lang='lat' dir='ltr'>poten-</span> 
     </span>
    </p>
   </div>
   <div class='ocr_carea' id='block_1_5' title="bbox 398 341 1160 1602">
    <p class='ocr_par' dir='ltr' id='par_1_5' title="bbox 401 341 1158 430">
     <span class='ocr_line' id='line_1_5' title="bbox 401 341 1158 391; baseline 0 -14"><span class='ocrx_word' id='word_1_17' title='bbox 401 341 488 378; x_wconf 73' lang='lat' dir='ltr'>istud</span> <span class='ocrx_word' id='word_1_18' title='bbox 532 344 689 391; x_wconf 85' lang='lat' dir='ltr'>Regnum</span> <span class='ocrx_word' id='word_1_19' title='bbox 739 343 798 379; x_wconf 89' lang='lat' dir='ltr'>sub</span> <span class='ocrx_word' id='word_1_20' title='bbox 850 344 960 379; x_wconf 86' lang='lat' dir='ltr'>titulo</span> <span class='ocrx_word' id='word_1_21' title='bbox 997 345 1158 379; x_wconf 76' lang='lat' dir='ltr'>Siciliae.</span> 
     </span>
     <span class='ocr_line' id='line_1_6' title="bbox 401 393 1090 430; baseline -0.001 0"><span class='ocrx_word' id='word_1_22' title='bbox 401 395 507 430; x_wconf 88' lang='lat' dir='ltr'>Nunc</span> <span class='ocrx_word' id='word_1_23' title='bbox 534 394 576 428; x_wconf 87' lang='lat' dir='ltr'>ad</span> <span class='ocrx_word' id='word_1_24' title='bbox 604 393 764 429; x_wconf 82' lang='lat' dir='ltr'>literam.</span> <span class='ocrx_word' id='word_1_25' title='bbox 794 395 893 430; x_wconf 84' lang='lat' dir='ltr'>Dicit</span> <span class='ocrx_word' id='word_1_26' title='bbox 922 395 1090 429; x_wconf 85' lang='lat' dir='ltr'>Carolus:</span> 
     </span>
    </p>

    <p class='ocr_par' dir='ltr' id='par_1_6' title="bbox 399 444 1160 793">
     <span class='ocr_line' id='line_1_7' title="bbox 451 444 1160 491; baseline 0.001 -12"><span class='ocrx_word' id='word_1_27' title='bbox 451 447 483 479; x_wconf 90' lang='grc' dir='ltr'><strong><em>Ε</em></strong></span> <span class='ocrx_word' id='word_1_28' title='bbox 509 445 580 491; x_wconf 84' lang='lat' dir='ltr'>quel</span> <span class='ocrx_word' id='word_1_29' title='bbox 605 447 706 479; x_wconf 70' lang='lat' dir='ltr'>Corne</span> <span class='ocrx_word' id='word_1_30' title='bbox 731 444 922 490; x_wconf 76' lang='lat' dir='ltr'>d’.A”usonia</span> <span class='ocrx_word' id='word_1_31' title='bbox 935 465 1160 484; x_wconf 87' lang='lat'>------</span> 
     </span>
     <span class='ocr_line' id='line_1_8' title="bbox 399 492 1156 543; baseline 0 -14"><span class='ocrx_word' id='word_1_32' title='bbox 399 492 508 537; x_wconf 86' lang='lat' dir='ltr'>idest,</span> <span class='ocrx_word' id='word_1_33' title='bbox 529 495 591 530; x_wconf 87' lang='lat' dir='ltr'>illa</span> <span class='ocrx_word' id='word_1_34' title='bbox 615 509 689 543; x_wconf 82' lang='lat' dir='ltr'>pars</span> <span class='ocrx_word' id='word_1_35' title='bbox 713 496 853 531; x_wconf 87' lang='lat' dir='ltr'>Italiae.</span> <span class='ocrx_word' id='word_1_36' title='bbox 884 495 1041 531; x_wconf 88' lang='lat' dir='ltr'>Ausonia</span> <span class='ocrx_word' id='word_1_37' title='bbox 1062 495 1156 531; x_wconf 87' lang='lat' dir='ltr'>enim</span> 
     </span>
     <span class='ocr_line' id='line_1_9' title="bbox 401 543 1155 591; baseline -0.001 -11"><span class='ocrx_word' id='word_1_38' title='bbox 401 543 472 580; x_wconf 85' lang='lat' dir='ltr'>fuit</span> <span class='ocrx_word' id='word_1_39' title='bbox 489 545 577 580; x_wconf 87' lang='lat' dir='ltr'>olim</span> <span class='ocrx_word' id='word_1_40' title='bbox 592 559 666 591; x_wconf 88' lang='lat' dir='ltr'>pars</span> <span class='ocrx_word' id='word_1_41' title='bbox 679 546 799 588; x_wconf 84' lang='lat' dir='ltr'>Latii,</span> <span class='ocrx_word' id='word_1_42' title='bbox 813 546 871 581; x_wconf 91' lang='lat' dir='ltr'>ubi</span> <span class='ocrx_word' id='word_1_43' title='bbox 889 546 958 581; x_wconf 85' lang='lat' dir='ltr'>fuit</span> <span class='ocrx_word' id='word_1_44' title='bbox 971 549 1081 581; x_wconf 85' lang='lat' dir='ltr'>Roma</span> <span class='ocrx_word' id='word_1_45' title='bbox 1099 573 1108 588; x_wconf 91' lang='lat'>‚</span> <span class='ocrx_word' id='word_1_46' title='bbox 1122 547 1155 579; x_wconf 68' lang='grc' dir='ltr'>δε</span> 
     </span>
     <span class='ocr_line' id='line_1_10' title="bbox 400 594 1158 643; baseline -0.003 -12"><span class='ocrx_word' id='word_1_47' title='bbox 400 603 459 631; x_wconf 87' lang='lat' dir='ltr'>tot</span> <span class='ocrx_word' id='word_1_48' title='bbox 487 596 612 643; x_wconf 89' lang='lat' dir='ltr'>Populi</span> <span class='ocrx_word' id='word_1_49' title='bbox 642 596 765 631; x_wconf 86' lang='lat' dir='ltr'>Latini</span> <span class='ocrx_word' id='word_1_50' title='bbox 803 594 937 638; x_wconf 80' lang='lat' dir='ltr'>vicini,</span> <span class='ocrx_word' id='word_1_51' title='bbox 976 596 1061 631; x_wconf 76' lang='lat' dir='ltr'>sicut</span> <span class='ocrx_word' id='word_1_52' title='bbox 1099 609 1158 643; x_wconf 87' lang='lat' dir='ltr'>pa·-</span> 
     </span>
     <span class='ocr_line' id='line_1_11' title="bbox 400 644 1157 694; baseline -0.001 -13"><span class='ocrx_word' id='word_1_53' title='bbox 400 654 453 681; x_wconf 85' lang='lat' dir='ltr'>tet</span> <span class='ocrx_word' id='word_1_54' title='bbox 495 658 553 694; x_wconf 90' lang='lat' dir='ltr'>per</span> <span class='ocrx_word' id='word_1_55' title='bbox 602 646 750 682; x_wconf 82' lang='lat' dir='ltr'>Livium</span> <span class='ocrx_word' id='word_1_56' title='bbox 794 644 832 681; x_wconf 83' lang='lat'>&amp;</span> <span class='ocrx_word' id='word_1_57' title='bbox 875 659 934 694; x_wconf 89' lang='lat' dir='ltr'>per</span> <span class='ocrx_word' id='word_1_58' title='bbox 975 645 1131 681; x_wconf 82' lang='lat' dir='ltr'>Plinium</span> <span class='ocrx_word' id='word_1_59' title='bbox 1150 672 1157 680; x_wconf 93' lang='lat'><strong><em>.</em></strong></span> 
     </span>
     <span class='ocr_line' id='line_1_12' title="bbox 400 695 1158 743; baseline 0.001 -12"><span class='ocrx_word' id='word_1_60' title='bbox 400 696 466 731; x_wconf 89' lang='lat' dir='ltr'>Sed</span> <span class='ocrx_word' id='word_1_61' title='bbox 494 695 652 731; x_wconf 84' lang='lat' dir='ltr'>Ausonia</span> <span class='ocrx_word' id='word_1_62' title='bbox 675 696 817 743; x_wconf 86' lang='lat' dir='ltr'>ponitur</span> <span class='ocrx_word' id='word_1_63' title='bbox 838 709 898 743; x_wconf 88' lang='lat' dir='ltr'>pro</span> <span class='ocrx_word' id='word_1_64' title='bbox 921 698 1045 740; x_wconf 85' lang='lat' dir='ltr'>Italia,</span> <span class='ocrx_word' id='word_1_65' title='bbox 1074 695 1158 732; x_wconf 78' lang='lat' dir='ltr'>ficut</span> 
     </span>
     <span class='ocr_line' id='line_1_13' title="bbox 401 744 1028 793; baseline 0.003 -13"><span class='ocrx_word' id='word_1_66' title='bbox 401 744 439 780; x_wconf 70' lang='grc' dir='ltr'>δε</span> <span class='ocrx_word' id='word_1_67' title='bbox 468 746 614 781; x_wconf 79' lang='lat' dir='ltr'>Latium</span> <span class='ocrx_word' id='word_1_68' title='bbox 645 745 740 790; x_wconf 79' lang='lat' dir='ltr'>saepe</span> <span class='ocrx_word' id='word_1_69' title='bbox 767 746 856 793; x_wconf 86' lang='lat' dir='ltr'>apud</span> <span class='ocrx_word' id='word_1_70' title='bbox 887 748 1028 782; x_wconf 70' lang='lat' dir='ltr'>poetas.</span> 
     </span>
    </p>

    <p class='ocr_par' dir='ltr' id='par_1_7' title="bbox 398 796 919 886">
     <span class='ocr_line' id='line_1_14' title="bbox 425 796 919 844; baseline 0.002 -14"><span class='ocrx_word' id='word_1_71' title='bbox 425 804 428 806; x_wconf 82' lang='lat'>&#39;</span> <span class='ocrx_word' id='word_1_72' title='bbox 451 816 640 823; x_wconf 81' lang='lat'>-----</span> <span class='ocrx_word' id='word_1_73' title='bbox 666 797 717 830; x_wconf 79' lang='lat' dir='ltr'>che</span> <span class='ocrx_word' id='word_1_74' title='bbox 742 796 919 844; x_wconf 78' lang='lat' dir='ltr'>s&#39;imborga</span> 
     </span>
     <span class='ocr_line' id='line_1_15' title="bbox 398 845 735 886; baseline -0.003 -3"><span class='ocrx_word' id='word_1_75' title='bbox 398 845 502 886; x_wconf 85' lang='lat' dir='ltr'>idest,</span> <span class='ocrx_word' id='word_1_76' title='bbox 530 846 735 882; x_wconf 84' lang='lat' dir='ltr'>habitatur:</span> 
     </span>
    </p>

    <p class='ocr_par' dir='ltr' id='par_1_8' title="bbox 399 898 1157 1042">
     <span class='ocr_line' id='line_1_16' title="bbox 449 898 885 939; baseline -0.002 -7"><span class='ocrx_word' id='word_1_77' title='bbox 449 898 497 932; x_wconf 83' lang='lat' dir='ltr'>Di</span> <span class='ocrx_word' id='word_1_78' title='bbox 524 898 627 939; x_wconf 73' lang='lat' dir='ltr'>Bari,</span> <span class='ocrx_word' id='word_1_79' title='bbox 655 919 885 926; x_wconf 85' lang='lat'><em>------</em></span> 
     </span>
     <span class='ocr_line' id='line_1_17' title="bbox 399 947 1157 997; baseline 0.001 -14"><span class='ocrx_word' id='word_1_80' title='bbox 399 961 486 995; x_wconf 86' lang='lat' dir='ltr'>quae</span> <span class='ocrx_word' id='word_1_81' title='bbox 513 947 559 983; x_wconf 87' lang='lat' dir='ltr'>est</span> <span class='ocrx_word' id='word_1_82' title='bbox 585 948 726 984; x_wconf 89' lang='lat' dir='ltr'>Civitas</span> <span class='ocrx_word' id='word_1_83' title='bbox 753 948 852 997; x_wconf 87' lang='lat' dir='ltr'>super</span> <span class='ocrx_word' id='word_1_84' title='bbox 879 948 967 984; x_wconf 87' lang='lat' dir='ltr'>mari</span> <span class='ocrx_word' id='word_1_85' title='bbox 995 948 1157 984; x_wconf 81' lang='lat' dir='ltr'>Adriati-</span> 
     </span>
     <span class='ocr_line' id='line_1_18' title="bbox 399 998 911 1042; baseline 0.002 -8"><span class='ocrx_word' id='word_1_86' title='bbox 399 1009 467 1042; x_wconf 87' lang='lat' dir='ltr'>co,</span> <span class='ocrx_word' id='word_1_87' title='bbox 495 1007 579 1035; x_wconf 82' lang='lat' dir='ltr'>nota</span> <span class='ocrx_word' id='word_1_88' title='bbox 607 998 718 1034; x_wconf 85' lang='lat' dir='ltr'>titulo</span> <span class='ocrx_word' id='word_1_89' title='bbox 747 998 911 1035; x_wconf 87' lang='lat' dir='ltr'>Nicolai:</span> 
     </span>
    </p>

    <p class='ocr_par' dir='ltr' id='par_1_9' title="bbox 398 1050 1155 1199">
     <span class='ocr_line' id='line_1_19' title="bbox 449 1050 1107 1089; baseline 0 -5"><span class='ocrx_word' id='word_1_90' title='bbox 449 1070 634 1076; x_wconf 87' lang='lat'>-----</span> <span class='ocrx_word' id='word_1_91' title='bbox 661 1050 1107 1089; x_wconf 76' lang='lat' dir='ltr'>diGaeta,------</span> 
     </span>
     <span class='ocr_line' id='line_1_20' title="bbox 399 1100 1155 1148; baseline 0.003 -14"><span class='ocrx_word' id='word_1_92' title='bbox 399 1111 486 1145; x_wconf 84' lang='lat' dir='ltr'>quae</span> <span class='ocrx_word' id='word_1_93' title='bbox 513 1100 558 1136; x_wconf 84' lang='lat' dir='ltr'>est</span> <span class='ocrx_word' id='word_1_94' title='bbox 586 1100 727 1136; x_wconf 87' lang='lat' dir='ltr'>Civitas</span> <span class='ocrx_word' id='word_1_95' title='bbox 757 1100 855 1148; x_wconf 90' lang='lat' dir='ltr'>super</span> <span class='ocrx_word' id='word_1_96' title='bbox 891 1100 979 1135; x_wconf 87' lang='lat' dir='ltr'>mari</span> <span class='ocrx_word' id='word_1_97' title='bbox 1016 1100 1155 1145; x_wconf 82' lang='lat' dir='ltr'>Tusco,</span> 
     </span>
     <span class='ocr_line' id='line_1_21' title="bbox 398 1149 1029 1199; baseline -0.002 -13"><span class='ocrx_word' id='word_1_98' title='bbox 398 1149 623 1186; x_wconf 77' lang='lat' dir='ltr'>denominata</span> <span class='ocrx_word' id='word_1_99' title='bbox 650 1164 669 1186; x_wconf 90' lang='lat' dir='ltr'>a</span> <span class='ocrx_word' id='word_1_100' title='bbox 696 1152 833 1186; x_wconf 86' lang='lat' dir='ltr'>nutrice</span> <span class='ocrx_word' id='word_1_101' title='bbox 861 1152 1029 1199; x_wconf 79' lang='lat' dir='ltr'>Aeneae3</span> 
     </span>
    </p>

    <p class='ocr_par' dir='ltr' id='par_1_10' title="bbox 399 1202 1158 1351">
     <span class='ocr_line' id='line_1_22' title="bbox 450 1202 1132 1244; baseline 0.001 -10"><span class='ocrx_word' id='word_1_102' title='bbox 450 1221 851 1230; x_wconf 76' lang='lat'><em>----------</em></span> <span class='ocrx_word' id='word_1_103' title='bbox 880 1215 894 1234; x_wconf 80' lang='lat' dir='ltr'>e</span> <span class='ocrx_word' id='word_1_104' title='bbox 920 1202 956 1235; x_wconf 87' lang='lat' dir='ltr'>di</span> <span class='ocrx_word' id='word_1_105' title='bbox 976 1205 1132 1244; x_wconf 80' lang='lat' dir='ltr'><strong><em>Crotona,</em></strong></span> 
     </span>
     <span class='ocr_line' id='line_1_23' title="bbox 399 1251 1158 1300; baseline 0 -13"><span class='ocrx_word' id='word_1_106' title='bbox 399 1266 486 1300; x_wconf 85' lang='lat' dir='ltr'>quae</span> <span class='ocrx_word' id='word_1_107' title='bbox 514 1251 559 1288; x_wconf 81' lang='lat' dir='ltr'>est</span> <span class='ocrx_word' id='word_1_108' title='bbox 585 1251 726 1288; x_wconf 82' lang='lat' dir='ltr'>Civitas</span> <span class='ocrx_word' id='word_1_109' title='bbox 753 1251 789 1287; x_wconf 88' lang='lat' dir='ltr'>in</span> <span class='ocrx_word' id='word_1_110' title='bbox 819 1261 978 1287; x_wconf 83' lang='lat' dir='ltr'>extremo</span> <span class='ocrx_word' id='word_1_111' title='bbox 1006 1254 1130 1287; x_wconf 85' lang='lat' dir='ltr'>Italiae</span> <span class='ocrx_word' id='word_1_112' title='bbox 1148 1279 1158 1297; x_wconf 90' lang='lat'>‚</span> 
     </span>
     <span class='ocr_line' id='line_1_24' title="bbox 400 1302 875 1351; baseline 0 -13"><span class='ocrx_word' id='word_1_113' title='bbox 400 1302 491 1350; x_wconf 76' lang='lat' dir='ltr'>quasi</span> <span class='ocrx_word' id='word_1_114' title='bbox 521 1303 557 1338; x_wconf 87' lang='lat' dir='ltr'>in</span> <span class='ocrx_word' id='word_1_115' title='bbox 586 1302 714 1351; x_wconf 67' lang='lat' dir='ltr'>punCta</span> <span class='ocrx_word' id='word_1_116' title='bbox 742 1315 875 1338; x_wconf 88' lang='lat' dir='ltr'>cornu:</span> 
     </span>
    </p>

    <p class='ocr_par' dir='ltr' id='par_1_11' title="bbox 399 1356 960 1452">
     <span class='ocr_line' id='line_1_25' title="bbox 450 1356 863 1390; baseline -0.007 0"><span class='ocrx_word' id='word_1_117' title='bbox 450 1356 501 1390; x_wconf 56' lang='lat' dir='ltr'>La</span> <span class='ocrx_word' id='word_1_118' title='bbox 527 1356 606 1388; x_wconf 74' lang='lat' dir='ltr'>dove</span> <span class='ocrx_word' id='word_1_119' title='bbox 631 1374 863 1382; x_wconf 80' lang='lat'><em>------</em></span> 
     </span>
     <span class='ocr_line' id='line_1_26' title="bbox 399 1403 960 1452; baseline -0.005 -11"><span class='ocrx_word' id='word_1_120' title='bbox 399 1404 502 1450; x_wconf 75' lang='lat' dir='ltr'>idest,</span> <span class='ocrx_word' id='word_1_121' title='bbox 532 1404 568 1440; x_wconf 89' lang='lat' dir='ltr'>in</span> <span class='ocrx_word' id='word_1_122' title='bbox 596 1416 663 1451; x_wconf 84' lang='lat' dir='ltr'>qua</span> <span class='ocrx_word' id='word_1_123' title='bbox 691 1413 787 1452; x_wconf 89' lang='lat' dir='ltr'>parte</span> <span class='ocrx_word' id='word_1_124' title='bbox 816 1403 960 1439; x_wconf 84' lang='lat' dir='ltr'>Italiae:</span> 
     </span>
    </p>

    <p class='ocr_par' dir='ltr' id='par_1_12' title="bbox 398 1458 1156 1602">
     <span class='ocr_line' id='line_1_27' title="bbox 491 1458 946 1490; baseline -0.004 0"><span class='ocrx_word' id='word_1_125' title='bbox 491 1477 506 1482; x_wconf 94' lang='lat'>—</span> <span class='ocrx_word' id='word_1_126' title='bbox 533 1477 550 1482; x_wconf 92' lang='lat'>—</span> <span class='ocrx_word' id='word_1_127' title='bbox 576 1475 592 1481; x_wconf 92' lang='lat'><em>-</em></span> <span class='ocrx_word' id='word_1_128' title='bbox 618 1458 734 1490; x_wconf 73' lang='lat' dir='ltr'>Tremo</span> <span class='ocrx_word' id='word_1_129' title='bbox 761 1475 946 1481; x_wconf 74' lang='lat'><em>-----</em></span> 
     </span>
     <span class='ocr_line' id='line_1_28' title="bbox 399 1503 1156 1553; baseline -0.005 -11"><span class='ocrx_word' id='word_1_130' title='bbox 399 1507 459 1553; x_wconf 86' lang='lat' dir='ltr'>qui</span> <span class='ocrx_word' id='word_1_131' title='bbox 502 1506 546 1542; x_wconf 85' lang='lat' dir='ltr'>est</span> <span class='ocrx_word' id='word_1_132' title='bbox 587 1504 716 1540; x_wconf 81' lang='lat' dir='ltr'>fluvius</span> <span class='ocrx_word' id='word_1_133' title='bbox 764 1504 845 1540; x_wconf 86' lang='lat' dir='ltr'>satis</span> <span class='ocrx_word' id='word_1_134' title='bbox 891 1503 1040 1539; x_wconf 85' lang='lat' dir='ltr'>famosus</span> <span class='ocrx_word' id='word_1_135' title='bbox 1068 1503 1156 1547; x_wconf 82' lang='lat' dir='ltr'>apud</span> 
     </span>
     <span class='ocr_line' id='line_1_29' title="bbox 398 1554 1154 1602; baseline -0.004 -10"><span class='ocrx_word' id='word_1_136' title='bbox 398 1557 562 1592; x_wconf 80' lang='lat' dir='ltr'>Esculum</span> <span class='ocrx_word' id='word_1_137' title='bbox 600 1554 802 1591; x_wconf 80' lang='lat' dir='ltr'>Civitatem</span> <span class='ocrx_word' id='word_1_138' title='bbox 847 1554 941 1589; x_wconf 87' lang='lat' dir='ltr'>inter</span> <span class='ocrx_word' id='word_1_139' title='bbox 985 1556 1154 1602; x_wconf 79' lang='lat' dir='ltr'>Apuliam</span> 
     </span>
    </p>
   </div>
   <div class='ocr_carea' id='block_1_6' title="bbox 398 1606 1054 1690">
    <p class='ocr_par' dir='ltr' id='par_1_13' title="bbox 398 1606 1054 1690">
     <span class='ocr_line' id='line_1_30' title="bbox 398 1606 685 1643; baseline -0.017 1"><span class='ocrx_word' id='word_1_140' title='bbox 398 1606 435 1643; x_wconf 62' lang='grc' dir='ltr'>ἃ</span> <span class='ocrx_word' id='word_1_141' title='bbox 464 1606 685 1643; x_wconf 85' lang='lat' dir='ltr'>Marchiam:</span> 
     </span>
     <span class='ocr_line' id='line_1_31' title="bbox 448 1656 1054 1690; baseline -0.005 0"><span class='ocrx_word' id='word_1_142' title='bbox 448 1676 678 1684; x_wconf 90' lang='lat'>——————</span> <span class='ocrx_word' id='word_1_143' title='bbox 705 1669 719 1689; x_wconf 90' lang='lat' dir='ltr'>e</span> <span class='ocrx_word' id='word_1_144' title='bbox 745 1656 842 1690; x_wconf 80' lang='lat' dir='ltr'>Verde</span> <span class='ocrx_word' id='word_1_145' title='bbox 868 1676 883 1681; x_wconf 86' lang='lat'><em>-</em></span> <span class='ocrx_word' id='word_1_146' title='bbox 910 1676 925 1681; x_wconf 92' lang='lat'><em>-</em></span> <span class='ocrx_word' id='word_1_147' title='bbox 953 1676 970 1681; x_wconf 91' lang='lat'><em>-</em></span> <span class='ocrx_word' id='word_1_148' title='bbox 996 1676 1012 1681; x_wconf 96' lang='lat'><em>-</em></span> <span class='ocrx_word' id='word_1_149' title='bbox 1038 1675 1054 1681; x_wconf 89' lang='lat'>—</span> 
     </span>
    </p>
   </div>
   <div class='ocr_carea' id='block_1_7' title="bbox 394 1704 1156 2611">
    <p class='ocr_par' dir='ltr' id='par_1_14' title="bbox 395 1704 1155 1794">
     <span class='ocr_line' id='line_1_32' title="bbox 396 1704 1155 1754; baseline -0.004 -11"><span class='ocrx_word' id='word_1_150' title='bbox 396 1707 486 1744; x_wconf 84' lang='lat' dir='ltr'>alius</span> <span class='ocrx_word' id='word_1_151' title='bbox 515 1706 664 1748; x_wconf 81' lang='lat' dir='ltr'>fluvius,</span> <span class='ocrx_word' id='word_1_152' title='bbox 710 1705 746 1741; x_wconf 87' lang='lat' dir='ltr'>in</span> <span class='ocrx_word' id='word_1_153' title='bbox 775 1718 878 1754; x_wconf 82' lang='lat' dir='ltr'>quem</span> <span class='ocrx_word' id='word_1_154' title='bbox 915 1705 1047 1751; x_wconf 63' lang='lat' dir='ltr'>dejeE’ca</span> <span class='ocrx_word' id='word_1_155' title='bbox 1078 1704 1155 1741; x_wconf 79' lang='lat' dir='ltr'>sunt</span> 
     </span>
     <span class='ocr_line' id='line_1_33' title="bbox 395 1757 695 1794; baseline -0.01 0"><span class='ocrx_word' id='word_1_156' title='bbox 395 1759 463 1794; x_wconf 77' lang='lat' dir='ltr'>offa</span> <span class='ocrx_word' id='word_1_157' title='bbox 491 1757 695 1793; x_wconf 84' lang='lat' dir='ltr'>Manfredi:</span> 
     </span>
    </p>

    <p class='ocr_par' dir='ltr' id='par_1_15' title="bbox 394 1805 1089 1897">
     <span class='ocr_line' id='line_1_34' title="bbox 447 1805 1089 1852; baseline -0.003 -11"><span class='ocrx_word' id='word_1_158' title='bbox 447 1827 763 1834; x_wconf 80' lang='lat'><em>--------</em></span> <span class='ocrx_word' id='word_1_159' title='bbox 790 1806 823 1839; x_wconf 74' lang='lat' dir='ltr'>in</span> <span class='ocrx_word' id='word_1_160' title='bbox 852 1818 934 1840; x_wconf 82' lang='lat' dir='ltr'>mare</span> <span class='ocrx_word' id='word_1_161' title='bbox 954 1805 1089 1852; x_wconf 80' lang='lat' dir='ltr'>[gorga.</span> 
     </span>
     <span class='ocr_line' id='line_1_35' title="bbox 394 1854 1060 1897; baseline -0.006 -4"><span class='ocrx_word' id='word_1_162' title='bbox 394 1858 504 1897; x_wconf 83' lang='lat' dir='ltr'>idest,</span> <span class='ocrx_word' id='word_1_163' title='bbox 533 1857 665 1893; x_wconf 83' lang='lat' dir='ltr'>labitur</span> <span class='ocrx_word' id='word_1_164' title='bbox 691 1857 727 1891; x_wconf 90' lang='lat' dir='ltr'>in</span> <span class='ocrx_word' id='word_1_165' title='bbox 756 1855 858 1890; x_wconf 81' lang='lat' dir='ltr'>Mare</span> <span class='ocrx_word' id='word_1_166' title='bbox 885 1854 1060 1891; x_wconf 85' lang='lat' dir='ltr'>Tuscum:</span> 
     </span>
    </p>

    <p class='ocr_par' dir='ltr' id='par_1_16' title="bbox 395 1907 1156 2611">
     <span class='ocr_line' id='line_1_36' title="bbox 446 1907 952 1955; baseline -0.008 -12"><span class='ocrx_word' id='word_1_167' title='bbox 446 1908 617 1955; x_wconf 77' lang='lat' dir='ltr'>Fulgeamt&#39;</span> <span class='ocrx_word' id='word_1_168' title='bbox 635 1907 694 1954; x_wconf 58' lang='lat' dir='ltr'>gia</span> <span class='ocrx_word' id='word_1_169' title='bbox 721 1926 952 1932; x_wconf 80' lang='lat'>------</span> 
     </span>
     <span class='ocr_line' id='line_1_37' title="bbox 395 1956 1154 1996; baseline -0.007 -1"><span class='ocrx_word' id='word_1_170' title='bbox 395 1959 488 1996; x_wconf 82' lang='lat' dir='ltr'>Heic</span> <span class='ocrx_word' id='word_1_171' title='bbox 525 1959 674 1995; x_wconf 86' lang='lat' dir='ltr'>Carolus</span> <span class='ocrx_word' id='word_1_172' title='bbox 709 1956 874 1992; x_wconf 84' lang='lat' dir='ltr'>describit</span> <span class='ocrx_word' id='word_1_173' title='bbox 911 1956 1055 1991; x_wconf 80' lang='lat' dir='ltr'>tertium</span> <span class='ocrx_word' id='word_1_174' title='bbox 1087 1958 1154 1991; x_wconf 82' lang='lat' dir='ltr'>Re-</span> 
     </span>
     <span class='ocr_line' id='line_1_38' title="bbox 395 2007 1152 2058; baseline -0.005 -13"><span class='ocrx_word' id='word_1_175' title='bbox 395 2023 525 2058; x_wconf 84' lang='lat' dir='ltr'>gnum,</span> <span class='ocrx_word' id='word_1_176' title='bbox 562 2022 580 2044; x_wconf 85' lang='lat' dir='ltr'>a</span> <span class='ocrx_word' id='word_1_177' title='bbox 608 2021 678 2056; x_wconf 91' lang='lat' dir='ltr'>quo</span> <span class='ocrx_word' id='word_1_178' title='bbox 714 2007 958 2042; x_wconf 83' lang='lat' dir='ltr'>denominatus</span> <span class='ocrx_word' id='word_1_179' title='bbox 996 2007 1040 2042; x_wconf 89' lang='lat' dir='ltr'>est</span> <span class='ocrx_word' id='word_1_180' title='bbox 1079 2009 1152 2042; x_wconf 85' lang='lat' dir='ltr'>Rex</span> 
     </span>
     <span class='ocr_line' id='line_1_39' title="bbox 395 2057 1153 2105; baseline -0.005 -9"><span class='ocrx_word' id='word_1_181' title='bbox 395 2062 434 2097; x_wconf 87' lang='lat' dir='ltr'>in</span> <span class='ocrx_word' id='word_1_182' title='bbox 463 2060 562 2100; x_wconf 87' lang='lat' dir='ltr'>vita,</span> <span class='ocrx_word' id='word_1_183' title='bbox 589 2060 623 2095; x_wconf 69' lang='grc' dir='ltr'>δε</span> <span class='ocrx_word' id='word_1_184' title='bbox 652 2058 812 2105; x_wconf 86' lang='lat' dir='ltr'>pervenit</span> <span class='ocrx_word' id='word_1_185' title='bbox 839 2057 879 2092; x_wconf 83' lang='lat' dir='ltr'>ad</span> <span class='ocrx_word' id='word_1_186' title='bbox 908 2070 1029 2093; x_wconf 81' lang='lat' dir='ltr'>manus</span> <span class='ocrx_word' id='word_1_187' title='bbox 1057 2057 1153 2092; x_wconf 89' lang='lat' dir='ltr'>here-</span> 
     </span>
     <span class='ocr_line' id='line_1_40' title="bbox 396 2107 1154 2154; baseline -0.005 -8"><span class='ocrx_word' id='word_1_188' title='bbox 396 2111 449 2146; x_wconf 83' lang='lat' dir='ltr'>dis</span> <span class='ocrx_word' id='word_1_189' title='bbox 486 2110 536 2146; x_wconf 89' lang='lat' dir='ltr'>sui</span> <span class='ocrx_word' id='word_1_190' title='bbox 558 2137 567 2146; x_wconf 86' lang='lat'><strong>.</strong></span> <span class='ocrx_word' id='word_1_191' title='bbox 615 2110 673 2145; x_wconf 83' lang='lat' dir='ltr'>Ad</span> <span class='ocrx_word' id='word_1_192' title='bbox 721 2108 815 2154; x_wconf 89' lang='lat' dir='ltr'>quod</span> <span class='ocrx_word' id='word_1_193' title='bbox 861 2108 906 2143; x_wconf 87' lang='lat' dir='ltr'>est</span> <span class='ocrx_word' id='word_1_194' title='bbox 950 2107 1125 2143; x_wconf 85' lang='lat' dir='ltr'>sciendum</span> <span class='ocrx_word' id='word_1_195' title='bbox 1144 2132 1154 2146; x_wconf 92' lang='lat'><em>‚</em></span> 
     </span>
     <span class='ocr_line' id='line_1_41' title="bbox 396 2157 1154 2209; baseline -0.005 -13"><span class='ocrx_word' id='word_1_196' title='bbox 396 2161 489 2209; x_wconf 83' lang='lat' dir='ltr'>quod</span> <span class='ocrx_word' id='word_1_197' title='bbox 519 2162 667 2196; x_wconf 77' lang='lat' dir='ltr'>Carolus</span> <span class='ocrx_word' id='word_1_198' title='bbox 696 2159 883 2194; x_wconf 79' lang='lat' dir='ltr'>Marrellus</span> <span class='ocrx_word' id='word_1_199' title='bbox 904 2168 1089 2194; x_wconf 79' lang='lat' dir='ltr'>coronatus</span> <span class='ocrx_word' id='word_1_200' title='bbox 1111 2157 1154 2193; x_wconf 84' lang='lat' dir='ltr'>est</span> 
     </span>
     <span class='ocr_line' id='line_1_42' title="bbox 400 2210 1155 2260; baseline -0.007 -12"><span class='ocrx_word' id='word_1_201' title='bbox 400 2215 473 2248; x_wconf 73' lang='lat' dir='ltr'>Rex</span> <span class='ocrx_word' id='word_1_202' title='bbox 503 2211 727 2260; x_wconf 75' lang='lat' dir='ltr'>Hungariae,</span> <span class='ocrx_word' id='word_1_203' title='bbox 769 2210 913 2244; x_wconf 77' lang='lat' dir='ltr'>vivente</span> <span class='ocrx_word' id='word_1_204' title='bbox 941 2219 1057 2257; x_wconf 86' lang='lat' dir='ltr'>patre,</span> <span class='ocrx_word' id='word_1_205' title='bbox 1098 2222 1155 2256; x_wconf 89' lang='lat' dir='ltr'>per</span> 
     </span>
     <span class='ocr_line' id='line_1_43' title="bbox 398 2261 1155 2307; baseline -0.005 -9"><span class='ocrx_word' id='word_1_206' title='bbox 398 2276 505 2298; x_wconf 83' lang='lat' dir='ltr'>unum</span> <span class='ocrx_word' id='word_1_207' title='bbox 547 2261 776 2298; x_wconf 84' lang='lat' dir='ltr'>Cardinalem</span> <span class='ocrx_word' id='word_1_208' title='bbox 817 2262 1013 2307; x_wconf 84' lang='lat' dir='ltr'>Legatum,</span> <span class='ocrx_word' id='word_1_209' title='bbox 1062 2272 1155 2294; x_wconf 87' lang='lat' dir='ltr'>mor-</span> 
     </span>
     <span class='ocr_line' id='line_1_44' title="bbox 398 2309 1154 2360; baseline -0.007 -12"><span class='ocrx_word' id='word_1_210' title='bbox 398 2322 460 2348; x_wconf 82' lang='lat' dir='ltr'>tuo</span> <span class='ocrx_word' id='word_1_211' title='bbox 489 2312 663 2360; x_wconf 86' lang='lat' dir='ltr'>Stephano</span> <span class='ocrx_word' id='word_1_212' title='bbox 692 2313 785 2359; x_wconf 79' lang='lat' dir='ltr'>Rege</span> <span class='ocrx_word' id='word_1_213' title='bbox 823 2310 1045 2358; x_wconf 84' lang='lat' dir='ltr'>Hungariae,</span> <span class='ocrx_word' id='word_1_214' title='bbox 1087 2309 1154 2344; x_wconf 81' lang='lat' dir='ltr'>fine</span> 
     </span>
     <span class='ocr_line' id='line_1_45' title="bbox 399 2359 1155 2409; baseline -0.003 -13"><span class='ocrx_word' id='word_1_215' title='bbox 399 2362 550 2409; x_wconf 77' lang='lat' dir='ltr'>herede3</span> <span class='ocrx_word' id='word_1_216' title='bbox 597 2360 634 2398; x_wconf 87' lang='lat'>&amp;</span> <span class='ocrx_word' id='word_1_217' title='bbox 677 2361 826 2397; x_wconf 78' lang='lat' dir='ltr'>Carolus</span> <span class='ocrx_word' id='word_1_218' title='bbox 869 2362 1019 2395; x_wconf 87' lang='lat' dir='ltr'>Ubertus</span> <span class='ocrx_word' id='word_1_219' title='bbox 1061 2359 1155 2394; x_wconf 80' lang='lat' dir='ltr'>filius</span> 
     </span>
     <span class='ocr_line' id='line_1_46' title="bbox 400 2409 1155 2462; baseline -0.004 -15"><span class='ocrx_word' id='word_1_220' title='bbox 400 2413 472 2462; x_wconf 78' lang='lat' dir='ltr'>ejus</span> <span class='ocrx_word' id='word_1_221' title='bbox 501 2412 657 2448; x_wconf 77' lang='lat' dir='ltr'>obtinuit</span> <span class='ocrx_word' id='word_1_222' title='bbox 688 2414 866 2460; x_wconf 80' lang='lat' dir='ltr'>Regnum.</span> <span class='ocrx_word' id='word_1_223' title='bbox 902 2413 948 2445; x_wconf 85' lang='lat' dir='ltr'>Et</span> <span class='ocrx_word' id='word_1_224' title='bbox 976 2409 1155 2445; x_wconf 78' lang='lat' dir='ltr'>ita-debe-</span> 
     </span>
     <span class='ocr_line' id='line_1_47' title="bbox 400 2460 1154 2508; baseline -0.004 -11"><span class='ocrx_word' id='word_1_225' title='bbox 400 2464 460 2498; x_wconf 87' lang='lat' dir='ltr'>bat</span> <span class='ocrx_word' id='word_1_226' title='bbox 490 2463 664 2498; x_wconf 79' lang='lat' dir='ltr'>succedere</span> <span class='ocrx_word' id='word_1_227' title='bbox 692 2463 728 2497; x_wconf 89' lang='lat' dir='ltr'>in</span> <span class='ocrx_word' id='word_1_228' title='bbox 760 2464 880 2508; x_wconf 81' lang='lat' dir='ltr'>Regno</span> <span class='ocrx_word' id='word_1_229' title='bbox 916 2460 1091 2506; x_wconf 81' lang='lat' dir='ltr'>Apuliae,</span> <span class='ocrx_word' id='word_1_230' title='bbox 1133 2460 1154 2494; x_wconf 84' lang='lat' dir='ltr'>fi</span> 
     </span>
     <span class='ocr_line' id='line_1_48' title="bbox 403 2511 1156 2559; baseline -0.005 -10"><span class='ocrx_word' id='word_1_231' title='bbox 403 2513 576 2549; x_wconf 86' lang='lat' dir='ltr'>Robertus</span> <span class='ocrx_word' id='word_1_232' title='bbox 605 2526 673 2547; x_wconf 84' lang='lat' dir='ltr'>non</span> <span class='ocrx_word' id='word_1_233' title='bbox 702 2511 892 2547; x_wconf 67' lang='lat' dir='ltr'>exclusisset</span> <span class='ocrx_word' id='word_1_234' title='bbox 928 2523 1035 2559; x_wconf 63' lang='lat' dir='ltr'>eumg</span> <span class='ocrx_word' id='word_1_235' title='bbox 1077 2511 1156 2545; x_wconf 78' lang='lat' dir='ltr'>ideo</span> 
     </span>
     <span class='ocr_line' id='line_1_49' title="bbox 400 2557 1155 2611; baseline -0.003 -13"><span class='ocrx_word' id='word_1_236' title='bbox 400 2557 593 2611; x_wconf 22' lang='lat' dir='ltr'>*nimquam</span> <span class='ocrx_word' id='word_1_237' title='bbox 621 2562 688 2598; x_wconf 85' lang='lat' dir='ltr'>fuit</span> <span class='ocrx_word' id='word_1_238' title='bbox 715 2570 919 2600; x_wconf 79' lang='lat' dir='ltr'>contentus.</span> <span class='ocrx_word' id='word_1_239' title='bbox 947 2561 1018 2597; x_wconf 83' lang='lat' dir='ltr'>Hic</span> <span class='ocrx_word' id='word_1_240' title='bbox 1040 2561 1155 2598; x_wconf 77' lang='lat' dir='ltr'>Uber-—</span> 
     </span>
    </p>
   </div>
   <div class='ocr_carea' id='block_1_8' title="bbox 1180 2345 1188 2607">
    <p class='ocr_par' dir='ltr' id='par_1_17' title="bbox 1180 2345 1188 2607">
     <span class='ocr_line' id='line_1_50' title="bbox 1180 2345 1188 2607; baseline 0 498"><span class='ocrx_word' id='word_1_241' title='bbox 1180 2345 1188 2607; x_wconf 95' lang='lat' dir='ltr'> </span> 
     </span>
    </p>
   </div>
   <div class='ocr_carea' id='block_1_9' title="bbox 1198 340 2029 2455">
    <p class='ocr_par' dir='ltr' id='par_1_18' title="bbox 1198 340 2029 1348">
     <span class='ocr_line' id='line_1_51' title="bbox 1267 340 2024 391; baseline 0.007 -16"><span class='ocrx_word' id='word_1_242' title='bbox 1267 340 1389 376; x_wconf 77' lang='lat' dir='ltr'>nffimi</span> <span class='ocrx_word' id='word_1_243' title='bbox 1421 343 1523 390; x_wconf 56' lang='lat' dir='ltr'>Regis</span> <span class='ocrx_word' id='word_1_244' title='bbox 1552 345 1775 389; x_wconf 65' lang='lat' dir='ltr'>flung-ariae,</span> <span class='ocrx_word' id='word_1_245' title='bbox 1813 344 1875 391; x_wconf 77' lang='lat' dir='ltr'>qui</span> <span class='ocrx_word' id='word_1_246' title='bbox 1902 345 2024 380; x_wconf 84' lang='lat' dir='ltr'>diebus</span> 
     </span>
     <span class='ocr_line' id='line_1_52' title="bbox 1268 392 2025 443; baseline 0.007 -17"><span class='ocrx_word' id='word_1_247' title='bbox 1268 392 1389 428; x_wconf 82' lang='lat' dir='ltr'>nostrs</span> <span class='ocrx_word' id='word_1_248' title='bbox 1416 405 1529 428; x_wconf 80' lang='lat' dir='ltr'>tenuit</span> <span class='ocrx_word' id='word_1_249' title='bbox 1559 398 1668 428; x_wconf 62' lang='lat' dir='ltr'>mulsa</span> <span class='ocrx_word' id='word_1_250' title='bbox 1699 396 1838 443; x_wconf 81' lang='lat' dir='ltr'>Regna.</span> <span class='ocrx_word' id='word_1_251' title='bbox 1875 397 2025 431; x_wconf 81' lang='lat' dir='ltr'>Martel-</span> 
     </span>
     <span class='ocr_line' id='line_1_53' title="bbox 1268 443 2029 494; baseline 0.007 -18"><span class='ocrx_word' id='word_1_252' title='bbox 1268 443 1320 477; x_wconf 88' lang='lat' dir='ltr'>lus</span> <span class='ocrx_word' id='word_1_253' title='bbox 1348 455 1461 479; x_wconf 80' lang='lat' dir='ltr'>autem</span> <span class='ocrx_word' id='word_1_254' title='bbox 1491 447 1655 480; x_wconf 69' lang='lat' dir='ltr'>deltrlblt</span> <span class='ocrx_word' id='word_1_255' title='bbox 1687 447 1842 493; x_wconf 82' lang='lat' dir='ltr'>Regnum</span> <span class='ocrx_word' id='word_1_256' title='bbox 1880 448 2029 494; x_wconf 85' lang='lat' dir='ltr'>Hunga-</span> 
     </span>
     <span class='ocr_line' id='line_1_54' title="bbox 1268 493 2028 532; baseline 0.005 -4"><span class='ocrx_word' id='word_1_257' title='bbox 1268 493 1338 528; x_wconf 78' lang='lat' dir='ltr'>riae</span> <span class='ocrx_word' id='word_1_258' title='bbox 1365 496 1475 530; x_wconf 73' lang='lat' dir='ltr'>iolum</span> <span class='ocrx_word' id='word_1_259' title='bbox 1505 496 1546 530; x_wconf 87' lang='lat' dir='ltr'>ab</span> <span class='ocrx_word' id='word_1_260' title='bbox 1575 508 1643 530; x_wconf 88' lang='lat' dir='ltr'>uno</span> <span class='ocrx_word' id='word_1_261' title='bbox 1666 494 1833 532; x_wconf 83' lang='lat' dir='ltr'>flumine.</span> <span class='ocrx_word' id='word_1_262' title='bbox 1863 498 1938 531; x_wconf 88' lang='lat' dir='ltr'>Nec</span> <span class='ocrx_word' id='word_1_263' title='bbox 1961 497 2028 532; x_wconf 87' lang='lat' dir='ltr'>mi-</span> 
     </span>
     <span class='ocr_line' id='line_1_55' title="bbox 1268 546 2027 594; baseline 0.005 -16"><span class='ocrx_word' id='word_1_264' title='bbox 1268 557 1342 579; x_wconf 87' lang='lat' dir='ltr'>rum</span> <span class='ocrx_word' id='word_1_265' title='bbox 1363 573 1372 586; x_wconf 81' lang='lat'>,</span> <span class='ocrx_word' id='word_1_266' title='bbox 1409 547 1490 592; x_wconf 88' lang='lat' dir='ltr'>quia</span> <span class='ocrx_word' id='word_1_267' title='bbox 1534 548 1649 580; x_wconf 85' lang='lat' dir='ltr'>nullus</span> <span class='ocrx_word' id='word_1_268' title='bbox 1679 547 1806 582; x_wconf 78' lang='lat' dir='ltr'>fluvius</span> <span class='ocrx_word' id='word_1_269' title='bbox 1843 546 1889 582; x_wconf 82' lang='lat' dir='ltr'>est</span> <span class='ocrx_word' id='word_1_270' title='bbox 1916 548 2027 594; x_wconf 79' lang='lat' dir='ltr'>major</span> 
     </span>
     <span class='ocr_line' id='line_1_56' title="bbox 1268 593 2027 637; baseline 0.008 -10"><span class='ocrx_word' id='word_1_271' title='bbox 1268 593 1304 628; x_wconf 86' lang='lat' dir='ltr'>in</span> <span class='ocrx_word' id='word_1_272' title='bbox 1351 605 1430 628; x_wconf 61' lang='lat' dir='ltr'>tono</span> <span class='ocrx_word' id='word_1_273' title='bbox 1476 597 1568 629; x_wconf 84' lang='lat' dir='ltr'>Orbe</span> <span class='ocrx_word' id='word_1_274' title='bbox 1614 596 1858 637; x_wconf 32' lang='lat' dir='ltr'>occidentali,</span> <span class='ocrx_word' id='word_1_275' title='bbox 1909 600 2027 634; x_wconf 80' lang='lat' dir='ltr'>nullus</span> 
     </span>
     <span class='ocr_line' id='line_1_57' title="bbox 1269 644 2024 690; baseline 0.009 -13"><span class='ocrx_word' id='word_1_276' title='bbox 1269 644 1372 679; x_wconf 86' lang='lat' dir='ltr'>habet</span> <span class='ocrx_word' id='word_1_277' title='bbox 1392 645 1587 690; x_wconf 83' lang='lat' dir='ltr'>longiorem</span> <span class='ocrx_word' id='word_1_278' title='bbox 1610 647 1766 690; x_wconf 83' lang='lat' dir='ltr'>cursum,</span> <span class='ocrx_word' id='word_1_279' title='bbox 1791 649 1908 683; x_wconf 86' lang='lat' dir='ltr'>nullus</span> <span class='ocrx_word' id='word_1_280' title='bbox 1931 658 2024 683; x_wconf 85' lang='lat' dir='ltr'>tran-</span> 
     </span>
     <span class='ocr_line' id='line_1_58' title="bbox 1269 694 2026 745; baseline 0.008 -17"><span class='ocrx_word' id='word_1_281' title='bbox 1269 694 1308 728; x_wconf 74' lang='lat' dir='ltr'>sit</span> <span class='ocrx_word' id='word_1_282' title='bbox 1338 708 1395 741; x_wconf 88' lang='lat' dir='ltr'>per</span> <span class='ocrx_word' id='word_1_283' title='bbox 1422 705 1477 728; x_wconf 85' lang='lat' dir='ltr'>tot</span> <span class='ocrx_word' id='word_1_284' title='bbox 1504 705 1664 730; x_wconf 84' lang='lat' dir='ltr'>nationes</span> <span class='ocrx_word' id='word_1_285' title='bbox 1691 697 1869 741; x_wconf 75' lang='lat' dir='ltr'>diversas,</span> <span class='ocrx_word' id='word_1_286' title='bbox 1897 699 1957 745; x_wconf 91' lang='lat' dir='ltr'>qui</span> <span class='ocrx_word' id='word_1_287' title='bbox 1986 712 2026 744; x_wconf 86' lang='lat' dir='ltr'>o-</span> 
     </span>
     <span class='ocr_line' id='line_1_59' title="bbox 1204 744 2025 790; baseline 0.006 -12"><span class='ocrx_word' id='word_1_288' title='bbox 1204 750 1230 784; x_wconf 77' lang='lat' dir='ltr'>ss</span> <span class='ocrx_word' id='word_1_289' title='bbox 1269 744 1358 778; x_wconf 85' lang='lat' dir='ltr'>ritur</span> <span class='ocrx_word' id='word_1_290' title='bbox 1386 744 1422 778; x_wconf 89' lang='lat' dir='ltr'>in</span> <span class='ocrx_word' id='word_1_291' title='bbox 1453 745 1604 790; x_wconf 83' lang='lat' dir='ltr'>Alpibus</span> <span class='ocrx_word' id='word_1_292' title='bbox 1641 747 1871 789; x_wconf 77' lang='lat' dir='ltr'>Germaniae,</span> <span class='ocrx_word' id='word_1_293' title='bbox 1913 749 1947 781; x_wconf 78' lang='grc' dir='ltr'>ὃ(</span> <span class='ocrx_word' id='word_1_294' title='bbox 1975 750 2025 784; x_wconf 84' lang='lat' dir='ltr'>la-</span> 
     </span>
     <span class='ocr_line' id='line_1_60' title="bbox 1272 794 2026 841; baseline 0.007 -13"><span class='ocrx_word' id='word_1_295' title='bbox 1272 794 1367 828; x_wconf 72' lang='lat' dir='ltr'>bitur</span> <span class='ocrx_word' id='word_1_296' title='bbox 1395 807 1452 841; x_wconf 91' lang='lat' dir='ltr'>per</span> <span class='ocrx_word' id='word_1_297' title='bbox 1489 794 1665 829; x_wconf 86' lang='lat' dir='ltr'>Austriam</span> <span class='ocrx_word' id='word_1_298' title='bbox 1708 794 1744 829; x_wconf 88' lang='lat' dir='ltr'>in</span> <span class='ocrx_word' id='word_1_299' title='bbox 1786 798 2026 838; x_wconf 79' lang='lat' dir='ltr'>Alemannia,</span> 
     </span>
     <span class='ocr_line' id='line_1_61' title="bbox 1270 844 2027 893; baseline 0.008 -15"><span class='ocrx_word' id='word_1_300' title='bbox 1270 844 1393 880; x_wconf 90' lang='lat' dir='ltr'>deinde</span> <span class='ocrx_word' id='word_1_301' title='bbox 1423 857 1481 893; x_wconf 86' lang='lat' dir='ltr'>per</span> <span class='ocrx_word' id='word_1_302' title='bbox 1510 847 1751 893; x_wconf 78' lang='lat' dir='ltr'>Hungariam,</span> <span class='ocrx_word' id='word_1_303' title='bbox 1779 846 1971 887; x_wconf 70' lang='lat' dir='ltr'>Moesiam,</span> <span class='ocrx_word' id='word_1_304' title='bbox 1993 849 2027 884; x_wconf 71' lang='grc' dir='ltr'>ὃς</span> 
     </span>
     <span class='ocr_line' id='line_1_62' title="bbox 1270 895 2028 938; baseline 0.007 -9"><span class='ocrx_word' id='word_1_305' title='bbox 1270 895 1544 930; x_wconf 72' lang='lat' dir='ltr'>innumerabiles</span> <span class='ocrx_word' id='word_1_306' title='bbox 1565 909 1683 938; x_wconf 68' lang='lat' dir='ltr'>gentes</span> <span class='ocrx_word' id='word_1_307' title='bbox 1709 895 1930 934; x_wconf 81' lang='lat' dir='ltr'>infidelium.</span> <span class='ocrx_word' id='word_1_308' title='bbox 1961 901 2028 934; x_wconf 87' lang='lat' dir='ltr'>Re-</span> 
     </span>
     <span class='ocr_line' id='line_1_63' title="bbox 1271 945 2026 997; baseline 0.007 -18"><span class='ocrx_word' id='word_1_309' title='bbox 1271 946 1358 994; x_wconf 90' lang='lat' dir='ltr'>cipit</span> <span class='ocrx_word' id='word_1_310' title='bbox 1387 945 1423 980; x_wconf 87' lang='lat' dir='ltr'>in</span> <span class='ocrx_word' id='word_1_311' title='bbox 1454 945 1483 980; x_wconf 86' lang='lat' dir='ltr'>se</span> <span class='ocrx_word' id='word_1_312' title='bbox 1512 945 1689 994; x_wconf 82' lang='lat' dir='ltr'>sexaginta</span> <span class='ocrx_word' id='word_1_313' title='bbox 1712 946 1856 983; x_wconf 86' lang='lat' dir='ltr'>flumina</span> <span class='ocrx_word' id='word_1_314' title='bbox 1879 961 2026 997; x_wconf 80' lang='lat' dir='ltr'>magna,</span> 
     </span>
     <span class='ocr_line' id='line_1_64' title="bbox 1269 995 2026 1045; baseline 0.005 -15"><span class='ocrx_word' id='word_1_315' title='bbox 1269 996 1303 1030; x_wconf 89' lang='lat'>&amp;</span> <span class='ocrx_word' id='word_1_316' title='bbox 1333 1009 1391 1043; x_wconf 86' lang='lat' dir='ltr'>per</span> <span class='ocrx_word' id='word_1_317' title='bbox 1419 995 1474 1032; x_wconf 84' lang='lat' dir='ltr'>sex</span> <span class='ocrx_word' id='word_1_318' title='bbox 1506 998 1560 1031; x_wconf 87' lang='lat' dir='ltr'>vel</span> <span class='ocrx_word' id='word_1_319' title='bbox 1589 998 1717 1045; x_wconf 80' lang='lat' dir='ltr'>septem</span> <span class='ocrx_word' id='word_1_320' title='bbox 1746 998 1830 1033; x_wconf 81' lang='lat' dir='ltr'>ostia</span> <span class='ocrx_word' id='word_1_321' title='bbox 1858 999 1967 1034; x_wconf 83' lang='lat' dir='ltr'>intrat</span> <span class='ocrx_word' id='word_1_322' title='bbox 1989 999 2026 1034; x_wconf 78' lang='lat' dir='ltr'>in</span> 
     </span>
     <span class='ocr_line' id='line_1_65' title="bbox 1272 1046 2026 1098; baseline 0.007 -18"><span class='ocrx_word' id='word_1_323' title='bbox 1272 1048 1445 1089; x_wconf 82' lang='lat' dir='ltr'>Pontum,</span> <span class='ocrx_word' id='word_1_324' title='bbox 1475 1046 1558 1082; x_wconf 88' lang='lat' dir='ltr'>idest</span> <span class='ocrx_word' id='word_1_325' title='bbox 1585 1047 1621 1083; x_wconf 88' lang='lat' dir='ltr'>in</span> <span class='ocrx_word' id='word_1_326' title='bbox 1649 1050 1750 1084; x_wconf 85' lang='lat' dir='ltr'>Mare</span> <span class='ocrx_word' id='word_1_327' title='bbox 1769 1049 1898 1098; x_wconf 83' lang='lat' dir='ltr'>majus.</span> <span class='ocrx_word' id='word_1_328' title='bbox 1927 1051 2026 1094; x_wconf 80' lang='lat' dir='ltr'>Quo-</span> 
     </span>
     <span class='ocr_line' id='line_1_66' title="bbox 1269 1098 2024 1148; baseline 0.005 -17"><span class='ocrx_word' id='word_1_329' title='bbox 1269 1110 1344 1131; x_wconf 86' lang='lat' dir='ltr'>rum</span> <span class='ocrx_word' id='word_1_330' title='bbox 1388 1108 1538 1145; x_wconf 84' lang='lat' dir='ltr'>quatuor</span> <span class='ocrx_word' id='word_1_331' title='bbox 1579 1098 1745 1135; x_wconf 85' lang='lat' dir='ltr'>dicuntur</span> <span class='ocrx_word' id='word_1_332' title='bbox 1784 1100 2024 1148; x_wconf 74' lang='lat' dir='ltr'>navigabilia.</span> 
     </span>
     <span class='ocr_line' id='line_1_67' title="bbox 1269 1148 1985 1198; baseline 0.004 -16"><span class='ocrx_word' id='word_1_333' title='bbox 1269 1149 1402 1194; x_wconf 89' lang='lat' dir='ltr'>reliqua</span> <span class='ocrx_word' id='word_1_334' title='bbox 1431 1161 1520 1185; x_wconf 91' lang='lat' dir='ltr'>non.</span> <span class='ocrx_word' id='word_1_335' title='bbox 1557 1148 1657 1184; x_wconf 89' lang='lat' dir='ltr'>Dicit</span> <span class='ocrx_word' id='word_1_336' title='bbox 1684 1163 1766 1198; x_wconf 82' lang='lat' dir='ltr'>ergo</span> <span class='ocrx_word' id='word_1_337' title='bbox 1792 1150 1829 1185; x_wconf 89' lang='lat' dir='ltr'>in</span> <span class='ocrx_word' id='word_1_338' title='bbox 1858 1152 1985 1186; x_wconf 88' lang='lat' dir='ltr'>litera:</span> 
     </span>
     <span class='ocr_line' id='line_1_68' title="bbox 1198 1200 1968 1248; baseline 0.005 -17"><span class='ocrx_word' id='word_1_339' title='bbox 1198 1200 1229 1237; x_wconf 83' lang='lat' dir='ltr'>C</span> <span class='ocrx_word' id='word_1_340' title='bbox 1320 1200 1491 1246; x_wconf 77' lang='lat' dir='ltr'>Fulgeamt&#39;</span> <span class='ocrx_word' id='word_1_341' title='bbox 1513 1202 1573 1248; x_wconf 64' lang='lat' dir='ltr'>git)</span> <span class='ocrx_word' id='word_1_342' title='bbox 1601 1201 1633 1233; x_wconf 85' lang='lat' dir='ltr'>in</span> <span class='ocrx_word' id='word_1_343' title='bbox 1656 1201 1761 1244; x_wconf 75' lang='lat' dir='ltr'>fronte</span> <span class='ocrx_word' id='word_1_344' title='bbox 1786 1202 1820 1234; x_wconf 87' lang='lat' dir='ltr'>la</span> <span class='ocrx_word' id='word_1_345' title='bbox 1846 1204 1968 1235; x_wconf 79' lang='lat' dir='ltr'>Corona</span> 
     </span>
     <span class='ocr_line' id='line_1_69' title="bbox 1268 1248 2025 1300; baseline 0.008 -19"><span class='ocrx_word' id='word_1_346' title='bbox 1268 1248 1353 1283; x_wconf 57' lang='lat' dir='ltr'>litet</span> <span class='ocrx_word' id='word_1_347' title='bbox 1399 1250 1540 1297; x_wconf 87' lang='lat' dir='ltr'>quidam</span> <span class='ocrx_word' id='word_1_348' title='bbox 1589 1250 1796 1286; x_wconf 81' lang='lat' dir='ltr'>Andreasius</span> <span class='ocrx_word' id='word_1_349' title='bbox 1847 1251 1888 1286; x_wconf 91' lang='lat' dir='ltr'>de</span> <span class='ocrx_word' id='word_1_350' title='bbox 1925 1251 2025 1300; x_wconf 86' lang='lat' dir='ltr'>stirpe</span> 
     </span>
     <span class='ocr_line' id='line_1_70' title="bbox 1270 1301 1938 1348; baseline 0.004 -15"><span class='ocrx_word' id='word_1_351' title='bbox 1270 1301 1472 1346; x_wconf 78' lang='lat' dir='ltr'>Hungariae</span> <span class='ocrx_word' id='word_1_352' title='bbox 1499 1302 1725 1346; x_wconf 84' lang='lat' dir='ltr'>occupaverit</span> <span class='ocrx_word' id='word_1_353' title='bbox 1753 1304 1938 1348; x_wconf 71' lang='lat' dir='ltr'>Regnum:</span> 
     </span>
    </p>

    <p class='ocr_par' dir='ltr' id='par_1_19' title="bbox 1268 1352 1862 1451">
     <span class='ocr_line' id='line_1_71' title="bbox 1320 1352 1862 1397; baseline 0.006 -13"><span class='ocrx_word' id='word_1_354' title='bbox 1320 1352 1366 1384; x_wconf 86' lang='lat' dir='ltr'>Di</span> <span class='ocrx_word' id='word_1_355' title='bbox 1392 1352 1497 1397; x_wconf 79' lang='lat' dir='ltr'>quella</span> <span class='ocrx_word' id='word_1_356' title='bbox 1523 1356 1647 1394; x_wconf 81' lang='lat' dir='ltr'>Terra,</span> <span class='ocrx_word' id='word_1_357' title='bbox 1675 1372 1862 1379; x_wconf 77' lang='lat'><strong>-----</strong></span> 
     </span>
     <span class='ocr_line' id='line_1_72' title="bbox 1268 1398 1678 1451; baseline 0.007 -17"><span class='ocrx_word' id='word_1_358' title='bbox 1268 1398 1425 1444; x_wconf 88' lang='lat' dir='ltr'>scilicet,</span> <span class='ocrx_word' id='word_1_359' title='bbox 1454 1402 1678 1451; x_wconf 79' lang='lat' dir='ltr'>Hungariae:</span> 
     </span>
    </p>

    <p class='ocr_par' dir='ltr' id='par_1_20' title="bbox 1264 1451 2024 1595">
     <span class='ocr_line' id='line_1_73' title="bbox 1320 1451 1977 1498; baseline 0.003 -13"><span class='ocrx_word' id='word_1_360' title='bbox 1320 1470 1550 1479; x_wconf 84' lang='lat'><strong>------</strong></span> <span class='ocrx_word' id='word_1_361' title='bbox 1575 1453 1626 1487; x_wconf 84' lang='lat' dir='ltr'>che</span> <span class='ocrx_word' id='word_1_362' title='bbox 1645 1451 1669 1485; x_wconf 79' lang='lat' dir='ltr'>’l</span> <span class='ocrx_word' id='word_1_363' title='bbox 1696 1451 1846 1487; x_wconf 75' lang='lat' dir='ltr'>Danubio</span> <span class='ocrx_word' id='word_1_364' title='bbox 1872 1453 1944 1498; x_wconf 72' lang='lat' dir='ltr'>riga</span> <span class='ocrx_word' id='word_1_365' title='bbox 1956 1467 1977 1496; x_wconf 75' lang='lat'>,-</span> 
     </span>
     <span class='ocr_line' id='line_1_74' title="bbox 1267 1499 2024 1546; baseline 0.004 -13"><span class='ocrx_word' id='word_1_366' title='bbox 1267 1499 1328 1546; x_wconf 89' lang='lat' dir='ltr'>qui</span> <span class='ocrx_word' id='word_1_367' title='bbox 1357 1500 1428 1534; x_wconf 87' lang='lat' dir='ltr'>alio</span> <span class='ocrx_word' id='word_1_368' title='bbox 1457 1502 1599 1536; x_wconf 88' lang='lat' dir='ltr'>nomine</span> <span class='ocrx_word' id='word_1_369' title='bbox 1626 1500 1758 1536; x_wconf 79' lang='lat' dir='ltr'>dicitur</span> <span class='ocrx_word' id='word_1_370' title='bbox 1784 1502 1922 1536; x_wconf 85' lang='lat' dir='ltr'>Hister.</span> <span class='ocrx_word' id='word_1_371' title='bbox 1961 1503 2024 1536; x_wconf 76' lang='lat' dir='ltr'>Ri-</span> 
     </span>
     <span class='ocr_line' id='line_1_75' title="bbox 1264 1550 1653 1595; baseline 0.005 -13"><span class='ocrx_word' id='word_1_372' title='bbox 1264 1563 1330 1595; x_wconf 81' lang='lat' dir='ltr'>ga,</span> <span class='ocrx_word' id='word_1_373' title='bbox 1358 1550 1461 1589; x_wconf 85' lang='lat' dir='ltr'>idest,</span> <span class='ocrx_word' id='word_1_374' title='bbox 1491 1552 1653 1586; x_wconf 83' lang='lat' dir='ltr'>balneat:</span> 
     </span>
    </p>

    <p class='ocr_par' dir='ltr' id='par_1_21' title="bbox 1319 1600 2024 1648">
     <span class='ocr_line' id='line_1_76' title="bbox 1319 1600 2024 1648; baseline 0.006 -15"><span class='ocrx_word' id='word_1_375' title='bbox 1319 1600 1379 1633; x_wconf 85' lang='lat' dir='ltr'>Poi</span> <span class='ocrx_word' id='word_1_376' title='bbox 1405 1601 1455 1634; x_wconf 78' lang='lat' dir='ltr'>che</span> <span class='ocrx_word' id='word_1_377' title='bbox 1481 1602 1510 1635; x_wconf 81' lang='lat' dir='ltr'>le</span> <span class='ocrx_word' id='word_1_378' title='bbox 1536 1603 1601 1648; x_wconf 77' lang='lat' dir='ltr'>ripe</span> <span class='ocrx_word' id='word_1_379' title='bbox 1637 1601 1784 1645; x_wconf 78' lang='lat' dir='ltr'>Tedescbe</span> <span class='ocrx_word' id='word_1_380' title='bbox 1819 1603 2024 1640; x_wconf 81' lang='lat' dir='ltr'>abbandona.</span> 
     </span>
    </p>

    <p class='ocr_par' dir='ltr' id='par_1_22' title="bbox 1198 1649 2027 2393">
     <span class='ocr_line' id='line_1_77' title="bbox 1198 1649 1873 1697; baseline 0.001 -12"><span class='ocrx_word' id='word_1_381' title='bbox 1198 1652 1230 1685; x_wconf 92' lang='lat' dir='ltr'>D</span> <span class='ocrx_word' id='word_1_382' title='bbox 1267 1649 1372 1692; x_wconf 85' lang='lat' dir='ltr'>idest,</span> <span class='ocrx_word' id='word_1_383' title='bbox 1401 1652 1634 1686; x_wconf 87' lang='lat' dir='ltr'>Alemanniae</span> <span class='ocrx_word' id='word_1_384' title='bbox 1663 1651 1873 1697; x_wconf 84' lang='lat' dir='ltr'>superioris:</span> 
     </span>
     <span class='ocr_line' id='line_1_78' title="bbox 1320 1701 1912 1744; baseline 0.003 -11"><span class='ocrx_word' id='word_1_385' title='bbox 1320 1703 1352 1733; x_wconf 85' lang='lat' dir='ltr'><em>E</em></span> <span class='ocrx_word' id='word_1_386' title='bbox 1378 1701 1412 1734; x_wconf 85' lang='lat' dir='ltr'>la</span> <span class='ocrx_word' id='word_1_387' title='bbox 1439 1702 1521 1735; x_wconf 81' lang='lat' dir='ltr'>bella</span> <span class='ocrx_word' id='word_1_388' title='bbox 1547 1702 1715 1735; x_wconf 80' lang='lat' dir='ltr'>Trinacria</span> <span class='ocrx_word' id='word_1_389' title='bbox 1731 1728 1741 1744; x_wconf 90' lang='lat'>‚</span> <span class='ocrx_word' id='word_1_390' title='bbox 1768 1721 1784 1727; x_wconf 89' lang='lat'>-·</span> <span class='ocrx_word' id='word_1_391' title='bbox 1810 1721 1827 1728; x_wconf 85' lang='lat'><em>-</em></span> <span class='ocrx_word' id='word_1_392' title='bbox 1853 1722 1869 1728; x_wconf 94' lang='lat'>-</span> <span class='ocrx_word' id='word_1_393' title='bbox 1897 1723 1912 1728; x_wconf 94' lang='lat'><em>-</em></span> 
     </span>
     <span class='ocr_line' id='line_1_79' title="bbox 1271 1749 2026 1799; baseline 0.005 -16"><span class='ocrx_word' id='word_1_394' title='bbox 1271 1750 1362 1784; x_wconf 81' lang='lat' dir='ltr'>Heic</span> <span class='ocrx_word' id='word_1_395' title='bbox 1409 1749 1598 1786; x_wconf 59' lang='lat' dir='ltr'>h‘larrellus</span> <span class='ocrx_word' id='word_1_396' title='bbox 1647 1749 1812 1786; x_wconf 83' lang='lat' dir='ltr'>describit</span> <span class='ocrx_word' id='word_1_397' title='bbox 1862 1760 2026 1799; x_wconf 79' lang='lat' dir='ltr'>quartum</span> 
     </span>
     <span class='ocr_line' id='line_1_80' title="bbox 1271 1800 2027 1850; baseline 0.005 -17"><span class='ocrx_word' id='word_1_398' title='bbox 1271 1802 1451 1847; x_wconf 79' lang='lat' dir='ltr'>Regnum,</span> <span class='ocrx_word' id='word_1_399' title='bbox 1480 1802 1572 1850; x_wconf 86' lang='lat' dir='ltr'>quod</span> <span class='ocrx_word' id='word_1_400' title='bbox 1600 1801 1660 1836; x_wconf 81' lang='lat' dir='ltr'>fibi</span> <span class='ocrx_word' id='word_1_401' title='bbox 1689 1800 1730 1836; x_wconf 85' lang='lat' dir='ltr'>de</span> <span class='ocrx_word' id='word_1_402' title='bbox 1766 1802 1840 1850; x_wconf 89' lang='lat' dir='ltr'>jure</span> <span class='ocrx_word' id='word_1_403' title='bbox 1881 1803 2027 1837; x_wconf 76' lang='lat' dir='ltr'>debeba-</span> 
     </span>
     <span class='ocr_line' id='line_1_81' title="bbox 1268 1851 2024 1900; baseline 0.005 -16"><span class='ocrx_word' id='word_1_404' title='bbox 1268 1860 1326 1884; x_wconf 83' lang='lat' dir='ltr'>tur</span> <span class='ocrx_word' id='word_1_405' title='bbox 1351 1851 1384 1884; x_wconf 78' lang='grc' dir='ltr'>ὅ(</span> <span class='ocrx_word' id='word_1_406' title='bbox 1423 1851 1604 1887; x_wconf 84' lang='lat' dir='ltr'>heredibus</span> <span class='ocrx_word' id='word_1_407' title='bbox 1632 1851 1722 1895; x_wconf 84' lang='lat' dir='ltr'>suis,</span> <span class='ocrx_word' id='word_1_408' title='bbox 1763 1851 1824 1887; x_wconf 80' lang='lat' dir='ltr'>nifi</span> <span class='ocrx_word' id='word_1_409' title='bbox 1867 1863 2024 1900; x_wconf 83' lang='lat' dir='ltr'>ereptum</span> 
     </span>
     <span class='ocr_line' id='line_1_82' title="bbox 1268 1899 2024 1939; baseline 0.005 -5"><span class='ocrx_word' id='word_1_410' title='bbox 1268 1899 1383 1935; x_wconf 72' lang='lat' dir='ltr'>fuisset</span> <span class='ocrx_word' id='word_1_411' title='bbox 1410 1902 1451 1937; x_wconf 92' lang='lat' dir='ltr'>de</span> <span class='ocrx_word' id='word_1_412' title='bbox 1479 1901 1571 1938; x_wconf 54' lang='lat' dir='ltr'>fabio</span> <span class='ocrx_word' id='word_1_413' title='bbox 1598 1904 1729 1938; x_wconf 87' lang='lat' dir='ltr'>Carolo</span> <span class='ocrx_word' id='word_1_414' title='bbox 1758 1904 1784 1937; x_wconf 93' lang='grc' dir='ltr'>Ι.</span> <span class='ocrx_word' id='word_1_415' title='bbox 1814 1905 1898 1938; x_wconf 85' lang='grc' dir='ltr'>Ανο</span> <span class='ocrx_word' id='word_1_416' title='bbox 1938 1902 2024 1939; x_wconf 74' lang='lat' dir='ltr'>suo·</span> 
     </span>
     <span class='ocr_line' id='line_1_83' title="bbox 1269 1951 2026 1989; baseline 0.004 -4"><span class='ocrx_word' id='word_1_417' title='bbox 1269 1953 1316 1986; x_wconf 83' lang='lat' dir='ltr'>Et</span> <span class='ocrx_word' id='word_1_418' title='bbox 1342 1951 1506 1988; x_wconf 82' lang='lat' dir='ltr'>describit</span> <span class='ocrx_word' id='word_1_419' title='bbox 1534 1952 1722 1989; x_wconf 77' lang='lat' dir='ltr'>artificiose</span> <span class='ocrx_word' id='word_1_420' title='bbox 1751 1953 1900 1988; x_wconf 87' lang='lat' dir='ltr'>Insulam</span> <span class='ocrx_word' id='word_1_421' title='bbox 1937 1953 2026 1989; x_wconf 87' lang='lat' dir='ltr'>Sici·</span> 
     </span>
     <span class='ocr_line' id='line_1_84' title="bbox 1269 2001 2025 2052; baseline 0.003 -16"><span class='ocrx_word' id='word_1_422' title='bbox 1269 2001 1336 2036; x_wconf 82' lang='lat' dir='ltr'>liae</span> <span class='ocrx_word' id='word_1_423' title='bbox 1364 2015 1382 2036; x_wconf 91' lang='lat' dir='ltr'>a</span> <span class='ocrx_word' id='word_1_424' title='bbox 1410 2002 1567 2038; x_wconf 79' lang='lat' dir='ltr'>mirabili</span> <span class='ocrx_word' id='word_1_425' title='bbox 1612 2003 1760 2052; x_wconf 79' lang='lat' dir='ltr'>antiquo</span> <span class='ocrx_word' id='word_1_426' title='bbox 1802 2014 1948 2047; x_wconf 81' lang='lat' dir='ltr'>monte,</span> <span class='ocrx_word' id='word_1_427' title='bbox 1991 2005 2025 2038; x_wconf 74' lang='grc' dir='ltr'>δε</span> 
     </span>
     <span class='ocr_line' id='line_1_85' title="bbox 1268 2052 2026 2101; baseline 0.005 -16"><span class='ocrx_word' id='word_1_428' title='bbox 1268 2052 1468 2088; x_wconf 85' lang='lat' dir='ltr'>admirabili</span> <span class='ocrx_word' id='word_1_429' title='bbox 1496 2054 1688 2089; x_wconf 85' lang='lat' dir='ltr'>rebellione</span> <span class='ocrx_word' id='word_1_430' title='bbox 1715 2067 1825 2089; x_wconf 84' lang='lat' dir='ltr'>nova.</span> <span class='ocrx_word' id='word_1_431' title='bbox 1868 2056 1924 2089; x_wconf 83' lang='lat' dir='ltr'>Ad</span> <span class='ocrx_word' id='word_1_432' title='bbox 1954 2053 2026 2101; x_wconf 87' lang='lat' dir='ltr'>pri-</span> 
     </span>
     <span class='ocr_line' id='line_1_86' title="bbox 1200 2103 2025 2152; baseline 0.005 -16"><span class='ocrx_word' id='word_1_433' title='bbox 1200 2103 1229 2136; x_wconf 81' lang='lat' dir='ltr'><em>E</em></span> <span class='ocrx_word' id='word_1_434' title='bbox 1269 2115 1364 2137; x_wconf 86' lang='lat' dir='ltr'>mum</span> <span class='ocrx_word' id='word_1_435' title='bbox 1385 2116 1467 2152; x_wconf 81' lang='lat' dir='ltr'>ergo</span> <span class='ocrx_word' id='word_1_436' title='bbox 1489 2104 1532 2139; x_wconf 85' lang='lat' dir='ltr'>est</span> <span class='ocrx_word' id='word_1_437' title='bbox 1554 2104 1728 2140; x_wconf 86' lang='lat' dir='ltr'>sciendum</span> <span class='ocrx_word' id='word_1_438' title='bbox 1743 2132 1752 2148; x_wconf 84' lang='lat'><em>‚</em></span> <span class='ocrx_word' id='word_1_439' title='bbox 1773 2104 1865 2151; x_wconf 90' lang='lat' dir='ltr'>quod</span> <span class='ocrx_word' id='word_1_440' title='bbox 1885 2105 2025 2140; x_wconf 69' lang='lat' dir='ltr'>Aethna</span> 
     </span>
     <span class='ocr_line' id='line_1_87' title="bbox 1270 2154 2025 2191; baseline 0.007 -5"><span class='ocrx_word' id='word_1_441' title='bbox 1270 2165 1368 2188; x_wconf 79' lang='lat' dir='ltr'>mons</span> <span class='ocrx_word' id='word_1_442' title='bbox 1397 2154 1433 2189; x_wconf 92' lang='lat' dir='ltr'>in</span> <span class='ocrx_word' id='word_1_443' title='bbox 1463 2155 1580 2190; x_wconf 86' lang='lat' dir='ltr'>medio</span> <span class='ocrx_word' id='word_1_444' title='bbox 1609 2155 1751 2191; x_wconf 80' lang='lat' dir='ltr'>Siciliae</span> <span class='ocrx_word' id='word_1_445' title='bbox 1777 2154 1822 2190; x_wconf 74' lang='lat' dir='ltr'>est</span> <span class='ocrx_word' id='word_1_446' title='bbox 1842 2155 2025 2191; x_wconf 82' lang='lat' dir='ltr'>celeberri-</span> 
     </span>
     <span class='ocr_line' id='line_1_88' title="bbox 1270 2203 2025 2251; baseline 0.004 -13"><span class='ocrx_word' id='word_1_447' title='bbox 1270 2217 1346 2238; x_wconf 87' lang='lat' dir='ltr'>mus</span> <span class='ocrx_word' id='word_1_448' title='bbox 1373 2203 1463 2240; x_wconf 62' lang='lat' dir='ltr'>fama</span> <span class='ocrx_word' id='word_1_449' title='bbox 1491 2205 1528 2240; x_wconf 89' lang='lat' dir='ltr'>in</span> <span class='ocrx_word' id='word_1_450' title='bbox 1571 2215 1649 2241; x_wconf 78' lang='lat' dir='ltr'>toto</span> <span class='ocrx_word' id='word_1_451' title='bbox 1676 2207 1781 2241; x_wconf 82' lang='lat' dir='ltr'>orbe.</span> <span class='ocrx_word' id='word_1_452' title='bbox 1827 2206 1900 2251; x_wconf 86' lang='lat' dir='ltr'>Qui</span> <span class='ocrx_word' id='word_1_453' title='bbox 1937 2207 2025 2241; x_wconf 85' lang='lat' dir='ltr'>olim</span> 
     </span>
     <span class='ocr_line' id='line_1_89' title="bbox 1269 2254 2025 2302; baseline 0.003 -13"><span class='ocrx_word' id='word_1_454' title='bbox 1269 2254 1400 2302; x_wconf 82' lang='lat' dir='ltr'>semper</span> <span class='ocrx_word' id='word_1_455' title='bbox 1426 2257 1546 2292; x_wconf 84' lang='lat' dir='ltr'>ardens</span> <span class='ocrx_word' id='word_1_456' title='bbox 1575 2257 1615 2292; x_wconf 91' lang='lat' dir='ltr'>de</span> <span class='ocrx_word' id='word_1_457' title='bbox 1642 2258 1717 2292; x_wconf 86' lang='lat' dir='ltr'>alto</span> <span class='ocrx_word' id='word_1_458' title='bbox 1744 2257 1924 2292; x_wconf 85' lang='lat' dir='ltr'>cacumine</span> <span class='ocrx_word' id='word_1_459' title='bbox 1966 2256 2025 2292; x_wconf 87' lang='lat' dir='ltr'>suo</span> 
     </span>
     <span class='ocr_line' id='line_1_90' title="bbox 1269 2305 2022 2357; baseline 0.003 -17"><span class='ocrx_word' id='word_1_460' title='bbox 1269 2305 1454 2341; x_wconf 85' lang='lat' dir='ltr'>emittebat</span> <span class='ocrx_word' id='word_1_461' title='bbox 1497 2307 1620 2356; x_wconf 83' lang='lat' dir='ltr'>globos</span> <span class='ocrx_word' id='word_1_462' title='bbox 1661 2308 1782 2357; x_wconf 84' lang='lat' dir='ltr'>igneos</span> <span class='ocrx_word' id='word_1_463' title='bbox 1819 2321 1911 2343; x_wconf 89' lang='lat' dir='ltr'>nunc</span> <span class='ocrx_word' id='word_1_464' title='bbox 1948 2308 2022 2356; x_wconf 84' lang='lat' dir='ltr'>plus</span> 
     </span>
     <span class='ocr_line' id='line_1_91' title="bbox 1269 2356 1597 2393; baseline 0.009 -3"><span class='ocrx_word' id='word_1_465' title='bbox 1269 2369 1360 2391; x_wconf 87' lang='lat' dir='ltr'>nunc</span> <span class='ocrx_word' id='word_1_466' title='bbox 1389 2356 1505 2393; x_wconf 86' lang='lat' dir='ltr'>minus</span> <span class='ocrx_word' id='word_1_467' title='bbox 1531 2359 1597 2393; x_wconf 86' lang='lat' dir='ltr'>&amp;c.</span> 
     </span>
    </p>

    <p class='ocr_par' dir='ltr' id='par_1_23' title="bbox 1318 2407 1976 2455">
     <span class='ocr_line' id='line_1_92' title="bbox 1318 2407 1976 2455; baseline 0 -13"><span class='ocrx_word' id='word_1_468' title='bbox 1318 2407 1428 2446; x_wconf 57' lang='lat' dir='ltr'>alnes?</span> <span class='ocrx_word' id='word_1_469' title='bbox 1453 2411 1586 2443; x_wconf 65' lang='lat' dir='ltr'>avrebbe</span> <span class='ocrx_word' id='word_1_470' title='bbox 1612 2409 1639 2442; x_wconf 81' lang='lat' dir='ltr'>li</span> <span class='ocrx_word' id='word_1_471' title='bbox 1661 2409 1730 2453; x_wconf 75' lang='lat' dir='ltr'>suoi</span> <span class='ocrx_word' id='word_1_472' title='bbox 1756 2409 1842 2455; x_wconf 74' lang='lat' dir='ltr'>Regi</span> <span class='ocrx_word' id='word_1_473' title='bbox 1865 2420 1976 2444; x_wconf 81' lang='lat' dir='ltr'>ancora</span> 
     </span>
    </p>
   </div>
   <div class='ocr_carea' id='block_1_10' title="bbox 1240 2215 1247 2412">
    <p class='ocr_par' dir='ltr' id='par_1_24' title="bbox 1240 2215 1247 2412">
     <span class='ocr_line' id='line_1_93' title="bbox 1240 2215 1247 2412; baseline 0 693"><span class='ocrx_word' id='word_1_474' title='bbox 1240 2215 1247 2412; x_wconf 95' lang='lat' dir='ltr'> </span> 
     </span>
    </p>
   </div>
   <div class='ocr_carea' id='block_1_11' title="bbox 1320 2459 1925 2505">
    <p class='ocr_par' dir='ltr' id='par_1_25' title="bbox 1320 2459 1925 2505">
     <span class='ocr_line' id='line_1_94' title="bbox 1320 2459 1925 2505; baseline 0.005 -14"><span class='ocrx_word' id='word_1_475' title='bbox 1320 2459 1401 2491; x_wconf 80' lang='lat' dir='ltr'>Nati</span> <span class='ocrx_word' id='word_1_476' title='bbox 1424 2470 1481 2505; x_wconf 84' lang='lat' dir='ltr'>per</span> <span class='ocrx_word' id='word_1_477' title='bbox 1505 2473 1553 2492; x_wconf 83' lang='lat' dir='ltr'>me</span> <span class='ocrx_word' id='word_1_478' title='bbox 1577 2460 1614 2493; x_wconf 83' lang='lat' dir='ltr'>di</span> <span class='ocrx_word' id='word_1_479' title='bbox 1640 2460 1755 2502; x_wconf 60' lang='grc' dir='ltr'>Πανία,</span> <span class='ocrx_word' id='word_1_480' title='bbox 1782 2480 1799 2486; x_wconf 83' lang='lat'>-</span> <span class='ocrx_word' id='word_1_481' title='bbox 1825 2480 1840 2486; x_wconf 93' lang='lat'>·-</span> <span class='ocrx_word' id='word_1_482' title='bbox 1867 2480 1883 2486; x_wconf 87' lang='lat'>-</span> <span class='ocrx_word' id='word_1_483' title='bbox 1910 2480 1925 2485; x_wconf 93' lang='lat'><em>-</em></span> 
     </span>
    </p>
   </div>
   <div class='ocr_carea' id='block_1_12' title="bbox 1268 2508 2022 2608">
    <p class='ocr_par' dir='ltr' id='par_1_26' title="bbox 1268 2508 2022 2608">
     <span class='ocr_line' id='line_1_95' title="bbox 1268 2508 2022 2552; baseline 0 -10"><span class='ocrx_word' id='word_1_484' title='bbox 1268 2508 1362 2552; x_wconf 83' lang='lat' dir='ltr'>Quia</span> <span class='ocrx_word' id='word_1_485' title='bbox 1391 2511 1538 2545; x_wconf 85' lang='lat' dir='ltr'>Carolus</span> <span class='ocrx_word' id='word_1_486' title='bbox 1569 2513 1593 2545; x_wconf 84' lang='lat' dir='ltr'>l.</span> <span class='ocrx_word' id='word_1_487' title='bbox 1622 2509 1691 2545; x_wconf 81' lang='lat' dir='ltr'>fuit</span> <span class='ocrx_word' id='word_1_488' title='bbox 1717 2512 1818 2546; x_wconf 84' lang='lat' dir='ltr'>Avus</span> <span class='ocrx_word' id='word_1_489' title='bbox 1845 2522 1963 2552; x_wconf 85' lang='lat' dir='ltr'>meus,</span> <span class='ocrx_word' id='word_1_490' title='bbox 1989 2509 2022 2542; x_wconf 72' lang='grc' dir='ltr'>ὃ(</span> 
     </span>
     <span class='ocr_line' id='line_1_96' title="bbox 1268 2560 1759 2608; baseline 0 -13"><span class='ocrx_word' id='word_1_491' title='bbox 1268 2560 1493 2601; x_wconf 56' lang='lat' dir='ltr'>Carolus-11„</span> <span class='ocrx_word' id='word_1_492' title='bbox 1518 2571 1616 2608; x_wconf 81' lang='lat' dir='ltr'>pater</span> <span class='ocrx_word' id='word_1_493' title='bbox 1643 2571 1759 2595; x_wconf 85' lang='lat' dir='ltr'>meus:</span> 
     </span>
    </p>
   </div>
   <div class='ocr_carea' id='block_1_13' title="bbox 1238 2413 1244 2586">
    <p class='ocr_par' dir='ltr' id='par_1_27' title="bbox 1238 2413 1244 2586">
     <span class='ocr_line' id='line_1_97' title="bbox 1238 2413 1244 2586; baseline 0 519"><span class='ocrx_word' id='word_1_494' title='bbox 1238 2413 1244 2586; x_wconf 95' lang='lat' dir='ltr'> </span> 
     </span>
    </p>
   </div>
   <div class='ocr_carea' id='block_1_14' title="bbox 1858 2609 1977 2641">
    <p class='ocr_par' dir='ltr' id='par_1_28' title="bbox 1858 2609 1977 2641">
     <span class='ocr_line' id='line_1_98' title="bbox 1858 2609 1977 2641; baseline -0.017 0"><span class='ocrx_word' id='word_1_495' title='bbox 1858 2629 1873 2635; x_wconf 89' lang='lat'>·-</span> <span class='ocrx_word' id='word_1_496' title='bbox 1901 2623 1915 2641; x_wconf 82' lang='lat' dir='ltr'>e</span> <span class='ocrx_word' id='word_1_497' title='bbox 1941 2609 1977 2641; x_wconf 53' lang='grc' dir='ltr'>ἅτ’</span> 
     </span>
    </p>
   </div>
  </div>
 </body>
</html>
