2216 3105
338 244 421 293 617

628 231 921 277 COMMENT.
951 234 1018 278 IN
1053 229 1279 279 DANTIS
1305 229 1546 275 COMOED.

1762 236 1845 277 618

286 304 422 344 tempus
449 305 519 329 non
547 293 657 328 currit
684 292 756 341 eis3
787 292 841 328 sed
869 294 1040 329 Viventes
1079 296 1110 331 A
1152 305 1235 327 nans
1263 290 1442 325 vilitatem
1471 289 1587 333 suam,
1621 290 1729 327 solvit
1756 292 1797 327 de
1825 306 1903 341 pro·-

290 346 356 389 sic,
399 357 478 380 nam
515 343 681 378 dividunt
720 352 857 389 tempus
886 356 945 391 per
971 343 1044 379 Ca—

289 395 407 433 lendas
435 393 621 433 mensium,
650 392 686 428 ἃ
716 406 775 442 per
800 393 873 429 dies
891 420 901 437 ,
929 394 962 428 &
986 406 1045 442 per

290 449 411 483 Nonas
438 446 537 493 juxta
564 444 674 479 illud:

340 521 364 537 „
391 499 453 530 sex
487 498 597 530 Nonas
634 493 751 540 Majus
785 493 916 529 oflober
937 519 948 534 ‚
975 497 1043 539 Ju—

391 546 475 584 lius,
503 546 546 579 Θ·
573 548 690 588 Mars,

346 621 365 637 ‚,
392 600 556 642 ‚Quat-nor.
592 599 645 630 At
686 596 799 643 reliqui
837 605 919 630 tenet
946 597 1045 633 Idus,

392 645 524 694 quilibet
548 644 633 681 offo.

540 700 603 731 Ad
630 696 712 740 Vers.
738 697 799 736 46.

346 749 519 783 Lombardo
542 747 613 790 fui,
641 761 655 780 e
671 747 723 789 fui
741 747 895 781 chiamato
918 749 1047 780 Marco.
1087 751 1113 784 B

298 801 402 835 Nunc
432 800 537 833 Poeta
573 796 674 844 ponit
715 796 966 844 responsionem
1001 796 1047 830 il·-

296 850 365 884 lius
394 848 533 896 spiritus
554 847 594 882 ad
616 856 798 894 utramque
820 847 1049 894 petitionem.

296 902 343 934 Et
372 899 484 946 primo
512 898 551 932 ad
582 897 728 945 primam
748 924 758 940 ,
785 896 952 932 videlicet
972 895 1050 943 quis

299 949 425 984 fuerit.
466 950 512 983 Et
548 949 589 982 ad
625 947 726 995 hujus
754 946 885 995 primae
913 947 1050 994 plenam

297 998 524 1047 responfionis
560 997 836 1045 intelligentiam
873 996 917 1032 est
956 1009 1051 1044 prae-

298 1049 498 1092 sciendum,
536 1048 627 1095 quod
665 1048 724 1084 iste
759 1050 901 1083 Marcus
941 1049 1053 1082 Lom-

298 1099 444 1144 bardus,
481 1099 539 1146 qui
579 1100 744 1146 loquutus
785 1098 830 1132 est
857 1110 946 1133 nunc
974 1109 1052 1131 cum

302 1152 430 1193 Po'e'ta,
471 1150 504 1184 8<
546 1150 704 1196 loquitur
741 1148 846 1195 usque
883 1148 918 1183 in
949 1147 1052 1182 finem

299 1198 487 1248 Capituli,
528 1198 596 1234 fuit
624 1198 765 1246 quidam
793 1199 901 1234 Miles
929 1198 1054 1233 Curia-

302 1250 347 1285 lis
383 1250 424 1285 de
461 1249 574 1284 nobili
615 1249 777 1284 Civitate
806 1248 1055 1286 Venedarum,

301 1300 384 1347 quia
413 1312 481 1338 non
511 1312 605 1334 more
634 1300 845 1334 nebulonum
871 1299 1053 1333 moderno-

301 1363 377 1385 rum
407 1351 551 1385 vacabat
571 1351 671 1385 rebus
690 1349 890 1388 obscoenis,
918 1348 973 1384 sed
994 1348 1055 1382 ho-

298 1400 421 1436 nestis.
450 1399 533 1435 Fuit
560 1399 654 1434 enim
684 1400 739 1434 vir
765 1400 896 1434 nobilis
924 1399 1055 1437 animi,

303 1453 414 1486 clarae
451 1449 617 1488 virtutis,
660 1449 713 1484 sed
755 1449 869 1484 facilis
913 1449 983 1484 irae
1023 1449 1054 1482 ἃ

298 1500 517 1547 indignantis
553 1509 714 1534 naturae.
762 1498 899 1533 Audivi
941 1506 1054 1532 autem

300 1550 456 1591 nobilem
509 1549 790 1597 indignationem
837 1548 877 1583 de
915 1547 1057 1583 homine

300 1601 384 1639 isso,
411 1600 526 1648 qualis
553 1600 723 1647 reperitur
746 1600 783 1635 in
803 1599 983 1635 nobilibus
1003 1598 1057 1633 in-

300 1650 432 1699 geniiS.
470 1653 561 1685 Nam
604 1663 710 1697 quum
747 1650 852 1685 semel
894 1650 974 1685 esset
1002 1663 1057 1683 ca-

304 1710 405 1748 ptus,
444 1701 477 1734 &
506 1699 664 1744 imposita
692 1699 753 1734 fibi
794 1700 963 1735 immensa
990 1701 1056 1735 tal-

305 1751 354 1785 lia
389 1750 480 1784 ultra
517 1749 628 1796 posse,
666 1748 760 1784 misit
800 1763 859 1796 per
893 1749 1055 1784 nuntium

304 1799 399 1835 suum
443 1799 484 1834 ad
526 1798 720 1833 Dominum
765 1799 973 1834 Rizzardum
1018 1799 1058 1834 de

304 1848 482 1888 Camino,
524 1858 607 1884 tunc
649 1849 843 1885 Dominum
881 1848 1057 1888 Tarvifii,

305 1913 429 1949 rogans
473 1899 695 1948 suppliciter,
737 1899 829 1947 quod
871 1913 941 1934 non
984 1912 1058 1947 per—

304 1951 462 1986 mitteret
489 1963 567 1985 eum
597 1950 687 1985 mori
730 1950 766 1985 in
805 1950 957 1998 angustia
986 1963 1058 1984 car-

305 2001 430 2036 cerali.
466 2001 541 2045 Qui
579 2000 737 2036 misertus
773 2000 938 2048 indignae
974 2000 1058 2035 sorti

304 2051 439 2093 amici,
476 2051 587 2085 statim
617 2050 746 2098 scripsit
783 2052 904 2085 multis
935 2051 1059 2086 Domi—

306 2101 360 2136 nis
397 2101 627 2143 Lombardis‚
669 2101 705 2135 in
748 2114 894 2148 quorum
941 2101 1060 2137 Curiis

306 2153 449 2187 Marcus
475 2150 547 2197 ipse
572 2159 646 2185 erat
674 2150 796 2186 solitus
838 2151 1061 2193 conversari,

304 2201 398 2249 quod
440 2200 603 2236 deberent
652 2199 807 2236 conferre
851 2201 1061 2237 redemtioni

308 2252 381 2300 ejus
409 2251 620 2286 liberaliter.
663 2253 745 2296 Quo
774 2251 893 2286 audito
920 2254 1061 2287 Marcus

307 2301 581 2350 magnanimiter
634 2301 834 2349 indignatus
866 2326 875 2341 ,
933 2301 1061 2337 remisit

307 2362 479 2388 continuo
506 2351 670 2387 nuntium
699 2352 738 2386 ad
761 2352 955 2387 Dominum
979 2354 1062 2388 Riz-
1089 2371 1091 2383 π

306 2403 471 2442 zardum,
507 2402 645 2437 dicens:
687 2403 779 2450 quod
820 2404 961 2438 volebat
1002 2417 1063 2450 po-

307 2454 379 2489 tius
406 2452 496 2488 mori
526 2453 563 2488 in
591 2452 821 2500 captivitate,
858 2454 960 2500 quarn
999 2454 1063 2489 effe

306 2504 422 2540 servus
450 2513 504 2538 tot
529 2504 563 2538 8(
587 2513 785 2539 tantorum.
813 2505 916 2539 Tunc
938 2505 1063 2540 Domi-

304 2568 368 2591 nus
390 2554 580 2605 Rizaardus
606 2555 734 2602 pudore
757 2554 939 2599 confusus,
966 2556 1062 2591 dam—

403 2609 490 2640 Tom.
518 2607 579 2640 III.

1099 1653 1127 1685 D

1087 2103 1089 2123 τ
1101 2100 1128 2132 e

1150 342 1224 390 pria
1252 339 1397 389 pecunia
1432 339 1624 379 summam,
1662 342 1695 376 8<
1737 342 1901 380 liberavit

1150 395 1310 428 Marcum
1324 418 1331 426 .
1359 390 1418 426 Ad
1446 390 1586 425 literam
1606 403 1687 436 ergo
1706 391 1795 427 dicit
1817 395 1900 430 Poe-

1150 452 1205 479 ta.
1245 444 1291 477 Et
1333 440 1396 476 ille
1437 439 1578 488 spiritus
1605 440 1797 477 describens
1826 444 1856 478 se
1884 459 1899 480 a

1151 492 1395 542 praenomine,
1425 490 1566 541 proprio
1586 491 1750 536 nomine,
1778 493 1812 527 &
1832 494 1898 530 vir-

1151 553 1248 582 tUtC»

1202 595 1273 629 Cos}
1300 592 1410 638 rispose
1435 613 1707 621 -------

1154 644 1213 683 sub
1241 653 1313 679 tam
1341 644 1466 680 curiali
1492 643 1605 679 forma
1633 645 1837 681 verborum:

1206 694 1380 729 Lomhardo
1403 694 1454 737 sui
1481 715 1795 722 --------

1156 747 1201 780 Et
1228 745 1306 780 heic
1342 753 1447 788 nota,
1483 744 1575 791 quod
1610 745 1670 780 iste
1705 745 1910 782 denominat

1158 795 1188 831 se
1216 809 1234 830 a
1261 804 1386 842 gente,
1423 795 1505 842 quia
1533 794 1602 831 fuit
1629 796 1670 830 de
1697 797 1912 833 Lombardia

1156 845 1343 884 inferiori,
1370 858 1457 891 quae
1484 845 1614 881 dicitur
1640 847 1802 883 Marchia
1822 849 1913 883 Tar-

1160 895 1300 931 visana.
1345 896 1412 929 Vel
1449 895 1527 934 dic,
1565 897 1599 931 8<
1637 897 1783 936 melius,
1817 898 1912 945 quod

1158 946 1403 981 denominatus
1449 945 1494 980 est
1538 947 1757 983 Lombardus
1774 972 1784 986 ‚
1829 948 1913 994 quia

1159 996 1382 1032 familiariter
1422 996 1688 1032 conversabatur
1723 1010 1802 1032 cum
1840 1000 1914 1033 Do-

1160 1046 1265 1082 minis
1293 1046 1527 1082 Lombardiae
1553 1055 1711 1094 tempore
1739 1047 1821 1092 suo,
1859 1049 1907 1084 in

1159 1107 1211 1132 ter
1238 1109 1324 1144 quos
1352 1096 1523 1132 traeiabat
1559 1096 1656 1146 saepe
1685 1099 1888 1135 concordias
1906 1126 1913 1138 2

1160 1160 1279 1195 paces,
1316 1146 1526 1187 affinitates,
1564 1148 1598 1183 &
1636 1148 1915 1186 confoederatio

1159 1211 1236 1232 nes.
1258 1196 1463 1244 Aliquando
1483 1197 1590 1233 etiam
1611 1198 1775 1234 transibat
1796 1201 1911 1248 Apen-

1158 1248 1280 1283 ninum
1302 1248 1340 1282 in
1360 1247 1547 1283 Tusciam.
1576 1247 1682 1284 Unde
1701 1250 1823 1286 audisti
1851 1251 1917 1286 ali—

1161 1298 1219 1341 bi,
1256 1298 1410 1345 qualiter
1436 1298 1661 1347 prophetavit
1697 1301 1837 1336 Comiti
1868 1304 1914 1336 U-

1160 1348 1282 1396 golino
1319 1349 1489 1394 Tyranno
1527 1348 1680 1384 Pisarum
1717 1349 1805 1386 iram
1851 1352 1918 1387 Dei.

1162 1408 1343 1433 venturam
1373 1398 1471 1447 super
1496 1412 1596 1434 eum.
1623 1402 1670 1435 Et
1696 1400 1813 1437 dicit:

1133 1444 1137 1523 ι
1211 1468 1227 1474 -
1254 1469 1269 1474 -
1297 1470 1312 1475 -
1340 1468 1355 1473 -
1381 1462 1397 1482 e
1418 1449 1471 1491 fui
1496 1450 1649 1485 chiamato
1676 1454 1807 1486 ,li-'larm-

1161 1501 1244 1543 Quo
1272 1497 1415 1533 nomine
1443 1499 1549 1535 multi
1587 1500 1820 1537 inveniuntur
1848 1506 1915 1538 Vess

1163 1548 1288 1584 netiis.
1325 1550 1371 1583 Et
1399 1548 1458 1584 iste
1485 1549 1628 1586 Marcus
1657 1551 1725 1586 fuit
1754 1552 1809 1587 vir
1836 1566 1912 1601 pru*

1162 1599 1266 1641 dens,
1306 1598 1484 1642 affabilis,
1529 1610 1691 1648 expertus
1731 1602 1917 1651 agibiliunt

1135 1657 1137 1669 ⁴
1162 1648 1305 1684 mundi.
1334 1649 1416 1685 Ideo
1445 1650 1530 1685 bene
1556 1651 1669 1686 dicit:

1214 1700 1278 1734 Del
1304 1703 1414 1734 mondo
1434 1701 1527 1744 seppi
1537 1721 1850 1739 --------

1162 1750 1244 1797 quia
1273 1763 1433 1794 magnam
1461 1750 1630 1787 notitiam
1655 1766 1772 1789 rerum
1792 1753 1915 1790 huma-

1163 1812 1284 1834 narum
1313 1800 1460 1834 habuit:

1214 1870 1399 1877 -----
1427 1863 1442 1882 ε
1468 1851 1538 1896 quel
1563 1852 1671 1886 valore
1694 1854 1784 1888 amai

1165 1899 1320 1941 scilicet,
1359 1898 1549 1944 virtutem,
1584 1914 1674 1949 quae
1701 1903 1746 1938 est
1773 1903 1920 1940 omnino

1164 1948 1349 1985 dereliffia.

1409 2003 1473 2035 Ad
1499 2001 1581 2045 Vers.
1612 2013 1670 2048 34.

1215 2053 1336 2085 Dentro
1368 2053 1414 2085 ad
1447 2064 1489 2085 un
1525 2050 1645 2092 dubio,
1682 2052 1711 2087 s'
1727 2053 1756 2088 1‘0
1781 2067 1842 2089 non
1875 2069 1924 2090 me

1267 2114 1304 2133 ne
1324 2100 1432 2146 spiego
1449 2128 1457 2136 .

1169 2151 1225 2186 Ad
1254 2150 1350 2198 cujus
1378 2150 1500 2186 literae
1527 2151 1689 2189 obscurae
1716 2154 1921 2204 intelligen-

1168 2201 1256 2237 tiam
1302 2202 1430 2236 claram
1477 2203 1561 2237 volo
1606 2212 1641 2239 te
1687 2203 1793 2250 scire,
1830 2207 1922 2254 quod

1170 2254 1276 2287 Po'e'ta
1311 2251 1421 2287 noster
1457 2252 1638 2289 audiverat
1677 2254 1825 2291 similem
1854 2256 1921 2292 ser-

1170 2315 1308 2337 monem
1354 2302 1464 2345 alibi,
1511 2303 1644 2339 scilicet
1689 2305 1727 2340 in
1773 2306 1922 2342 secundo

1170 2354 1302 2388 circulo
1332 2353 1528 2400 purgatorii
1550 2356 1654 2390 Cant.
1678 2358 1773 2392 XIV.
1796 2370 1813 2392 a
1834 2358 1923 2393 Gui-

1169 2404 1259 2438 done
1283 2403 1341 2438 del
1371 2405 1494 2447 Duca,
1531 2403 1655 2452 spiritu
1686 2407 1922 2444 Romandiolo

1170 2453 1314 2490 invido.
1350 2454 1425 2499 Qui
1461 2456 1606 2502 loquens
1647 2456 1688 2492 de
1714 2457 1923 2495 habitatori-

1171 2505 1231 2540 bus
1277 2505 1368 2539 Arni
1395 2531 1405 2544 .
1450 2507 1510 2551 qui
1557 2505 1698 2555 fugiunt
1745 2508 1921 2545 Virtutem

1144 2565 1347 2602 [tamquam
1376 2554 1588 2603 serpentem,
1628 2557 1725 2594 dixit
1765 2559 1831 2595 hoc
1859 2560 1922 2593 effe

1240 2608 1268 2639 R
1298 2619 1314 2639 r
1817 2610 1871 2642 vel
