2216 3105
437 245 516 298 383

720 242 1179 288 BENVENUTI
1225 245 1675 292 IMOLENSIS

1865 255 1947 308 584

374 299 499 336 illustri
528 299 597 336 fuit
623 299 682 337 iste
710 304 901 341 Umbertus
918 332 928 349 ‚
956 305 1017 353 qui
1054 305 1133 341 heic
1170 306 1206 341 A
1246 306 1341 351 Quia
1367 320 1438 343 non
1465 309 1645 357 permittit
1672 308 1804 358 erigere
1831 321 1955 359 caput.

374 350 554 398 loquitur,
586 352 723 401 juvenis
751 355 892 402 quidem
920 355 1071 392 strenuus
1098 357 1132 392 &

374 401 550 437 animosus
579 403 698 440 valde.
727 405 802 450 Qui
832 419 939 454 quum
970 406 1133 443 exivisset

374 451 574 500 prohibitus
615 454 770 502 probiter
807 466 928 493 contra
967 457 1133 493 inimicos

376 502 418 537 ad
459 516 564 539 unum
607 504 888 547 avisamentum,
930 507 1133 544 interfectus

374 552 444 588 fuit
471 553 509 589 in
537 568 659 603 campo
685 557 772 604 apud
801 570 907 593 unum
935 558 1032 605 suum
1064 561 1134 594 Ca-

376 603 510 640 stellum
533 632 543 648 ‚
582 605 674 652 quod
713 606 844 642 dicitur
882 609 1134 657 Campagnati-

377 667 476 690 cum.
516 655 571 689 Ad
599 656 738 691 literam
767 670 848 705 ergo
876 658 965 694 dicit
991 659 1072 703 iste,
1103 662 1136 694 Io

373 705 427 748 fui
454 706 570 739 Latino
585 719 606 747 ,·
640 706 743 749 idest,
780 707 950 757 Italicusg
990 723 1068 744 nam
1097 709 1134 745 in

379 755 484 790 ltalia
513 755 664 804 primum
692 767 813 793 natum
839 758 883 794 est
909 772 1038 795 nomen
1065 762 1136 796 La-

382 813 520 841 tinum.
1098 812 1105 817 “

429 878 444 882 -
462 878 540 883 —-—
567 871 583 891 e
610 869 683 894 nato
710 859 799 894 d'tm
823 874 906 907 gran
934 861 1051 905 Tosco:

384 906 484 946 idest,
514 908 645 944 nobilis
672 908 710 945 ἃ
739 911 893 958 potentis
915 911 1072 948 Comitis
1099 911 1136 948 in

381 958 530 994 Tuscia.
560 961 606 994 Et
633 973 711 995 ecce
739 971 871 1008 patrem
889 989 897 997 .
1086 962 1087 969 ¹

430 1009 622 1056 Guiglielmo
647 1012 900 1058 Aldobrandesco
914 1034 930 1040 -
945 1034 961 1039 -
975 1034 991 1039 -
1007 1034 1024 1041 ·

384 1059 426 1094 fic
454 1060 744 1108 cognominatus,

433 1131 448 1136 -
463 1132 479 1137 -
494 1132 510 1137 -
526 1133 541 1137 —
564 1111 604 1156 fu
628 1112 689 1146 mio
712 1114 831 1160 padre:

380 1162 428 1196 Et
455 1160 544 1197 dicit
562 1175 570 1196 ε

432 1214 506 1247 Non
541 1213 576 1257 so
609 1212 645 1258 se
671 1213 696 1247 'l
735 1228 820 1249 nome
854 1216 912 1261 suo
942 1217 1067 1264 giamai
1103 1218 1142 1262 su

483 1263 588 1308 vostro.

382 1312 487 1359 Quasi
516 1313 630 1350 dicat:
661 1316 802 1357 Credo,
830 1318 922 1365 quod
951 1318 994 1353 s1c
1012 1346 1022 1362 ‚
1060 1319 1142 1366 quia

383 1364 452 1400 fuit
480 1363 561 1401 satis
586 1364 735 1403 famosus
757 1367 792 1403 in
815 1368 940 1404 Italia.
969 1370 1032 1405 Iste
1053 1372 1142 1405 Um-

384 1415 500 1450 bertus
539 1415 721 1453 audiverat
758 1419 957 1467 Vergilium
995 1422 1141 1468 loquen—

385 1476 455 1501 tem
485 1466 634 1502 Latine.
662 1468 745 1503 Ideo
773 1468 815 1504 fic
843 1471 1025 1520 loquitur5

435 1516 589 1552 L'antt'co
611 1518 730 1564 sangue-
747 1540 927 1557 —————

387 1566 478 1603 Heic
517 1568 706 1604 Umbertus
744 1579 882 1614 narrat,
918 1570 1010 1618 quod
1048 1585 1144 1620 prae-

387 1617 495 1653 stabat
534 1617 596 1652 fibi
639 1619 831 1664 superbiam
875 1634 1060 1669 magnam.
1098 1625 1145 1658 Et

388 1667 499 1710 dicit,
525 1667 617 1715 quod
638 1668 778 1705 fuerunt
798 1670 888 1710 duo,
913 1671 1048 1707 scilicet
1070 1676 1144 1708 No-

390 1717 509 1753 bilitas
550 1719 585 1753 &
627 1718 750 1755 Virtus
792 1720 929 1757 suorum
973 1724 1145 1758 clarorum

357 1805 361 1808 .
390 1769 677 1816 progenitorum.
716 1770 818 1805 Dicit
853 1785 955 1820 ergo.
994 1772 1148 1808 L’antico

385 1819 527 1866 sangine,
556 1819 660 1863 idest,
688 1821 843 1860 nobilis.

440 1890 456 1895 —
473 1890 548 1895 —-—
576 1884 591 1903 e
616 1869 640 1903 l’
654 1880 739 1915 opere
764 1871 944 1918 leggiadre,

391 1918 497 1959 idest,
526 1920 613 1969 gesta
640 1920 793 1966 strenua,

441 1970 594 2006 De’miei
619 1972 779 2018 maggior,

393 2020 500 2064 idest,
530 2021 846 2072 praedecessorumg
877 2025 1088 2073 Antiquitas
1115 2040 1150 2061 e-

395 2071 470 2106 nim
499 2071 584 2107 facit
609 2072 872 2117 Nobilitatern,
900 2085 938 2111 ut
958 2076 1047 2112 dicit
1068 2076 1152 2113 Phi-

396 2122 557 2168 losophus
586 2123 698 2159 Libro
726 2123 1017 2162 Rhetoricorum.

446 2195 522 2202 ---
539 2195 555 2200 -
582 2175 625 2207 mi
646 2175 696 2217 fer
721 2177 749 2208 si
775 2187 957 2223 arrogante.

399 2224 504 2265 Idest,
532 2224 689 2261 fecerunt
716 2238 770 2260 me
798 2235 871 2261 tam
899 2226 1102 2276 superbum:

643 2277 705 2311 Ad
732 2276 815 2320 Vers.
843 2289 903 2323 74.

450 2349 496 2354 --
512 2349 558 2355 --
587 2340 646 2362 mm
673 2327 792 2374 questi,
820 2328 871 2361 che
896 2329 1053 2375 parlava.

400 2378 504 2424 Quasi
544 2377 668 2413 dicat:
710 2379 793 2413 Non
830 2390 974 2426 magnus
1009 2381 1044 2414 &
1082 2393 1155 2415 ma-

401 2428 550 2475 gnificus
571 2454 581 2469 ,
627 2427 713 2463 ficut
756 2429 885 2463 Comes
931 2428 1125 2466 Umbertus
1145 2454 1156 2469 ‚

400 2479 456 2514 sed
492 2478 636 2524 quidam
673 2477 814 2527 spiritus
850 2491 976 2525 parvus
1013 2490 1085 2515 erat
1122 2481 1155 2515 &

401 2529 576 2578 plebejus.
604 2530 651 2563 Et
677 2538 750 2564 erat
778 2541 864 2565 unus
892 2529 1069 2566 Miniator
1092 2530 1158 2567 Li—

402 2581 563 2616 brorum.
714 2581 719 2586 ¹

450 2630 489 2665 Si
516 2630 590 2676 torse
610 2629 690 2675 sotto
711 2628 735 2662 ’l
758 2629 848 2676 peso,
876 2632 927 2666 che
954 2630 1157 2679 l'impacct'a.

1235 2224 1237 2232 ¹
1267 2227 1371 2266 idest,
1399 2226 1527 2262 miniat
1554 2237 1633 2260 cum
1662 2223 1878 2273 penniciilo:

1231 1989 1232 1992 ’
1263 1974 1424 2011 concedit
1466 1972 1575 2020 ipsam
1612 1971 1734 2006 alteri.

1240 2621 1244 2662 i
1257 2624 1260 2625 γ

1490 362 1553 395 Ad
1580 360 1661 405 Vers.
1689 372 1750 407 79.

1296 412 1342 449 Ο,
1370 409 1442 455 diff
1468 411 1545 453 lui,·
1572 414 1644 445 Non
1666 410 1711 456 se’
1723 422 1758 444 tu
1784 412 1925 452 Oderifi,

1247 458 1308 495 Iste
1335 460 1513 496 Odorifius
1551 460 1619 496 fuit
1651 474 1795 510 magnus
1823 462 2000 498 Miniator

1247 508 1284 544 in
1320 510 1480 547 Civitate
1519 511 1698 547 Bononiae
1736 522 1892 561 ternpore
1924 514 2000 548 Au—

1247 560 1378 596 Ruris.
1415 563 1461 596 Et
1489 571 1560 597 erat
1588 562 1689 597 valde
1717 576 1825 598 vanus
1853 563 2002 610 jactator

1245 610 1288 646 de
1315 613 1405 647 Arte
1432 611 1512 650 sua,
1541 626 1610 647 non
1632 613 1771 649 credens
1799 613 1923 649 habere
1943 627 2002 662 pa-

1248 674 1340 698 rem.
1378 661 1459 696 Ideo
1498 664 1651 706 Dantes‚
1687 663 1748 710 qui
1775 663 1910 711 optime
1938 677 2002 699 no—

1248 719 1345 746 verat
1382 711 1537 746 animum
1576 712 1673 747 illius
1710 713 1851 747 avidum
1890 715 2002 750 laudis

1248 762 1281 795 δ(
1311 760 1468 808 gloriae,
1505 761 1546 796 de
1584 761 1748 797 industria
1785 764 2006 799 commendat

1249 824 1327 846 eum
1357 810 1455 858 snper
1481 825 1624 856 omnes,
1662 822 1702 847 ut
1729 814 1947 859 experiatur,
1984 813 2007 848 fi

1249 861 1409 906 deposuit
1445 872 1617 902 ventum,
1664 876 1734 910 quo
1771 863 1903 898 solebat
1941 864 2005 899 effe

1252 911 1420 961 inflatus;
1450 913 1586 949 dicens:

1300 962 1339 998 L‘
1351 976 1423 997 onor
1438 963 1470 998 d’
1482 965 1629 1012 Agobbio
1639 991 1650 1008 ,

1250 1013 1354 1059 Quasl
1382 1013 1501 1063 dicat3
1544 1015 1636 1063 quod
1676 1017 1826 1051 multum
1855 1016 2003 1051 honoras

1252 1064 1400 1113 patriam
1437 1074 1533 1101 tuam
1573 1067 1606 1101 8<
1635 1067 1762 1101 Artem
1803 1075 1924 1101 tuam.
1962 1068 2009 1101 Et

1251 1114 1362 1164 dicit;

1302 1187 1491 1195 -----
1517 1182 1533 1202 e
1558 1167 1582 1202 l'
1598 1181 1669 1202 onor
1694 1167 1731 1201 di
1757 1167 1850 1214 quell’
1866 1171 1970 1203 edne.

1253 1216 1419 1262 Scilicet,
1447 1218 1642 1254 miniandi:

1305 1268 1366 1302 Ch’
1381 1269 1555 1304 alluminar
1580 1270 1597 1303 ὲ
1622 1269 1779 1304 chiamata
1815 1269 1848 1303 in
1875 1267 1980 1309 Part'fi
1995 1271 2014 1300 Ρ

1255 1318 1401 1355 Parifius
1429 1319 1523 1355 enim
1551 1319 1684 1355 dicitur
1711 1319 1923 1358 illumim'are,
1950 1318 2011 1354 ubi

1255 1369 1290 1405 in
1320 1370 1424 1406 Italia
1452 1370 1574 1406 dicunt
1594 1370 1759 1405 Miniare.
1786 1371 1833 1404 Et
1852 1368 1930 1405 heic
1949 1382 2011 1404 no-

1254 1430 1289 1456 ta
1302 1447 1311 1464 ,
1340 1421 1433 1469 quod
1454 1421 1598 1456 Miniare
1617 1420 1662 1456 est
1681 1420 1792 1469 magis
1813 1418 2014 1473 proprium5

1255 1471 1310 1506 Sic
1338 1471 1432 1506 enim
1460 1470 1591 1506 dicitur
1617 1485 1636 1506 a
1657 1472 1773 1506 colore
1793 1470 1928 1513 minio,
1951 1481 2013 1516 qul

1255 1520 1343 1556 olim
1374 1521 1443 1556 fuit
1472 1521 1660 1566 aliquando
1688 1520 1725 1554 in
1753 1520 1911 1555 maximo
1938 1531 2014 1567 prem

1256 1571 1328 1607 tio.
1357 1571 1465 1607 Unde
1493 1570 1611 1616 Scipio
1640 1569 1851 1614 Africanus,
1887 1568 2014 1604 ducens

1256 1620 1536 1667 ,qloriofiffimum
1577 1620 1797 1666 triumphum
1833 1620 1874 1654 de
1915 1618 2014 1653 viclo

1257 1673 1462 1711 Annibale,
1498 1671 1648 1706 intravit
1686 1671 1817 1705 Urbem
1859 1681 1938 1703 cum
1966 1667 2016 1703 fa-

1257 1724 1310 1758 cie
1337 1722 1448 1757 tinffla
1478 1721 1612 1764 minio,
1642 1729 1682 1755 ut
1709 1719 1829 1754 scribit
1857 1717 2014 1754 Plinius.

1308 1776 1428 1815 Frate,
1456 1770 1531 1816 diss’
1543 1772 1627 1817 egli,
1654 1790 1841 1797 -----

1261 1823 1353 1859 Heic
1384 1825 1491 1858 Poeta
1519 1820 1620 1862 ponit
1648 1820 1899 1869 responsionem
1920 1819 2019 1856 illius

1261 1874 1302 1910 ad
1330 1873 1388 1918 se,
1426 1873 1487 1921 qui
1515 1871 1699 1907 humiliter
1739 1870 1927 1906 confitetur
1953 1869 2019 1904 fal-

1263 1925 1332 1960 sam
1369 1924 1542 1972 gloriam,
1584 1935 1687 1969 quam
1716 1922 1925 1968 quaerebat.
1972 1922 2020 1956 Et

1786 1971 1886 2006 Dicit
1913 1983 2016 2018 ergo:

1263 2025 1436 2071 diss’egli,
1457 2023 1613 2066 scilicet,
1633 2021 1696 2058 ille
1710 2021 1888 2056 Odorifius
1904 2020 2017 2056 dixit:

1319 2095 1504 2101 -----
1530 2074 1588 2118 pit>
1615 2074 1704 2107 ritson
1731 2073 1759 2106 le
1785 2083 1887 2116 carte,

1265 2126 1369 2167 idest,
1398 2124 1523 2160 florent
1542 2136 1550 2158 :

1316 2177 1381 2210 Che
1411 2174 1636 2221 pennelleggt'a
1661 2194 1849 2201 -----

1318 2298 1504 2304 -----
1532 2278 1652 2310 Franco
1679 2275 1847 2321 Bolognese
1863 2301 1871 2309 .

1269 2328 1341 2364 Hic
1369 2327 1437 2363 fuit
1464 2326 1553 2362 alius
1582 2325 1759 2361 Miniator
1795 2324 1836 2360 de
1864 2322 2023 2360 Bononia

1270 2377 1500 2415 excellentior
1539 2390 1580 2412 eo
1598 2404 1608 2419 ‚
1650 2388 1855 2412 concurrens
1882 2373 1992 2409 secum
2012 2398 2023 2412 >

1238 2437 1239 2442 ’
1273 2429 1359 2465 ficut
1402 2436 1557 2476 apparet¹
1582 2426 1620 2465 in
1662 2425 1864 2474 quibusdam
1905 2423 2027 2459 Libris

1274 2479 1444 2515 Miniatis
1472 2491 1531 2527 per
1557 2490 1658 2525 eum.
1686 2476 1767 2511 Ideo
1794 2474 1852 2509 dat
1869 2472 1930 2509 fibi
1952 2474 2028 2522 pal-2

1275 2543 1368 2566 mam
1396 2529 1497 2577 hujus
1525 2528 1648 2567 Artis,
1676 2526 1813 2562 dicens:
1832 2574 1839 2582 ι
1876 2574 1883 2582 .

1325 2579 1365 2615 L'
1376 2592 1463 2614 onore
1487 2581 1504 2612 ἑ
1523 2583 1604 2625 tuito
1623 2589 1655 2611 σν
1666 2577 1745 2620 suo,
1769 2579 1854 2609 e'mto
1870 2588 1903 2608 m
1917 2579 2029 2619 parteg

1914 2629 1978 2661 Ad
