2216 3105
419 222 500 272 763

361 275 495 311 cursum
523 272 676 315 Martis,
703 275 741 312 in
763 277 860 326 cujus
881 278 1024 314 Planeta
1044 291 1120 314 mo-
1158 279 1193 314 A

362 326 407 361 do
435 334 527 361 erat.

613 378 676 413 Ad
703 379 786 424 Vers.
812 392 873 426 40.

412 427 470 462 Gli
493 426 614 462 antichi
638 428 711 462 miei
737 450 753 456 -
779 450 795 456 -
822 451 838 457 -
865 452 881 458 -

361 478 454 515 Heic
491 477 726 527 Caeciaguida
768 479 950 527 respondet
985 480 1118 529 primae

361 528 551 575 petitioni,
595 527 632 564 ἃ
680 529 832 565 breviter
871 530 987 570 dicit,
1025 532 1117 578 quod

360 580 411 616 sui
441 579 726 628 praedecessores,
754 581 787 614 δε
813 580 906 624 ipse,
935 580 1115 617 habitave-

361 641 442 666 runt
481 631 515 666 in
552 631 632 666 loco
675 629 916 677 antiquiffino
943 631 1116 667 Civitatis

359 681 558 716 Florentiae
587 694 691 729 prope
721 683 847 716 Forum
878 684 1006 716 Vetus.
1047 683 1116 717 De-

359 731 481 766 scribit
518 741 632 766 autem
675 730 786 773 ipsum
828 733 944 767 locum
982 745 1000 767 a
1028 731 1115 777 ficu,

361 781 398 816 ὃς
436 795 454 816 a
491 781 640 829 quodam
685 780 846 828 fingulari
892 781 971 818 agiu
1012 781 1115 830 ipsius

360 831 556 867 Civitatis.
589 832 685 867 Dicit
714 845 815 880 ergo:

408 883 465 916 Gli
484 883 605 917 antichi
629 883 702 917 miei
716 903 940 921 ......

357 932 465 972 idest,
495 934 662 981 majores,
692 932 826 968 scilicet
853 933 1009 970 Elisaei:

407 1005 423 1010 -
450 1005 464 1010 -
493 1006 508 1010 -
535 1005 549 1010 -
578 984 623 1022 εὖ*
646 986 673 1017 io
701 984 811 1029 nat-qni
831 989 879 1018 nel
904 987 986 1028 loco,

299 1037 303 1040 ⁴
358 1033 513 1074 scilicet,
541 1034 632 1069 intra
660 1034 858 1072 Civitatem
890 1033 1109 1070 Florentiae:

406 1089 473 1120 Ove
492 1084 524 1125 fi
549 1096 641 1120 tro-va
664 1086 736 1128 pria
762 1084 785 1118 l'
798 1086 906 1119 ultimo
932 1085 1035 1129 Sesto,

358 1134 460 1175 idest,
502 1136 719 1171 Sexterium.
768 1135 825 1170 Ad
871 1136 962 1183 quod
1003 1136 1113 1171 scien-

356 1186 461 1226 dum.
500 1186 591 1233 quod
622 1185 799 1222 florentia
828 1197 901 1221 erat
942 1186 1029 1221 olim
1058 1186 1112 1221 di-

357 1236 428 1272 visa
458 1249 516 1282 per
544 1237 701 1273 Sexteria
720 1266 728 1278 ,
757 1236 840 1271 idest
869 1250 926 1283 per
954 1236 1010 1272 sex
1037 1250 1112 1283 par-

357 1296 426 1322 tes.
457 1289 560 1322 Nunc
593 1291 674 1323 vero
706 1301 764 1334 per
785 1287 998 1334 Quarteria,
1027 1287 1112 1323 sicut

354 1340 386 1374 ὃ(
417 1338 599 1374 Bononia.
629 1341 673 1373 Et
701 1338 816 1373 dicit:

405 1392 459 1424 Da
486 1390 577 1436 quel,
620 1390 670 1424 che
696 1402 775 1424 corre
804 1390 829 1423 il
856 1389 956 1431 vostro
990 1391 1112 1425 annual

452 1441 560 1486 gioco.

358 1490 462 1533 Idest,
491 1491 532 1525 ab
561 1490 661 1532 illis,
698 1490 759 1538 qui
788 1499 930 1525 currunt
957 1489 998 1525 ad
1028 1492 1111 1525 Bra-

354 1541 473 1576 vium.
503 1542 560 1576 Ad
589 1541 681 1588 quod
710 1541 908 1581 sciendum.
951 1541 1043 1587 quod
1071 1541 1111 1575 de

356 1604 450 1626 more
487 1591 531 1625 est
567 1591 789 1628 Florentiae,
831 1590 922 1632 quod
971 1590 1110 1637 lingulis

355 1641 453 1676 annis
481 1641 516 1675 in
547 1640 627 1676 festo
654 1640 821 1684 Johannis
843 1639 1014 1688 Baptistae
1035 1653 1111 1674 cur-

355 1700 434 1726 runt
471 1691 552 1738 equi
590 1691 631 1726 ad
673 1690 868 1730 Bravium,
912 1690 948 1725 in
978 1689 1109 1738 signum

355 1741 493 1776 festivae
534 1741 714 1782 laetitiae,
743 1740 826 1775 ficut
853 1742 885 1775 ὅ(
916 1740 1002 1787 apud
1034 1741 1110 1786 plu-

355 1805 406 1828 res
431 1790 613 1827 Civitates
642 1790 785 1825 Italiae.
815 1792 860 1824 Et
889 1789 945 1823 hic
966 1789 1009 1824 est
1035 1802 1109 1823 mos

354 1840 610 1889 antiquissimus
631 1849 702 1875 tam
725 1839 811 1886 apud
834 1842 984 1875 Grae-cos
1005 1840 1109 1886 quam

354 1892 442 1941 apud
480 1894 682 1927 Romanos.
728 1890 840 1926 Mod&
879 1889 918 1924 ad
959 1888 1110 1937 proposi—

355 1953 429 1978 tum
447 1969 456 1978 .
498 1944 686 1978 Currentes
723 1942 763 1976 ad
793 1941 960 1976 Bravium
989 1939 1110 1975 transi-

355 1996 437 2029 bant
464 2003 544 2030 ante
571 1994 693 2029 domos
720 1991 935 2027 Elisaeorum
957 1991 993 2025 in
1015 1990 1111 2031 prin-

355 2044 448 2092 cipio
475 2044 596 2080 ultimi
624 2043 795 2082 Sexterii,
823 2044 855 2077 δε
880 2055 983 2089 prope
1011 2040 1111 2075 Mer—

355 2106 470 2131 catum
499 2097 631 2132 Vetus,
668 2093 728 2141 qui
766 2092 810 2128 est
845 2094 942 2128 locus
970 2090 1109 2126 Merca—

354 2156 469 2183 torum
511 2147 676 2193 antiquus
711 2145 744 2179 &
774 2142 923 2178 famosus
965 2143 1109 2177 Floren-

354 2197 445 2241 tiae,
482 2197 568 2233 sicut
597 2196 707 2235 Rivus
734 2195 825 2230 altus
854 2191 1037 2235 Venetus,
1074 2194 1108 2227 δε

355 2249 562 2283 Carrobium
593 2247 791 2282 Bononiae.
821 2247 866 2279 Et
894 2244 971 2279 heic
1000 2253 1108 2283 nota,

354 2297 444 2344 quod
481 2298 570 2345 apud
611 2298 733 2333 domos
774 2295 989 2331 Elisaeorum
1041 2293 1109 2328 fuit

353 2347 440 2382 olim
477 2351 589 2385 Arcus
638 2346 890 2393 triumphalis,
934 2344 975 2380 ad
1004 2357 1107 2390 quem

354 2397 403 2431 rei
443 2397 613 2446 fugientes
654 2399 870 2434 habebantur
914 2395 1108 2430 immunes.

352 2449 472 2482 Tanto
509 2449 697 2497 privilegio
739 2445 940 2485 nobilitatis
980 2445 1107 2494 gaude-

354 2498 438 2534 bant
459 2497 526 2547 ipsi
553 2499 701 2536 Elisaei„

698 216 1171 261 BENVENUTI
1212 220 1653 265 IMOLENSIS

1154 1641 1184 1672 D

1151 2087 1178 2119 E

1483 283 1546 317 Ad
1573 282 1654 326 Vers.
1681 281 1743 328 46.
1850 241 1872 280 7

1282 331 1377 366 Tum‘
1396 332 1492 372 color,
1513 331 1590 367 cb’a
1610 333 1679 379 quel
1699 342 1798 378 tempo
1817 331 1987 374 eradi-vi,

1233 381 1323 416 Heic
1359 382 1592 431 Caeciaguida
1636 381 1799 418 describit
1834 383 1989 430 qualita-

1232 440 1303 466 tem
1332 431 1433 469 status
1459 432 1535 469 suae
1563 431 1760 469 Civitatis.
1789 435 1837 469 Et
1863 433 1907 469 est
1934 447 1988 469 re-

1233 480 1364 528 sponfio
1404 483 1445 519 ad
1472 483 1614 520 tertiam
1643 484 1874 532 petitionem.
1917 486 1986 520 Re-

1232 531 1375 578 spondet
1402 547 1505 581 ergo,
1533 534 1648 581 primo
1675 534 1716 570 de
1745 534 1988 583 magnitudine

1232 582 1423 623 Civitatis,
1469 582 1507 619 ὃ(
1559 584 1786 620 multitudine
1837 584 1985 621 Civium

1232 641 1387 679 tempore
1415 632 1497 676 suo,
1533 633 1567 667 &
1596 634 1748 670 breviter
1788 637 1865 670 vult
1892 635 1986 671 dice—

1230 696 1285 723 re,
1313 683 1404 729 quod
1433 682 1471 717 in
1499 695 1604 729 parva
1628 683 1787 719 Civitate
1808 695 1882 720 erat
1901 695 1985 721 tunc

1231 746 1355 777 parvus
1376 731 1524 767 Civium
1551 745 1731 768 numerus.
1761 734 1862 769 Dicit
1882 748 1984 781 ergo:

1229 784 1323 816 Tmti
1349 784 1450 820 color,
1477 781 1523 815 ch’
1539 796 1558 816 a
1585 783 1656 827 quel
1683 793 1782 826 tempo
1815 783 1961 817 eran’ivi
1978 813 1988 828 ‚

1195 839 1201 895 ἶ
1229 831 1364 868 scilicet
1400 833 1437 868 in
1475 834 1686 868 MCXLIV.
1715 834 1752 868 in
1781 833 1985 869 Florentia:

1279 887 1333 918 Da
1356 882 1569 927 portat-’arme
1595 903 1822 910 ------

1194 898 1201 1174 ἱ
1228 932 1332 975 idest,
1370 946 1512 972 omnes,
1556 933 1616 980 qui
1644 943 1740 969 erant
1769 943 1852 969 tunc
1880 934 1985 970 armi*

1230 993 1408 1031 potentes:
1439 986 1486 1019 Et
1513 983 1627 1019 dicit:

1277 1055 1292 1060 —
1319 1055 1336 1061 -
1363 1056 1379 1061 —
1406 1056 1422 1061 -
1448 1045 1499 1069 tra
1527 1037 1661 1079 Marte,
1689 1034 1745 1069 e'l
1772 1035 1899 1078 Bausta
1913 1050 1934 1078 ς

1188 1114 1190 1117 ,
1228 1084 1354 1132 Aliqui
1376 1099 1418 1121 ex
1442 1085 1642 1134 ignorantia
1664 1095 1867 1132 pervertunt
1887 1086 1985 1122 istam

1228 1136 1394 1176 literam,
1422 1135 1576 1171 dicentes
1596 1163 1605 1180 ,
1646 1135 1737 1183 quod
1767 1137 1844 1171 vult
1873 1136 1987 1172 dicere

1226 1199 1243 1220 a
1273 1186 1451 1234 principio
1481 1186 1700 1225 Florentiae,
1728 1199 1816 1234 quae
1844 1185 1985 1222 fundata

1225 1235 1292 1271 fuit
1335 1236 1392 1272 sub
1442 1236 1561 1273 Marte
1614 1236 1718 1284 usque
1760 1237 1800 1272 ad
1847 1245 1984 1282 tempus

1224 1285 1529 1329 Christianitatis,
1571 1287 1709 1336 quando
1748 1286 1882 1335 accepit
1923 1289 1983 1330 Jo-

1226 1337 1376 1373 hannem
1408 1337 1595 1386 Baptistam
1625 1351 1687 1386 pro
1717 1340 1894 1373 Patrono.
1922 1336 1985 1373 Sed

1224 1388 1309 1423 istud
1357 1389 1449 1424 nihil
1488 1388 1532 1425 est
1572 1388 1705 1424 dicere.
1749 1388 1833 1424 Ideo
1870 1387 1986 1431 dicas,

1223 1439 1315 1485 quod
1345 1439 1511 1475 describit
1552 1441 1735 1487 antiquum
1772 1438 1873 1474 fitum
1903 1439 1986 1472 Flo—

1222 1488 1376 1527 rentiae,
1415 1489 1558 1523 dicens:
1599 1493 1666 1523 Tra
1702 1493 1841 1531 Marte,
1878 1487 1984 1530 idest,

1221 1538 1313 1572 inter
1342 1540 1487 1572 Pontem
1519 1539 1707 1575 Veterem,
1736 1537 1772 1571 in
1801 1537 1897 1583 cujus
1926 1548 1982 1571 ca*

1222 1587 1292 1632 pite
1320 1597 1393 1622 erat
1421 1590 1541 1622 Statua
1570 1586 1719 1624 Martis,
1768 1595 1806 1621 ut
1848 1585 1983 1622 dieium

1220 1637 1263 1672 est
1289 1637 1325 1672 in
1348 1637 1508 1676 Inferno,
1534 1638 1567 1671 ἃ
1595 1636 1681 1670 alibi
1703 1635 1799 1682 saepe
1822 1662 1832 1678 ,
1858 1636 1891 1669 8<
1913 1635 1981 1670 ite-

1220 1701 1294 1722 ru-rn
1324 1687 1459 1722 dicetur
1487 1687 1590 1728 paulo
1620 1684 1710 1719 infra
1744 1684 1781 1718 in
1811 1684 1981 1731 praesenti

1192 1757 1195 1806 V
1220 1737 1411 1782 Capitulo,
1432 1750 1447 1769 e
1463 1735 1487 1769 ’l
1502 1735 1629 1777 Batista
1644 1762 1652 1777 ‚
1670 1734 1771 1773 idest,
1792 1734 1980 1771 Ecclesiam

1221 1786 1388 1829 johannis
1427 1785 1622 1833 Baptistae,
1665 1798 1751 1832 quae
1788 1785 1856 1820 fuir
1892 1785 1982 1820 olim

1192 1807 1194 1885 l
1222 1837 1410 1884 Templum
1440 1836 1593 1871 Martis.
1637 1837 1682 1870 Et
1720 1849 1778 1883 per
1805 1835 1867 1871 hos
1896 1848 1979 1871 con-

1192 1888 1194 1909 l
1221 1887 1305 1922 fines
1333 1887 1435 1922 datur
1461 1886 1616 1933 intelligi
1645 1895 1760 1921 totum
1790 1886 1890 1921 sltum
1919 1900 1977 1922 ve-

1221 1938 1303 1972 teris
1347 1937 1541 1973 Civitatis.
1583 1939 1630 1971 Et
1672 1937 1715 1971 fic
1745 1936 1848 1976 vide,
1889 1937 1982 1984 quod

1223 1988 1401 2024 Florentia
1429 2001 1498 2022 non
1529 1996 1602 2022 erat
1629 1995 1712 2022 tunc
1741 1986 1896 2022 habitata
1925 1989 1980 2022 ul-

1192 2051 1195 2075 l
1222 2049 1272 2073 tra
1303 2041 1462 2077 Arnum,
1490 2037 1575 2073 sicut
1603 2051 1719 2073 nunc.
1748 2039 1831 2072 Erat
1860 2047 1977 2072 autem

1191 2076 1194 2118 l
1221 2088 1308 2134 apud
1336 2088 1466 2123 dietam
1495 2087 1683 2123 Ecclesiam
1727 2087 1978 2131 Baptismalem

1223 2142 1348 2179 Porta,
1376 2152 1463 2186 quae
1490 2137 1621 2174 dicitur
1649 2137 1689 2172 de
1716 2137 1912 2185 Episcopo,
1940 2136 1979 2173 &

1221 2192 1262 2225 ab
1299 2189 1379 2225 inde
1421 2188 1504 2225 foris
1551 2198 1624 2224 erat
1665 2189 1818 2234 Burgum
1860 2187 1979 2224 Sansti

1221 2239 1435 2281 Laurentii,
1473 2242 1507 2274 δ(
1536 2238 1742 2274 claudebant
1770 2238 1908 2274 moenia
1937 2238 1979 2274 ad

1223 2294 1363 2327 Portam
1392 2290 1535 2326 sanetae
1563 2289 1698 2325 Mariae
1735 2291 1852 2324 versus
1880 2288 1976 2324 viam

1220 2343 1370 2389 regalem
1399 2341 1487 2376 dieti
1517 2339 1658 2376 Pontis.
1687 2339 1789 2374 Dicit
1817 2352 1924 2388 ergo:

1271 2396 1379 2427 Erana
1407 2392 1433 2425 il
1456 2392 1564 2439 quinto
1591 2410 1777 2417 -----

1220 2443 1327 2481 idest,
1355 2441 1479 2489 quinta
1507 2454 1607 2490 pars:

1270 2515 1285 2520 —
1312 2514 1328 2519 —
1355 2514 1371 2520 -
1399 2514 1414 2519 -
1441 2493 1477 2527 di
1503 2492 1596 2539 quei,
1625 2493 1675 2526 che
1696 2492 1753 2536 son
1779 2491 1876 2527 vr'vz'.

1219 2543 1330 2583 mest,
1358 2542 1420 2591 qui
1447 2557 1539 2579 nunc
1567 2543 1727 2578 habitant
1755 2538 1885 2597 diffiafii
1914 2541 1978 2576 Ci-

1838 2600 1931 2625 Vita-
