2216 3105
403 232 482 262 211

726 224 1117 286 ANTIQUIT.
1161 228 1398 271 MEDII
1435 227 1617 270 AEVI

1832 243 1911 271 212

343 341 508 385 ottonis
540 345 592 385 11.
625 347 874 400 Imperatoris
906 350 1117 409 Diploma,
1162 365 1241 407 quo
1282 349 1493 393 Canonicis
1534 350 1726 394 Ecclefiae
1758 351 1969 394 Parmensis

508 403 644 446 omnia
673 404 834 450 illorum
866 408 949 462 jura
979 425 1024 453 ac
1056 409 1263 465 Privilegia
1293 410 1522 463 confirmat,
1555 412 1675 452 Anno
1705 414 1803 464 980.

443 519 476 552 N
505 519 648 556 nornine
676 523 818 559 sanetae
838 525 872 560 &
893 525 1097 563 individuae

467 570 682 607 Trinitatis.
710 575 800 608 Otto
827 575 950 611 divina
977 577 1097 613 faven-

343 540 368 559 52

341 590 365 609 '2

341 640 365 659 ‚,
393 626 428 652 te
471 619 692 666 providentia
738 625 932 670 Imperator
972 629 1096 675 Augu-

340 692 364 710 „
392 667 477 703 stuS.
505 670 677 706 Omnium
706 671 840 709 sanetae
869 675 936 711 Dei
973 679 1094 712 Eccle-

340 742 363 760 ‚‚
391 716 482 757 fiae,
519 719 780 770 nostrorumque
817 725 1027 772 presentium
1055 741 1094 762 ac

338 792 362 810 ,‚
391 765 588 805 futurorum
625 770 782 807 fidelium
811 776 952 811 noverit
991 777 1095 813 indu-

337 842 362 862 „
389 816 491 858 stria,
518 833 560 855 eo
587 822 681 868 quod
708 821 887 860 Canonici
929 828 1093 863 Parmen-

339 893 362 912 ‚,
391 866 439 903 ses
468 868 603 906 sanetae
631 873 787 909 matricis
815 875 1010 917 Ecclesiae,
1037 878 1092 913 in—

338 943 362 961 „
389 926 551 956 terventu
579 935 619 956 ac
647 923 819 970 petitione
847 927 1003 962 Dominae
1039 942 1093 962 no—

337 994 361 1012 „
383 968 467 1010 strae
502 972 612 1006 matris
637 974 821 1010 ,adelaidae
860 976 1007 1013 nostram
1043 977 1093 1013 ef-

337 1043 361 1062 „
389 1017 587 1067 flagitantes
625 1023 886 1069 celsitudinem,
928 1028 1092 1074 quatinus

337 1094 361 1113 ‚,
389 1082 511 1105 omnes
546 1070 783 1110 Canonicales
822 1090 873 1111 res
901 1076 960 1112 sub
987 1078 1092 1113 nostri

335 1144 360 1163 ‚,
390 1121 571 1168 Praecepti
613 1123 882 1161 confirmatione
924 1128 1093 1174 recipere—

335 1195 360 1213 „
388 1182 484 1206 mus,
513 1173 674 1217 Quorum
703 1174 824 1222 justam
862 1176 1093 1225 efflagitacio-

335 1246 360 1264 ,‚
387 1232 469 1255 nem
497 1222 770 1265 considerantes,
793 1225 882 1261 illud
905 1238 1022 1264 mente
1042 1243 1093 1264 re-

336 1296 359 1315 „
388 1272 594 1316 volventes,
631 1276 798 1321 quoniam
827 1275 848 1311 si
880 1279 955 1313 Deo
982 1278 1094 1315 famu-

337 1347 361 1364 „
388 1322 542 1358 lantibus
558 1323 595 1358 in
615 1325 778 1361 omnibus
799 1327 908 1363 nostra
924 1328 1094 1378 Magestas

336 1397 360 1415 „
388 1371 645 1410 necessitatibus
662 1375 860 1413 subvenerit
873 1406 882 1419 ,
904 1381 1016 1414 Deum
1034 1394 1091 1415 no-

336 1447 361 1466 „
389 1422 441 1457 bis
463 1424 656 1472 propitium
686 1425 911 1472 habebimus,
940 1429 1093 1477 supradi-

337 1498 361 1516 ,‚
388 1472 525 1508 &orum
547 1474 713 1511 videlicet
734 1479 994 1514 Canonicorum
1017 1480 1094 1515 affi-

335 1548 360 1566 ‚‚
388 1522 465 1558 duis
487 1524 667 1574 precibus;
691 1527 780 1562 unde
799 1537 871 1562 tam
893 1529 1020 1565 Christi
1042 1544 1092 1565 re-

336 1598 360 1616 „
388 1574 654 1618 muneratione,
690 1578 866 1625 quamque
907 1580 1030 1615 matris
1057 1595 1093 1616 a-

335 1648 361 1666 „
389 1636 486 1658 more
503 1650 514 1666 ,
564 1638 699 1661 necnon
741 1627 884 1664 illorum
931 1631 1093 1666 Sacerdo-

336 1698 361 1716 ‚,
389 1682 465 1708 tum
487 1674 729 1712 interceffione
749 1691 870 1714 omnes
891 1693 941 1714 res
968 1681 1094 1726 praeli-

336 1748 361 1766 „
389 1723 488 1759 batae
525 1726 695 1762 Ecclesiae
732 1736 804 1763 tam
832 1729 923 1764 infra
949 1731 1092 1766 Civita-

336 1799 361 1816 ‚‚
388 1782 459 1808 tem
488 1776 592 1822 quam
620 1786 738 1813 extra:
780 1779 946 1814 videlicet
973 1794 1093 1817 omnes

336 1848 362 1867 „
388 1823 534 1864 domos,
562 1839 648 1872 quae
679 1828 803 1870 Papiae
825 1829 948 1865 habere
970 1832 1092 1866 viden-

333 1897 359 1916 „
387 1883 464 1909 tur:
494 1875 682 1913 Castellum
713 1878 882 1915 Palafioni
911 1894 989 1916 cum
1014 1895 1091 1916 om-

335 1948 360 1966 „
387 1924 490 1960 nibus
531 1925 599 1962 suis
646 1928 851 1974 adjacentiis
901 1932 935 1966 8<
976 1932 1091 1980 operis

334 1999 359 2018 ‚,
387 1984 459 2010 tam
496 1976 538 2012 de
583 1977 788 2015 Castellanis
833 1994 1008 2029 quamque
1050 1983 1090 2019 de

333 2048 359 2068 ‚,
385 2026 561 2070 Colonis,
607 2029 641 2063 δε
678 2038 790 2065 cetera
826 2031 945 2067 omnia
983 2032 1089 2068 servi-

333 2099 358 2118 „
385 2075 462 2119 tia,
503 2091 591 2125 quae
633 2078 898 2116 circumvicinis
939 2083 1089 2130 Oppidis

333 2149 359 2167 ‚,
386 2127 493 2162 ceteri
522 2128 727 2165 Castellanis
755 2130 1024 2178 praesidentibus
1053 2147 1088 2169 e-

332 2199 356 2217 „
384 2176 556 2224 xhibent;
578 2179 629 2214 ita
650 2179 711 2227 ipsi
735 2180 887 2228 superius
907 2182 994 2217 diffi
1015 2182 1089 2219 Ca-

330 2248 356 2267 „
383 2225 493 2266 stelli,
534 2226 573 2262 &
614 2238 807 2264 ceterorum
844 2232 1004 2267 omnium
1033 2233 1088 2268 in-

331 2298 355 2317 „
383 2274 549 2311 seriorum
587 2278 815 2314 Castellorum
855 2281 993 2317 incolae
1032 2283 1086 2318 su—

330 2349 354 2366 „
382 2326 547 2373 pradifflis
575 2328 767 2364 Canonicis
793 2331 891 2366 omni
929 2340 1086 2378 tempore

330 2399 353 2416 ‚,
381 2375 565 2412 secundum
606 2391 738 2413 morem
788 2380 947 2416 locorum
985 2382 1085 2418 exhi-

330 2449 353 2466 ‚,
382 2426 505 2462 beant:
546 2427 681 2463 scilicet
708 2430 942 2474 Macritulae,
979 2433 1084 2479 Gaia-

330 2498 353 2515 „
382 2489 463 2512 num
480 2505 487 2519 ,
512 2479 787 2522 Monticellum,
810 2482 1083 2529 Aqualatuiam‚

1115 2365 1118 2393 Ι

330 2548 354 2565 η
382 2527 570 2564 Castellum
598 2530 638 2564 de
666 2531 834 2574 Sablone,
876 2533 967 2579 quod
997 2546 1083 2569 nun—
1109 2534 1114 2573 l

1137 524 1181 561 A?

1134 1422 1166 1457 C

1127 2331 1154 2362 ἷί

1210 553 1234 570 „
1262 534 1407 573 cupatur
1447 525 1524 562 Sasa
1567 526 1678 562 Massa
1715 539 1794 562 cum
1831 524 1966 563 Corte,

1209 603 1233 619 „
1261 575 1451 612 Castellum
1481 577 1522 612 de
1550 578 1735 616 Folfiano,
1763 576 1856 623 quod
1877 589 1964 611 nun-

1209 651 1231 669 ,‚
1261 636 1406 672 cupatur
1452 628 1653 663 Mucletum
1700 640 1778 662 cum
1825 628 1934 661 Corte
1956 653 1966 668 ,

1210 702 1232 720 „
1259 677 1447 712 Castellum
1485 678 1525 712 de
1564 680 1692 713 Monte
1732 677 1856 712 Gibuli
1886 689 1966 711 cum

1209 752 1232 769 „
1260 726 1328 762 suis
1367 726 1617 775 pertinentiis,
1654 725 1692 762 ἃ.
1730 739 1808 762 cum
1852 727 1961 761 Colo*

1210 802 1232 819 „
1259 777 1312 812 nis
1331 805 1339 820 ,
1367 777 1428 825 qui
1458 777 1618 812 habitant
1646 776 1683 812 in
1712 778 1839 811 Monte
1867 777 1965 832 Acu-

1209 852 1231 868 ,‚
1258 828 1356 866 tulo,
1393 827 1583 863 Castellum
1612 827 1652 862 de
1681 827 1758 862 Sala
1786 838 1865 862 cum
1895 825 1962 861 suis

1207 902 1230 919 ‚,
1259 877 1507 925 pertinentiis,
1535 879 1569 912 &
1597 890 1676 913 cum
1705 875 1961 933 mansionibus,

1207 952 1230 969 ‚,
1258 941 1324 973 que
1361 927 1440 962 sunt
1475 929 1512 963 in
1551 928 1744 963 suburbano
1780 927 1961 962 territorio

1206 1001 1229 1018 ‚,
1258 977 1456 1019 Ferrariae,
1483 978 1517 1012 8<
1544 976 1694 1012 Cortem
1722 977 1762 1012 de
1790 977 1963 1018 Gavello,

1206 1051 1229 1068 „
1256 1026 1291 1060 8(
1320 1026 1510 1062 mansiones
1538 1026 1628 1061 infra
1655 1026 1853 1062 Civitatem
1880 1026 1962 1060 Bol—

1205 1092 1228 1117 ,·‚
1257 1076 1390 1111 Ioniam
1412 1103 1423 1120 ,
1465 1089 1543 1112 cum
1581 1075 1732 1111 Ecclesia
1773 1076 1806 1110 &
1844 1074 1963 1110 vineas

1206 1151 1230 1168 ‚,
1257 1127 1291 1161 &
1333 1135 1461 1166 terras,
1503 1140 1591 1174 quae
1631 1126 1771 1162 fuerunt
1813 1125 1963 1173 Regizo-

1206 1201 1229 1219 „
1257 1176 1338 1216 nis,
1373 1179 1407 1212 &
1451 1177 1585 1213 mansos
1624 1177 1710 1212 duos
1750 1176 1792 1212 de
1832 1177 1933 1212 Al..
1954 1202 1964 1212 .

1206 1252 1229 1268 „
1257 1227 1391 1262 manis:
1421 1229 1530 1263 Corte
1558 1228 1599 1263 de
1626 1226 1756 1263 Monte
1783 1239 1862 1262 cum
1886 1239 1966 1261 orn·-

1205 1302 1229 1319 „
1257 1278 1359 1313 nibus
1386 1277 1455 1314 suis
1480 1277 1724 1326 pertinentiis:
1754 1279 1900 1313 Cortem
1921 1275 1964 1312 de

1206 1353 1229 1369 ‚,
1256 1327 1427 1373 Spaniaco
1447 1342 1526 1364 curn
1547 1327 1718 1364 Ecclesia:
1750 1330 1895 1364 Cortem
1918 1326 1961 1362 de

1204 1403 1228 1419 „
1256 1379 1397 1414 Balloni
1418 1392 1495 1415 cum
1516 1379 1584 1415 suis
1613 1378 1836 1423 pertinentiis
1863 1378 1896 1412 8<
1926 1390 1961 1412 a—

1205 1453 1228 1470 „
1256 1428 1461 1475 djacentiis,
1497 1431 1529 1464 ἃ
1562 1432 1684 1465 Runco
1711 1427 1958 1484 Colombino:

1205 1503 1229 1520 „
1256 1481 1402 1513 Cortem
1439 1480 1479 1514 de
1520 1479 1715 1516 Cornitulo
1743 1491 1821 1514 cum
1852 1479 1960 1513 valli:

1206 1553 1229 1570 ,‚
1256 1530 1402 1563 cortem
1430 1531 1663 1564 Temoncello
1691 1530 1789 1576 juxta
1812 1529 1956 1584 Blanco-

1205 1603 1229 1621 „
1255 1578 1349 1617 nise,
1393 1592 1472 1614 cum
1517 1579 1655 1620 runcis,
1701 1578 1760 1625 qui
1806 1577 1882 1613 sunt
1923 1589 1960 1634 in

1205 1653 1228 1671 „
1256 1628 1445 1672 Viaciolo,
1481 1630 1515 1663 &
1553 1642 1632 1664 cum
1659 1628 1826 1664 omnibus
1853 1636 1958 1675 perti-

1204 1704 1227 1721 „
1256 1680 1420 1714 nentibus
1457 1680 1583 1714 terris:
1626 1680 1659 1713 &
1704 1679 1825 1713 Plebes
1851 1678 1962 1717 duas,

1205 1754 1228 1770 ‚‚
1257 1742 1359 1764 unam
1407 1728 1525 1764 saneti
1574 1728 1730 1775 Prosperi
1754 1755 1763 1768 ,
1815 1728 1960 1762 alteram

1205 1804 1228 1821 ,‚
1256 1778 1374 1814 83ηέὶί
1402 1778 1553 1813 Martini
1584 1779 1620 1813 in
1649 1778 1779 1813 honore
1806 1778 1959 1821 dicatas,

1205 1854 1228 1870 „
1256 1842 1335 1864 curn
1377 1828 1540 1864 omnibus
1569 1828 1707 1864 illarum
1738 1829 1960 1871 pertinentiis

1205 1904 1227 1921 „
1255 1881 1288 1914 8<
1326 1879 1492 1914 decimis:
1537 1878 1765 1926 similiterque
1806 1879 1957 1914 decimas

1204 1954 1227 1971 ,‚
1255 1929 1413 1965 omnium
1431 1928 1613 1964 hominurn
1626 1929 1861 1965 habitantium
1880 1931 1958 1964 Par-

1204 2004 1226 2021 „
1256 1993 1370 2019 mam,
1398 1980 1633 2015 laborantium
1664 1979 1868 2015 suburbanas
1890 1989 1959 2014 ter-

1171 2064 1173 2067 .
1205 2055 1227 2071 „
1255 2044 1329 2073 ras,
1366 2043 1453 2078 quae
1480 2030 1688 2065 dividuntur
1724 2043 1743 2065 a
1773 2030 1955 2065 Plebibus:

1171 2072 1173 2113 ἶ
1203 2105 1226 2121 ,‚
1254 2094 1388 2116 necnon
1425 2080 1532 2116 etiam
1576 2080 1716 2116 tertiam
1746 2090 1879 2128 partem
1908 2089 1958 2115 te-

1171 2130 1349 2172 ·‚,10nei
1390 2131 1539 2179 ejusdem
1584 2131 1778 2166 Civitatis:
1822 2144 1957 2166 necnon

1204 2205 1226 2222 „
1255 2181 1389 2216 mansos
1417 2181 1453 2216 in
1482 2181 1697 2225 Gambiolo,
1736 2182 1770 2226 &
1799 2181 1835 2216 in
1865 2194 1957 2216 cam-

1202 2255 1225 2272 „
1254 2244 1298 2278 po
1338 2231 1508 2267 Tusatico
1544 2233 1577 2267 &
1616 2231 1652 2267 in
1695 2231 1882 2266 Soleniano
1923 2233 1957 2266 &

1202 2305 1225 2322 „
1253 2281 1415 2317 Cirliano
1443 2283 1475 2317 &
1505 2283 1541 2317 in
1571 2284 1730 2318 Noceto:
1760 2281 1829 2317 slve
1849 2281 1955 2317 etiam.

1172 2321 1225 2372 Ξη,
1254 2331 1417 2373 Mansos,
1455 2333 1516 2380 qui
1553 2332 1631 2368 sunt
1668 2333 1757 2368 ultra
1796 2332 1954 2375 Inciam,

1171 2386 1174 2417 ἲ
1202 2405 1226 2422 ,,
1254 2382 1308 2418 seu
1351 2383 1480 2430 ubique
1529 2384 1686 2419 locorum
1733 2382 1792 2418 sub
1841 2382 1955 2417 nostro

1171 2427 1174 2502 ἰ
1202 2456 1225 2472 ,‚
1253 2432 1403 2480 imperio
1432 2433 1580 2477 Italico,
1622 2443 1693 2468 tam
1722 2432 1758 2468 in
1787 2431 1953 2479 planicie*

1169 2533 1174 2560 l

1171 2506 1174 2515 ι
1203 2506 1226 2523 ,,
1253 2484 1315 2518 bus
1343 2497 1447 2531 quam
1475 2484 1512 2519 in
1541 2484 1740 2526 montibus,
1782 2482 1953 2518 molendi-

1203 2558 1226 2575 „
1254 2547 1337 2569 nos.
1376 2535 1603 2583 piscationes,-
1641 2533 1761 2571 silvas,
1805 2532 1950 2617 aguedu

1759 2611 1782 2629 „
1821 2595 1907 2618 *tus-
