2216 3105
234 222 290 261 93

538 200 906 244 DISSERTATIO
937 197 1260 242 DECIMASEP
1270 198 1416 239 rJMA
1425 231 1436 242 .

1684 216 1741 253 94

173 271 263 297 tum.
304 265 401 298 Haec
444 259 581 295 fiscum
626 258 816 308 significare
854 273 925 295 cre—
968 261 986 292 Α
1040 271 1078 292 ac
1105 257 1183 292 stilo
1211 257 1452 293 Cancellariae
1479 256 1605 292 Caroli
1644 257 1795 304 Magni.

170 313 297 346 duntur
326 312 541 359 Du-Cangio
558 339 568 354 ,
596 311 630 345 &
658 309 773 357 reapse
801 309 927 358 postre-

166 372 223 396 ma
250 360 333 396 haec
360 362 463 397 verba
492 361 554 396 ille
581 361 618 396 in
646 359 822 396 Gloffario
857 362 926 396 La-

166 412 245 446 tino
281 410 462 452 adferens,
502 424 564 459 pro
600 411 692 456 Fisco
727 412 925 456 Imperatoris

165 461 436 509 interpretatur.
476 461 571 497 Idem
608 475 748 509 quoque
775 462 923 496 Carolus

164 511 220 547 M.
249 512 285 547 in
313 511 515 560 Capitulari
543 511 643 548 Anni
681 510 923 548 DCCCXIH.

165 576 264 599 num.
295 576 351 610 19.
379 565 485 599 Tom.
514 565 541 598 Ι.
568 562 736 600 editionis
762 561 924 597 Baluzia—

164 626 250 652 nae,
286 614 328 649 de
364 613 520 649 Ancillis
557 612 658 649 Fisco
693 612 860 649 obnoxiis
887 626 923 648 a-

165 676 271 711 gens,
309 664 359 699 ait
388 666 535 698 Habeant
570 678 606 698 ex
640 663 786 709 partibus
813 663 923 705 nostris

165 715 275 748 lanam
310 715 353 749 (9¹
388 715 508 754 linum,
549 713 596 752 dy
626 715 752 759 faciant
780 713 924 758 sarcillos

165 763 213 802 ἔθ’
240 764 392 806 camisilos
409 792 419 810 ‚
457 767 500 799 (9⁶
524 767 715 812 perveniant
740 766 784 800 ad
809 767 922 799 Came—

164 828 233 850 ram
260 815 412 858 nostram.
450 817 581 851 Verum
610 815 693 851 haec
720 814 841 851 omnia
870 816 924 851 su-

165 865 308 902 boscura
344 865 433 902 mihi
471 865 659 908 videmur,
696 879 808 914 neque
845 864 922 902 sane

167 926 279 952 certos
322 917 432 952 adhuc
470 930 531 952 nos
573 917 734 962 faciunt,
775 921 924 953 camerae

165 967 377 1002 vocabulum
415 968 482 1015 jam
512 977 587 1003 tum
625 967 724 1003 fuiffe
761 968 846 1004 adeo
873 967 924 1003 fa-

165 1017 327 1060 miliare,
363 1026 402 1051 ut
439 1031 541 1052 nemo
578 1031 647 1052 non
685 1018 922 1068 intelligeret,

165 1067 292 1102 Fiscum
313 1080 371 1114 per
390 1066 478 1102 illud
500 1067 687 1115 designari,
708 1082 814 1115 quum
836 1068 922 1105 Cel-

166 1116 316 1156 larium,
355 1116 586 1157 vestiarium,
623 1118 775 1166 aliasque
812 1122 923 1167 Rega-

167 1168 215 1202 les
231 1166 390 1202 officinas
410 1167 591 1215 designasse
613 1169 811 1214 potuerint.
833 1168 923 1205 Cer-

165 1225 202 1251 te
229 1218 364 1251 nullurn
403 1216 567 1253 haetenus
604 1218 636 1253 se
664 1218 752 1254 mihi
789 1220 923 1255 obtulit

166 1266 335 1313 Diploma
364 1266 582 1303 indubitatae
611 1267 713 1307 fidei,
742 1283 759 1303 a
787 1268 922 1306 Carolo

164 1316 301 1364 Magno
336 1317 369 1351 ὃ(
408 1317 594 1353 Ludovico
633 1319 697 1353 Pio
733 1319 922 1365 emiffum,

166 1365 205 1402 in
250 1379 320 1414 quo
360 1369 508 1401 Gamerae
555 1369 691 1404 mentio
728 1369 921 1405 habeatur.

168 1415 260 1452 Vide
296 1430 382 1464 quae
413 1418 577 1454 Baluzius
613 1420 646 1454 ὅ(
685 1419 922 1455 Mabillonius

166 1466 333 1503 edidere.
374 1467 480 1503 Addo
521 1469 750 1513 {uspicionem
793 1469 922 1506 fraudis

166 1517 320 1564 aliquam
362 1517 452 1553 mihi
494 1518 668 1563 suboriri,
709 1520 848 1568 quoties
884 1522 922 1556 in

164 1567 263 1603 illius
292 1567 367 1603 aevi
408 1568 612 1619 privilegiis
649 1574 813 1607 Camertem
850 1585 922 1607 me-

162 1626 335 1653 moratam
363 1618 522 1655 offendo.
561 1623 600 1656 In
628 1623 747 1658 Tomo
777 1634 808 1658 2.
838 1624 923 1658 Bul-

165 1668 228 1703 lar.
256 1667 428 1703 Cafinens.
466 1671 684 1708 constitutio
714 1685 771 1720 23.
799 1675 921 1709 Caroli

165 1718 292 1765 Magni
319 1718 468 1765 legitur,
506 1721 564 1756 ubi
593 1724 741 1757 multam
768 1723 920 1772 indicit3

167 1767 234 1803 hoc
263 1767 308 1802 est
335 1768 406 1803 auri
432 1769 542 1814 optimi
576 1771 691 1806 Libras
717 1773 824 1811 mille,
860 1788 923 1808 me-

167 1819 315 1853 dietatem
342 1821 490 1854 Gamerae
525 1821 662 1862 nostrae,
699 1822 745 1861 &³
772 1824 922 1858 medieta-

168 1879 230 1903 tem
262 1868 420 1915 praediHo
461 1871 676 1913 Monasterio.
713 1872 776 1907 Sed
813 1873 922 1909 confi—

169 1919 292 1958 astum,
329 1926 388 1954 aut
423 1929 514 1956 certe
541 1934 559 1956 a
588 1922 681 1957 bono
716 1925 922 1972 Margarino

169 1970 309 2006 incaute
336 1968 507 2006 tributum
544 1973 675 2008 Carolo
711 1975 867 2022 Magno,
904 1989 922 2011 e

169 2019 316 2068 vestigio
336 2019 565 2068 deprehendas
587 2034 854 2060 monumentum
877 2025 921 2060 il-

168 2070 249 2107 lud.
277 2069 330 2106 Ibi
356 2071 450 2106 enirn
477 2073 671 2120 appellatur
690 2076 822 2109 Carolus
841 2079 922 2111 iwa-

165 2134 247 2169 gnus
283 2123 451 2167 Imperator
483 2123 649 2170 Argustus
663 2139 683 2166 ,·
723 2138 828 2172 quum
867 2134 920 2161 ta-

167 2184 247 2207 men
275 2172 370 2206 nulla
399 2172 603 2221 Diplomata
630 2177 789 2222 Magnum
816 2177 918 2212 illum

168 2222 313 2261 dicant,
349 2231 452 2269 atque
487 2223 579 2260 hunc
614 2224 759 2262 titulum
798 2228 920 2263 vivens

166 2272 231 2308 ille
257 2284 327 2307 non
355 2273 545 2321 acceperit.
580 2275 753 2323 Scriptum
782 2290 921 2326 quoque

168 2322 300 2358 dicitur
327 2324 552 2371 Praeceptum
579 2329 680 2360 Anno
703 2329 745 2362 ab
772 2331 920 2363 lucarna-

167 2373 251 2407 tione
282 2373 411 2408 Domt'm'
436 2374 518 2418 Jesu
544 2375 661 2419 Chrtstt'
694 2376 918 2426 O‘Jt'ngentesl*

168 2437 215 2458 mo
241 2426 400 2467 secundo,
432 2424 609 2459 Indifflione
635 2427 783 2463 Decima.
810 2431 863 2464 At
890 2428 920 2464 i·-

169 2473 240 2510 stud
267 2473 454 2514 abhorret,
492 2474 544 2511 uti
572 2476 605 2511 &
633 2476 787 2525 reliquae
822 2478 920 2514 illius

168 2524 357 2575 Privilegii
391 2534 495 2562 notae
523 2525 707 2563 chronicae
739 2529 783 2565 ab
809 2537 921 2566 aetate

1041 307 1097 343 Ad
1124 306 1296 343 Carolum
1322 305 1483 343 Crass‘um
1510 306 1703 355 Augustum
1725 306 1790 354 spe-

1039 358 1111 393 &at
1148 357 1237 393 illud
1280 356 1472 404 Diploma,
1513 356 1536 391 si
1578 357 1719 404 quidem
1756 356 1795 392 fit

1039 407 1265 457 legitimum;
1306 407 1361 443 sed
1398 417 1533 456 praeter
1560 407 1796 443 Indifi'tionem

1040 459 1109 494 alia
1136 457 1236 502 sunt,
1273 470 1362 506 quae
1389 470 1433 494 ne
1463 457 1525 505 ipsi
1562 457 1703 505 quidem
1732 457 1794 494 tri-

1041 509 1214 544 buendum
1243 509 1425 544 indicant.
1461 507 1629 544 Edie’mm
1657 521 1795 556 quoque

1040 559 1143 595 habes
1171 560 1208 595 in
1237 558 1462 596 Vulturnenfi
1498 557 1684 596 Chronico
1720 572 1795 607 pag.

1041 611 1125 657 362.
1154 612 1246 646 Part.
1284 612 1330 646 11.
1360 609 1470 646 Tomi
1509 612 1554 645 11.
1589 612 1667 646 Rer.
1696 610 1797 646 ltali-

1040 674 1106 696 car.
1136 660 1304 708 Diploma
1335 659 1477 709 Pippini
1517 660 1640 696 Italiae
1670 660 1795 708 Regis,

971 713 995 746 B
1039 710 1158 746 datum
1180 713 1289 747 Anno
1317 711 1643 748 DCCLXXXVII.
1672 711 1730 746 ubi
1752 710 1797 745 est

1039 764 1187 796 camerae
1217 762 1380 801 mentio,
1416 761 1510 809 quod
1539 761 1591 797 uti
1628 760 1796 797 adulteri-

1039 825 1122 847 num
1164 812 1201 847 in
1238 813 1333 849 notis
1369 811 1527 848 confixi.
1570 811 1650 848 Illic
1687 811 1795 847 etiam

1039 862 1185 898 habetur
1222 876 1295 912 pag.
1335 876 1419 911 371.
1461 863 1692 912 Privilegium
1721 864 1795 898 Lu-

1039 912 1157 948 dovici
1188 914 1244 949 Pii
1275 915 1394 950 datum
1424 915 1532 950 Anno
1561 915 1795 949 DCCCXIX.

1040 963 1099 998 ubi
1136 963 1323 1000 dimidium
1353 966 1484 1001 multae
1512 963 1694 1011 impositae
1722 976 1796 1011 per-

1040 1013 1242 1049 solvendum
1285 1015 1416 1052 dicitur
1455 1019 1605 1050 Gamerae
1645 1015 1763 1056 nostrae
1787 1041 1795 1048 .

1039 1064 1100 1099 Sed
1129 1065 1213 1110 quid
1235 1065 1256 1100 fi
1278 1066 1318 1101 de
1344 1065 1573 1114 legitimitate
1594 1065 1688 1101 istius
1708 1078 1795 1113 quo-

1038 1127 1104 1161 que
1127 1115 1313 1164 Privilegii
1333 1116 1562 1152 dubitandum
1583 1114 1694 1152 foret?
1719 1118 1794 1150 An-

960 1163 990 1198 C
1038 1174 1093 1199 tea
1133 1178 1350 1213 nequaquam
1389 1166 1654 1202 animadverti:
1703 1179 1795 1201 nunc

1038 1224 1152 1250 autem
1183 1229 1330 1259 moneo,
1359 1217 1429 1265 legi
1457 1217 1535 1252 illic
1556 1217 1660 1252 verba
1688 1215 1791 1251 haec:

1037 1265 1161 1299 Obtulit
1187 1266 1347 1301 obtutibus
1374 1267 1483 1310 nostris
1509 1271 1678 1314 Praecepta
1705 1270 1793 1301 Lan—

1032 1314 1242 1359 gobardorum
1276 1318 1459 1364 Principum
1486 1316 1533 1356 &
1559 1321 1703 1357 Ducum,
1740 1320 1794 1351 υἱ-

1033 1365 1143 1399 delicet
1168 1367 1286 1411 Gifulfi
1305 1367 1351 1406 &⁹
1369 1368 1514 1404 sicardi.
1542 1368 1635 1403 Infra
1659 1381 1794 1403 memo—

1036 1423 1132 1450 ratur
1158 1417 1325 1461 Waldus,
1363 1418 1445 1453 idest
1472 1431 1616 1458 nemus,
1654 1420 1708 1466 qui
1733 1421 1794 1454 da-

1036 1475 1087 1499 tus
1122 1466 1163 1507 cst
1197 1467 1230 1500 in
1266 1469 1367 1502 eodem
1402 1470 1594 1510 Monasterio
1621 1483 1640 1504 a
1666 1470 1795 1504 Sicarn'o

1036 1515 1182 1563 Principe
1208 1520 1453 1553 Bene-ventanae
1472 1519 1648 1555 Civitatis.
1677 1520 1793 1567 Atqui

1038 1566 1196 1602 sicardus
1226 1568 1390 1616 Princeps
1424 1570 1688 1606 Beneventanus
1716 1573 1793 1606 Ana

962 1613 993 1646 D
1037 1629 1085 1652 no
1120 1619 1258 1654 tanturn
1303 1621 1609 1655 DCCCXXXIII.
1653 1634 1794 1668 regnare

1038 1668 1182 1715 coepit,
1213 1669 1265 1705 uti
1294 1683 1413 1705 eorum
1441 1679 1639 1718 temporum
1670 1684 1794 1707 monu-

1037 1728 1180 1762 menta,
1217 1719 1255 1755 in
1292 1720 1367 1768 ipso
1402 1734 1541 1769 quoque
1569 1721 1794 1758 Vulturnenli

1037 1769 1218 1806 Chronico
1259 1771 1435 1819 legenda,
1476 1771 1672 1808 evincunt.
1713 1775 1793 1818 Qua

1037 1832 1120 1868 ergo
1146 1820 1283 1857 ratione
1318 1822 1443 1856 Sicanii
1479 1822 1697 1858 mentionem
1733 1822 1794 1859 ha-

1038 1870 1096 1905 bet
1143 1871 1311 1919 Diploma
1352 1872 1530 1908 Ludovici
1574 1873 1630 1909 Pii
1672 1873 1792 1909 datum

1038 1922 1146 1956 Anno
1174 1921 1433 1958 DCCCXI‘X..2
1461 1923 1599 1968 Mitto,
1628 1937 1790 1972 perquam

1038 1970 1205 2008 rariffime
1250 1972 1287 2008 in
1336 1973 1552 2021 Diplomatis
1599 1975 1671 2022 ejus
1715 1974 1791 2010 aevi

1038 2022 1352 2059 comminationem
1381 2025 1512 2060 multae
1540 2025 1704 2072 reperiri.
1741 2027 1793 2059 A-

959 2060 985 2093 Ε
1038 2072 1105 2107 dest
1142 2073 1179 2108 in
1208 2074 1329 2109 eodem
1359 2075 1583 2110 Vulturnenfi
1612 2074 1793 2111 Chronico

1037 2135 1112 2171 pag.
1162 2135 1246 2170 349.
1293 2124 1462 2173 Diploma
1503 2126 1625 2162 Caroli
1668 2125 1794 2173 Magni

1038 2172 1258 2217 confe&um‚
1287 2184 1325 2210 ut
1353 2175 1513 2216 videtur,
1542 2178 1650 2211 Anno
1671 2175 1793 2212 DCC—

1037 2225 1205 2260 LXXVI.
1250 2224 1287 2260 in
1331 2226 1427 2273 cujus
1469 2228 1563 2262 calce
1604 2226 1793 2262 violatores

1038 2275 1201 2322 jubentur
1227 2275 1406 2311 exsolvere
1441 2277 1513 2312 auri
1545 2278 1700 2324 puriffimi
1735 2278 1793 2311 Li—

1038 2327 1108 2361 bras
1147 2326 1234 2361 mille
1253 2351 1264 2366 ,
1307 2328 1500 2362 medietatem
1545 2331 1694 2363 camerae
1738 2341 1792 2361 ne-

1030 2377 1117 2419 strae
1143 2375 1214 2415 esre.
1246 2377 1418 2413 Dubitavi
1454 2377 1491 2412 in
1530 2377 1623 2413 notis
1651 2377 1692 2413 de
1728 2377 1793 2412 fin»

1038 2426 1181 2462 ceritate
1223 2427 1468 2475 Diplomatis:
1513 2441 1605 2463 nunc
1645 2427 1792 2463 omnino

1037 2477 1293 2525 explodendum
1336 2477 1510 2514 contendo
1534 2506 1545 2522 ‚
1591 2490 1698 2526 quum
1739 2477 1791 2514 ibi

1004 2533 1011 2568 Ι
1037 2529 1186 2565 Carolus
1211 2527 1245 2565 se
1264 2528 1513 2566 tantummodo
1537 2528 1704 2566 inscribat
1724 2531 1791 2562 Re-

1671 2590 1748 2625 gen}
