2216 3105
405 208 485 247 339

332 251 441 285 dimus
467 251 621 298 vulpibus
638 253 779 299 antiquis
803 253 1007 297 Ptsanorum,
1035 252 1089 299 qui

334 302 420 336 m'hil
452 303 552 346 facere
587 314 740 337 noverunt
788 317 838 336 me
868 303 1005 346 fraude.
1043 305 1089 337 Et

333 352 448 399 postea
474 352 563 388 dieii
591 353 669 389 sunt
695 354 790 389 caeci
826 353 1024 388 Florentini
1052 353 1088 388 in

333 403 484 439 Tuscia.
521 406 567 439 Et
595 404 653 439 has
681 405 874 439 Columnas
902 403 1089 452 posuerunt

334 463 416 489 ante
455 456 595 490 Portam
632 455 750 490 saneti
790 454 959 498 johannis
983 482 992 498 ,
1031 454 1089 489 ubi

335 504 446 540 adhuc
474 504 572 540 sunt.
601 507 706 540 Certe
732 505 905 552 quidquid
934 505 1089 546 dicatur,

335 568 405 591 non
434 555 574 590 videtur
601 555 713 597 mihi,
740 555 834 601 quod
862 554 920 589 ista
945 555 985 589 de
1011 568 1090 588 cau-

336 608 371 642 sa
392 606 588 641 Florentini
608 604 755 640 vocandi
777 604 842 640 {int
862 605 975 639 caeci.
995 604 1090 649 Quia

336 656 359 691 fi
389 656 527 691 fuerunt
553 655 658 690 delufi
687 656 728 690 ab
756 655 823 698 iis,
851 655 977 702 quibus
1006 654 1090 689 fide-

338 707 441 749 bant,
470 704 507 741 ὃ(
537 706 661 753 quibus
689 705 841 740 fecerant
863 714 933 739 tam
958 718 1092 739 memo-
1137 703 1161 736 Β

334 757 444 793 rabile
483 756 692 800 servitium,
731 768 800 790 non
838 755 968 797 video,
1004 768 1091 802 quae

335 807 462 844 cecitas
503 806 543 842 {it
584 807 666 842 ista.
705 806 784 841 Alii
820 819 903 854 ergo
940 805 1091 849 dicunt,

334 858 430 906 quod
471 857 670 893 Florentini
711 856 799 892 diffi
843 856 920 891 sunt
961 857 1090 900 caeci,

334 910 417 957 quia
433 910 519 944 olim
540 908 697 944 Annibal
715 907 1003 943 inundationibus
1021 909 1090 941 Ar-

335 960 371 995 ni
401 959 556 995 fluminis
594 958 746 1008 perdidit
783 970 890 993 unum
918 958 1059 992 oculum
1080 985 1088 1000 ‚

334 1010 418 1046 ficut
459 1010 580 1045 scribit
621 1008 806 1045 Boccatius
843 1009 884 1043 de
918 1009 1088 1043 Certaldo

333 1061 369 1097 in
407 1060 467 1096 suo
503 1062 615 1097 Libro
653 1061 693 1095 de
729 1059 915 1094 Montibus
943 1059 976 1093 δε
1006 1061 1087 1093 Flu-

333 1111 507 1147 minibus.
545 1114 606 1147 Sed
637 1120 727 1146 certe
765 1109 850 1145 istud
878 1122 947 1144 non
975 1109 1020 1144 est
1047 1109 1088 1143 de

331 1162 531 1198 intentione
575 1161 742 1197 Αυξὶοτῐε
771 1189 781 1204 ‚
827 1161 888 1207 qui
930 1159 1088 1206 loquitur

331 1213 430 1257 heic,
457 1226 561 1260 quam
592 1213 686 1260 pejus
715 1211 845 1259 potest,
873 1210 913 1245 de
942 1213 1085 1245 Floren-

329 1264 437 1305 tinis,
467 1273 504 1299 ut
532 1272 626 1312 patet
654 1276 696 1297 ex
725 1261 828 1296 dietis
854 1262 886 1296 8<
908 1260 1083 1295 dicendis.

329 1314 391 1350 Sed
414 1314 503 1350 mihi
525 1314 684 1356 videtur,
712 1312 804 1360 quod
834 1311 987 1346 maxima
1008 1325 1083 1345 cae-

329 1365 415 1400 citas
437 1365 721 1399 Florentinorum
744 1362 834 1406 fuit,
855 1361 993 1409 quando
1011 1375 1082 1396 cre—

327 1415 489 1451 diderunt
516 1414 675 1456 Attilae,
703 1412 725 1447 s1
755 1426 873 1447 verum
896 1412 960 1454 est,
989 1411 1080 1458 quod

328 1466 395 1514 jam
427 1465 537 1513 scripsi
576 1465 673 1511 supra
702 1465 805 1498 Cant.
836 1464 914 1497 XII.
945 1461 1080 1496 Audivi

327 1526 442 1551 tamen
472 1529 578 1551 unum
618 1513 859 1549 Florentinum
893 1511 1079 1546 facientem

325 1566 402 1602 heic
424 1567 578 1615 pulcram
601 1563 851 1611 expositionem
866 1590 875 1605 ‚
903 1562 989 1597 licet
1010 1575 1078 1596 non

325 1617 364 1652 fit
392 1618 432 1652 de
461 1626 576 1651 mente
605 1614 796 1650 Auffioris.
825 1613 930 1649 Dixit
958 1612 1050 1646 enim
1070 1640 1078 1655 ‚

325 1667 416 1715 quod
460 1665 656 1701 florentini
698 1674 770 1700 erat
807 1664 899 1698 caeci
937 1662 1078 1706 affive,

277 1723 280 1726 ⁴
323 1731 393 1752 non
422 1716 570 1764 passive,
609 1715 691 1764 quia
720 1714 853 1749 scilicet
881 1713 1023 1748 faciunt
1041 1726 1077 1748 a—

322 1768 389 1803 lios
417 1781 556 1803 caecos.

567 1818 628 1852 Ad
656 1815 737 1857 Vers.
765 1827 825 1862 73.

372 1869 508 1904 thcct'an
534 1869 562 1901 le
584 1867 673 1909 lestis
693 1867 856 1911 Ficsolane
868 1864 984 1907 strame
1004 1864 1074 1903 &⁵6-

320 1919 378 1955 Ad
408 1920 508 1966 hujus
530 1918 578 1954 rei
607 1916 882 1963 intelligentiam
903 1915 947 1950 est
968 1915 1074 1950 scien-

321 1969 426 2012 dum,
454 1969 545 2018 quod
574 1968 659 2003 ficut
686 1967 808 2002 scribit
830 1965 1014 2001 Boccatius
1032 1966 1075 2013 de

319 2020 486 2056 Certaldo
522 2020 559 2054 in
597 2018 656 2054 suo
683 2018 827 2054 Libello
862 2018 901 2050 de
929 2017 1003 2050 Vita
1030 2015 1075 2054 esf

320 2070 467 2105 Moribus
496 2071 635 2108 Dantis,
665 2069 735 2117 post
762 2066 971 2103 eversionem
995 2067 1077 2101 Flo-

320 2121 451 2156 rentiae
493 2120 618 2155 saetam
664 2119 704 2154 ab
743 2118 860 2154 Attila
878 2145 888 2161 ‚
932 2117 1075 2165 quidam

321 2172 492 2214 Nobiles,
520 2170 581 2218 qui
611 2169 746 2205 fuerant
770 2169 811 2204 de
837 2167 993 2215 antiquis
1013 2168 1076 2203 Ci-

319 2222 421 2256 vibus
460 2220 681 2261 Florentiae,
722 2218 925 2267 congregati
962 2218 1000 2252 in
1037 2231 1076 2253 u—

319 2285 401 2306 num
432 2271 599 2305 miserunt
634 2269 901 2304 ambasciatores
928 2268 969 2302 ad
1006 2269 1075 2303 Ca-

318 2324 432 2357 rolum
462 2324 656 2368 Magnum,
692 2319 755 2366 qui
790 2328 874 2353 tunc
901 2327 974 2353 erat
1004 2320 1074 2353 Ro-

318 2385 417 2416 mae,
446 2382 483 2406 ut
504 2371 703 2418 dignaretur
722 2369 801 2404 dare
822 2381 961 2416 operam
982 2381 1074 2403 reae-

318 2422 516 2458 dificationi
554 2419 780 2459 Florentiae.
821 2420 855 2454 ὃ(
898 2418 1070 2453 auxilium

320 2482 440 2508 contra
474 2472 680 2507 faesulanos
718 2469 824 2504 hcstcs
853 2482 992 2504 eorum.
1029 2471 1076 2503 Et

317 2523 360 2559 fic
388 2523 519 2560 faustum
547 2522 591 2558 est
608 2548 617 2558 .
648 2521 749 2556 Unde
777 2520 890 2568 aliqui
922 2519 1075 2555 Romani

666 191 1134 235 BENVENUTI
1191 190 1647 235 IMOLENSIS

1118 250 1182 285 Ἀι
1203 263 1398 296 venerunt,
1435 252 1527 287 inter
1563 266 1650 300 quos
1682 251 1781 288 venit
1817 254 1962 301 quidam

1830 208 1911 250 340

1204 302 1438 338 nobiliffirnus
1454 304 1494 337 de
1510 303 1610 351 stirpe
1626 302 1864 350 antiquissima
1890 306 1960 339 Ro-

1203 365 1413 397 manorum,
1454 367 1541 401 quae
1582 363 1727 389 vocatur
1770 356 1959 404 Frangipa-

1205 416 1263 438 nes
1281 431 1289 443 .
1326 418 1368 439 ex
1397 405 1492 452 cujus
1521 403 1685 452 sanguine
1712 404 1959 442 descenderunt

1204 453 1362 497 Helisei,
1395 453 1434 489 ἅ
1461 468 1502 489 ex
1532 454 1684 490 Heliseis
1712 454 1959 492 descenderunt

1206 504 1404 552 Aldigherii
1422 529 1432 543 ‚
1470 506 1511 539 de
1548 505 1675 551 quibus
1703 505 1772 541 fuit
1802 508 1959 546 Danres,

1204 553 1286 588 ficut
1325 555 1459 602 plenius
1487 555 1623 590 dicetur
1649 557 1754 590 Cant.
1785 558 1865 592 XV.
1896 559 1960 592 Pa-

1203 603 1321 639 radili.
1356 606 1401 638 Et
1430 604 1472 638 sic
1501 614 1618 651 patet,
1655 608 1833 652 quomodo
1863 609 1958 642 Dan-

1202 662 1253 688 tes
1295 667 1353 699 per
1388 655 1530 701 longam
1568 655 1697 689 lineam
1735 658 1958 704 genealogiae

1204 702 1309 738 fuerit
1349 704 1390 739 de
1433 703 1598 751 sanguine
1639 707 1800 740 Romano
1825 731 1834 741 .
1876 707 1959 742 Ideo

1205 755 1283 789 vult
1311 753 1506 801 sequestrari
1535 767 1553 789 a
1582 754 1780 790 faesulanis
1817 756 1958 803 pravis.

1207 804 1305 839 Dicit
1332 818 1434 853 ergo:
1464 809 1510 839 Le
1536 804 1628 847 bestie
1655 806 1839 850 Fiesolcme‚
1876 807 1960 843 idest

1204 854 1319 890 vitiosi
1350 854 1570 899 florentini,
1598 856 1660 903 qui
1687 856 1824 892 servant
1847 870 1959 894 mores

1203 906 1469 941 faesulanorum
1482 933 1490 941 .

1431 958 1494 991 Ad
1525 956 1607 1001 Vers.
1639 957 1719 993 105.

1253 1008 1289 1040 In
1312 1006 1429 1049 sbmma
1449 1007 1564 1053 sappi,
1584 1008 1634 1040 che
1653 1008 1732 1041 tutti
1754 1008 1809 1051 fur
1829 1009 1957 1049 Cherci,

1253 1059 1283 1091 E
1312 1057 1450 1091 Literati
1472 1057 1609 1103 grandi,

1202 1106 1287 1141 Idest
1325 1108 1442 1156 magni
1481 1107 1549 1143 viri
1588 1106 1723 1142 studiosi
1751 1109 1785 1143 δ(
1814 1108 1958 1144 famosi.

1113 1165 1159 1203 {C
1203 1159 1276 1193 Nec
1304 1157 1420 1199 dicas,
1447 1158 1541 1205 quod
1569 1158 1691 1194 debeat
1716 1158 1846 1207 exponi
1875 1161 1956 1195 Cle-

1171 1228 1174 1231 ·
1200 1208 1287 1252 rici,
1325 1208 1407 1244 idtst
1444 1209 1596 1245 Literati
1615 1236 1625 1252 ,
1663 1222 1758 1244 more
1786 1210 1928 1246 Gallico
1946 1237 1957 1254 ‚

1200 1257 1284 1293 ficut
1311 1259 1453 1307 quidam
1481 1268 1689 1307 exponunt;
1727 1258 1765 1295 ὃ(
1803 1260 1925 1295 dicunt
1945 1288 1955 1303 ,

1197 1309 1291 1356 quod
1320 1310 1437 1344 omnis
1474 1310 1654 1346 Literatus
1690 1310 1733 1344 est
1769 1310 1953 1346 Clericus.

1198 1360 1293 1404 Quia
1320 1369 1403 1395 tunc
1431 1360 1513 1395 effer
1540 1361 1708 1408 nugati0‚
1746 1361 1778 1394 δε
1817 1359 1956 1396 subtilis

1196 1409 1391 1458 repetitio.
1430 1412 1523 1446 Nam
1559 1410 1675 1446 statim
1712 1409 1956 1458 subsequitur,

1197 1463 1229 1493 E
1265 1461 1421 1494 Lucrati.
1461 1463 1535 1496 Nec
1572 1461 1678 1496 etiam
1718 1461 1832 1500 dicas,
1870 1461 1955 1496 ficut

1197 1509 1318 1545 audivi
1348 1511 1484 1557 aliquos
1505 1510 1682 1553 dicentes,
1710 1511 1804 1558 quod
1832 1524 1952 1547 ornnes

1197 1569 1334 1608 agentes
1363 1569 1483 1595 contra
1521 1571 1702 1604 naturam,
1741 1561 1818 1595 sunt
1844 1561 1951 1597 Scho-

1194 1611 1281 1645 lares
1310 1611 1365 1645 vel
1396 1611 1612 1656 Presbyteri,
1649 1612 1683 1645 δε
1711 1610 1853 1646 dicunt:
1895 1612 1952 1646 Vi-

1195 1661 1233 1694 de
1259 1663 1340 1707 quod
1367 1663 1489 1695 Παηῑες
1514 1662 1565 1694 hoc
1591 1661 1692 1699 dicit,
1729 1661 1811 1707 quia
1839 1661 1950 1706 dicit,

1195 1713 1272 1744 tutti
1295 1711 1349 1754 sur
1369 1711 1478 1744 Chersi
1498 1724 1512 1743 e
1533 1710 1688 1744 Lim-ati.
1715 1711 1828 1750 Dico,
1856 1711 1951 1759 quod

1195 1761 1353 1808 loquitur
1380 1760 1456 1795 heic
1481 1760 1522 1795 de
1550 1760 1734 1800 omnibus,
1763 1760 1824 1808 qui
1852 1769 1951 1797 erant

1194 1810 1234 1845 de
1263 1824 1389 1859 grege,
1426 1810 1463 1845 in
1496 1824 1565 1857 quo
1593 1820 1665 1845 erat
1701 1810 1764 1846 ille
1801 1813 1950 1847 Brunet-

1195 1870 1268 1897 ως.
1299 1863 1342 1897 Et
1370 1861 1411 1896 de
1439 1861 1568 1896 talibus
1596 1863 1725 1895 Dantes
1753 1861 1947 1909 petiverat,

1194 1913 1226 1946 8<
1265 1911 1305 1946 de
1346 1911 1475 1946 talibus
1517 1912 1706 1946 Brunettus
1741 1911 1947 1959 respondet,

1194 1961 1253 2008 qui
1290 1961 1359 1996 fuit
1387 1974 1530 2009 magnus
1558 1961 1737 1997 Literatus
1764 1963 1797 1996 &
1835 1961 1947 1998 famo-

1194 2012 1245 2047 sus
1273 2022 1428 2060 tempore
1456 2011 1516 2046 suo
1544 2011 1582 2047 in
1603 2014 1709 2047 Terra
1740 2011 1815 2047 sua.
1845 2013 1947 2049 Unde

1193 2062 1330 2098 Aue’cor
1357 2062 1459 2110 ponit
1486 2061 1593 2097 alium
1624 2075 1762 2111 gregem
1802 2076 1947 2110 peccan-

1164 2111 1166 2116 ’
1191 2114 1280 2149 tium
1310 2123 1430 2148 contra
1459 2124 1642 2156 naturam,
1670 2114 1711 2148 de
1738 2112 1864 2161 quibus
1892 2113 1946 2148 di-

1190 2173 1286 2199 cetur
1314 2165 1449 2211 plenius
1476 2163 1511 2198 in
1538 2173 1641 2198 cantu
1670 2163 1847 2211 sequenti.
1877 2165 1946 2198 Im-

1190 2227 1248 2250 mo
1275 2213 1351 2253 isti,
1379 2215 1420 2249 de
1447 2215 1573 2261 quibus
1599 2214 1676 2249 heic
1698 2214 1850 2259 dicitur,
1879 2213 1945 2249 mi-

1188 2278 1252 2301 nus
1280 2274 1531 2313 peccaverunt.

1421 2319 1485 2351 «Ad
1514 2315 1596 2361 Vers.
1628 2326 1710 2351 110.

1239 2369 1272 2401 E
1299 2367 1465 2411 Francesco
1488 2365 1523 2400 d'
1545 2366 1678 2410 Accorso
1703 2378 1778 2400 anco
1801 2385 1819 2391 ··
1845 2385 1860 2390 -
1887 2383 1903 2389 —
1928 2380 1944 2390 ’-

1187 2418 1234 2452 Et
1262 2418 1423 2451 nominat
1459 2416 1570 2451 aliurn
1601 2416 1715 2452 virum
1752 2413 1943 2456 famosum,

1189 2467 1381 2515 principale
1408 2477 1513 2514 caput
1552 2468 1742 2502 multorum
1761 2489 1772 2503 ‚
1809 2463 1943 2498 scilicet

1187 2517 1411 2554 franciscum
1446 2515 1625 2553 Accurfii.
1665 2514 1724 2551 Ad
1760 2513 1858 2570 cujus
1887 2525 1945 2548 co-

1761 2573 1895 2612 gumo-

2008 208 2019 252 J
