2216 3105
339 232 421 283 645

633 223 934 267 COMMENT.
965 224 1031 268 IN
1059 220 1284 267 DANTIS
1310 217 1552 263 COMOED.

1768 225 1852 272 646

282 285 522 335 praedicium.
550 283 608 319 Ad
637 283 880 332 cognitionem
909 282 1042 331 primae
1078 286 1109 320 A
1151 294 1253 317 neum
1284 278 1388 328 Regis
1416 278 1570 333 Angliae
1596 278 1634 313 in
1655 276 1790 327 gremio
1817 274 1908 312 Dei?

283 336 384 372 debes
412 335 524 374 scire,
552 335 644 383 quod
673 334 895 370 Conradinus
924 334 1041 369 debel-

284 387 374 422 latus
402 385 439 421 in
467 398 615 434 campo,
653 384 797 420 confilio
827 383 864 420 &
892 394 965 419 arte
992 384 1041 420 se-

283 437 338 472 nis
366 436 514 474 Alardi.
551 445 590 471 ut
620 436 718 483 plene
746 435 878 470 dielum
909 434 953 470 est
981 434 1039 470 In—

282 486 372 523 ferni
399 485 507 522 Cant.
537 488 706 521 XXVIII.
749 485 884 534 fugiens
922 499 1041 533 perve-

283 536 339 572 nit
383 549 462 572 cum
504 536 708 582 quibusdam
757 536 960 573 Proceribus
1000 536 1041 571 ad

283 586 436 636 plagiam
455 589 606 627 Romae,
635 588 675 623 ad
696 587 885 624 Castellum
906 586 1040 622 ἀίἑὶυῐῐι

284 638 428 677 Asturi,
469 638 529 674 ubi
571 648 703 673 armata
745 638 862 674 subito
889 637 1042 686 fugitiva

284 688 448 723 tendebat
485 688 523 723 in
551 688 733 731 Siciliam,
771 702 859 736 quae
895 689 1043 724 rebella—

284 739 344 774 bat
370 739 521 774 Carolo.
565 739 627 773 Sed
671 748 790 787 captus
831 753 849 774 a
890 738 1042 786 quodam

284 787 440 832 Johanne
467 788 509 824 de
537 788 813 838 Frangipanibus
840 789 882 825 de
908 792 1042 832 Roma,

284 837 518 887 praesentatus
539 838 608 875 fuit
627 841 778 876 Car-olo.
799 841 948 876 Carolus
970 839 1042 887 post

283 889 422 936 aliquot
450 889 580 925 menses
608 890 764 926 consulte
790 891 825 926 5:
852 890 1041 926 deliberate

282 939 320 975 in
342 939 418 975 foro
440 940 609 988 Neapolis
630 940 715 976 fecit
734 941 902 977 decollari
927 940 1040 989 ipsum

283 989 527 1026 Conradinum
554 992 587 1026 &
617 993 752 1027 Ducem
781 991 939 1027 Austriae
959 1003 1040 1027 cum

282 1040 405 1076 multis
426 1041 630 1077 comitibus
651 1044 684 1077 δε
703 1043 916 1079 Baronibus.
937 1045 1039 1088 Quo-

283 1103 360 1125 rum
389 1104 533 1140 corpora
561 1092 677 1128 vetuit
703 1092 842 1141 sepeliri
866 1093 903 1129 in
924 1092 1039 1128 sacro,

283 1140 386 1176 Dicit
412 1155 515 1191 ergo:
558 1144 672 1182 Carlo,
710 1142 845 1180 scilicet
861 1168 871 1184 ‚
899 1146 1011 1180 Vetus
1029 1169 1040 1187 ,

281 1190 439 1239 primus,
465 1192 582 1228 νίξὶοι·
608 1193 809 1230 Manfredi:

333 1262 349 1267 —
376 1263 392 1269 -
419 1263 435 1268 -
460 1263 477 1269 -
502 1257 604 1277 venne
632 1245 664 1277 in
692 1245 792 1279 Italiae

283 1301 429 1328 vocatus
457 1293 498 1328 ab
526 1293 697 1329 Ecclesia:

333 1363 348 1367 -
375 1364 391 1369 -
418 1365 433 1370 -
461 1365 477 1370 -
503 1358 518 1378 e
541 1355 597 1388 per
621 1346 788 1380 ammenda

333 1393 468 1429 Vittima
490 1395 525 1438 J}
551 1415 736 1422 -----

281 1441 388 1487 idest,
418 1444 656 1480 sacrificium:

374 1514 389 1518 -
417 1514 431 1519 -
459 1515 473 1519 -
499 1495 536 1527 di
562 1495 743 1528 Curradino
767 1516 783 1521 -
809 1516 826 1521 -
852 1516 868 1522 -
896 1516 911 1522 -

278 1540 362 1589 quia
389 1542 501 1592 ipsum
531 1543 827 1580 adolescentulum
868 1545 1038 1582 innocen-

278 1601 375 1636 tem,
416 1595 515 1629 velut
543 1608 668 1643 agnum
686 1619 696 1634 ‚
724 1595 955 1632 immolavit:
983 1608 1039 1645 per

278 1645 462 1682 ammenda,
490 1646 650 1691 loquitur
676 1646 834 1696 ironice3
863 1647 956 1695 quasi
983 1647 1038 1684 di-

280 1701 357 1731 cat,
394 1694 434 1728 ad
471 1694 752 1731 emendationem
793 1698 1037 1745 occupationis

281 1742 489 1779 Provinciae
518 1743 688 1780 mattavit
722 1744 911 1783 inhumane
938 1751 1037 1784 Con-

278 1792 438 1828 radinum
457 1820 465 1828 .
511 1795 559 1829 Et
604 1793 681 1830 heic
733 1806 840 1836 nota,
884 1798 1036 1839 LeEtor,

279 1843 373 1890 quod
401 1843 501 1880 valde
530 1844 639 1881 miror
659 1845 700 1881 de
722 1846 927 1894 quibusdam
942 1875 951 1892 ,
975 1850 1036 1897 qui

277 1903 429 1940 arguunt
457 1896 624 1940 poetam,
652 1896 830 1942 dicentes,
860 1899 954 1946 quod
981 1900 1035 1935 in-

280 1943 361 1990 }usse
387 1944 535 1981 infamat
556 1946 678 1995 justum
702 1950 851 1997 Regem.
866 1949 942 1985 sed
964 1963 1037 1986 cer—

277 2003 312 2030 te
339 2008 409 2030 non
438 1997 556 2045 culpat
591 1997 629 2032 in
657 2012 698 2034 eo
725 2012 796 2034 non
838 2000 1034 2048 culpanda:

279 2046 408 2081 Nonne
435 2047 504 2095 jam
533 2047 644 2095 ipsum
675 2048 791 2096 posuit
811 2050 962 2098 gloriose
981 2052 1037 2087 in-

278 2103 331 2130 ter
361 2098 470 2144 Reges
499 2095 535 2133 &
567 2098 746 2147 Principes
788 2098 1036 2146 Christianos,

277 2154 456 2193 tamquam
480 2148 635 2195 pugilem
655 2149 849 2185 Ecclesiae?
878 2151 941 2187 Sed
963 2165 1035 2188 cer-

278 2206 312 2231 te
348 2196 439 2232 hunc
476 2197 592 2233 atstum
621 2198 875 2236 damnaverunt
915 2215 1037 2238 omnes

276 2246 471 2294 sapientes,
513 2247 550 2284 ἃ
597 2249 704 2285 amici
746 2251 895 2287 Caroli.
943 2255 1035 2289 Nam

278 2298 451 2333 Robertus
488 2297 583 2334 filius
618 2299 779 2337 Comitis
830 2302 1038 2345 flandriae,

276 2361 381 2396 gener
407 2347 510 2396 ipfius
539 2349 688 2395 Caroli,
729 2352 909 2389 transfixit
959 2367 1036 2390 mu-

276 2412 380 2434 crone
407 2399 550 2447 impune
576 2401 734 2444 Judicem
753 2430 763 2446 ‚
804 2404 866 2451 qui
907 2406 1038 2442 tulerat

275 2451 382 2485 talem
411 2449 641 2487 sententiam.
681 2455 809 2490 Nonne
837 2454 895 2490 hic
921 2454 1035 2492 Caro-

274 2501 327 2535 lus
365 2501 582 2546 impunitum
618 2502 706 2539 tulit
750 2505 951 2542 Guidoncrn
995 2508 1036 2543 de

274 2549 481 2598 Monforte‚
522 2553 585 2601 qui
620 2553 801 2592 interfecit
828 2557 1036 2607 consangui-

1087 743 1114 777 Β

1079 1649 1113 1683 D

1153 334 1280 369 Nonne
1322 329 1574 365 condemnamt
1619 327 1661 363 ad
1703 337 1907 376 perpetuum

1151 394 1323 418 carcerem
1361 379 1557 415 Dominum
1608 378 1803 413 Henricum
1840 377 1908 413 fra*

1150 443 1239 469 trem
1284 430 1388 479 Regis
1442 426 1656 477 Hispaniae,
1701 427 1908 477 consangui-

1150 496 1252 519 neum
1298 481 1423 531 ipsius,
1479 493 1583 528 quem
1624 487 1744 515 tamen
1782 477 1910 513 fecerat

1149 533 1212 569 fibi
1235 533 1364 569 hostem
1386 545 1445 580 per
1463 529 1675 569 avaritiam.
1701 542 1810 579 quum
1831 529 1909 565 nole

1151 586 1201 621 let
1236 583 1298 620 fibi
1326 582 1466 619 reddere
1506 594 1668 630 magnam
1696 579 1881 629 pecuniam
1898 605 1910 623 9

1150 648 1254 683 quam
1283 644 1407 670 mutuo
1434 632 1603 669 habuerat
1628 631 1671 668 ab
1698 630 1762 667 eo?
1808 633 1909 668 Nonn

1151 699 1193 721 ne
1221 684 1427 734 prohibuit,
1467 697 1510 719 ne
1537 683 1600 719 ille
1627 681 1805 718 obtineret
1832 684 1909 717 Sara

1151 736 1284 772 diniarn
1327 735 1368 771 ab
1404 732 1577 771 Ecclesia?
1622 732 1758 769 Deinde
1794 732 1911 780 tangit

1152 787 1257 822 aliam
1279 785 1490 822 violentiam
1511 796 1710 820 enormem.
1733 782 1790 819 Ad
1812 783 1911 831 cujus

1152 837 1427 885 intelligentiam
1456 836 1558 871 debes
1585 833 1692 879 scire,
1719 833 1813 883 quod
1840 836 1910 871 Ca„

1152 889 1245 923 rolus
1288 886 1481 936 praediEtus
1539 885 1668 922 habens
1714 884 1911 934 suspeSlum

1152 939 1330 974 Thomam
1367 937 1408 973 de
1445 936 1593 985 Aquino
1629 936 1715 973 Ord.
1756 937 1914 973 Praedia

1152 990 1208 1024 vel
1236 988 1319 1037 quia
1345 987 1536 1024 offenderat
1572 985 1740 1025 Comites
1766 987 1912 1023 consan-

1151 1039 1296 1088 guineos
1323 1039 1418 1087 ejus,
1446 1039 1504 1075 vel
1531 1038 1614 1087 quia
1641 1038 1801 1075 Thomas
1838 1039 1911 1075 itu-

1151 1103 1206 1125 rus
1234 1089 1275 1125 ad
1303 1090 1512 1127 Concilium
1552 1091 1726 1126 Generale
1757 1090 1795 1125 in
1824 1091 1909 1125 Gal—

1150 1140 1235 1176 liam
1276 1142 1526 1190 Lugdunum,
1566 1140 1734 1176 habuerat
1773 1139 1910 1180 dicere,

1149 1191 1243 1239 quod
1271 1204 1340 1227 non
1369 1200 1503 1228 taceret
1523 1189 1755 1239 opprefliones
1777 1191 1910 1239 Regni-

1150 1243 1328 1285 colarum‚
1369 1241 1499 1278 timens
1535 1241 1599 1278 fibi
1625 1242 1669 1277 ab
1694 1241 1782 1281 illo,
1823 1241 1909 1278 fecit

1151 1306 1229 1328 eum
1259 1293 1423 1329 venenati
1460 1293 1498 1329 in
1527 1292 1585 1328 via
1620 1306 1680 1342 per
1721 1292 1909 1340 quemdam

1152 1343 1333 1389 Phyficum
1355 1342 1568 1379 familiarem
1588 1342 1711 1391 suum3
1733 1343 1793 1390 qui
1816 1356 1910 1378 mor-

1152 1402 1230 1430 tuus
1258 1395 1303 1430 est
1329 1395 1418 1442 apud
1447 1393 1640 1430 Abbatiam
1677 1394 1795 1430 Fossae
1832 1396 1909 1432 No-

1153 1457 1213 1480 vae
1240 1444 1278 1480 in
1307 1448 1449 1493 Regno.
1478 1444 1579 1481 Dicit
1605 1457 1715 1494 εει-803

1200 1515 1430 1523 ------
1456 1508 1475 1529 e
1496 1496 1549 1542 poi

1200 1546 1337 1593 Ripinse
1362 1547 1396 1581 al
1415 1546 1485 1580 Ciel
1504 1546 1633 1592 Tomaso
1648 1557 1707 1594 per
1723 1549 1907 1583 ammenda.

1150 1597 1246 1642 Quia
1283 1596 1350 1632 Vir
1385 1595 1530 1632 sanstus
1564 1597 1698 1633 redivit
1732 1598 1774 1633 ad
1815 1600 1909 1634 Coe-

1150 1649 1248 1686 lum,
1288 1647 1378 1683 unde
1423 1656 1590 1683 venerat.
1631 1651 1693 1682 Per
1717 1652 1908 1689 ammenda,

1150 1698 1310 1746 loquitur
1349 1697 1485 1734 ironice
1509 1725 1522 1743 ‚
1563 1697 1657 1746 quafi
1701 1698 1827 1735 dicat:
1866 1700 1907 1735 ad

1150 1748 1431 1785 emendationem
1488 1749 1620 1797 primae
1692 1749 1861 1785 vizffimae
1895 1774 1908 1792 ,

1150 1812 1254 1845 quam
1289 1798 1418 1835 fecerat
1451 1799 1591 1847 gladio,
1632 1798 1839 1836 immolavit
1871 1813 1909 1835 a·

1149 1849 1238 1884 lium
1268 1848 1427 1894 juvenem
1450 1849 1641 1885 Do&orem
1662 1862 1816 1885 veneno.
1843 1850 1909 1886 Sed

1152 1898 1236 1946 justo
1273 1899 1407 1947 judicio
1442 1901 1592 1936 Carolus
1633 1909 1715 1935 ante
1755 1908 1907 1935 mortem

1150 1948 1274 1985 habuit
1301 1962 1426 1998 magna
1461 1949 1621 1985 adversa.
1660 1949 1756 1995 Quia
1797 1963 1906 1998 quum

1150 2001 1261 2036 elatus
1311 1999 1460 2036 successu
1495 2013 1700 2049 magnarum
1737 1999 1907 2037 viffloria-

1150 2064 1226 2086 rum
1255 2050 1403 2099 speraret
1430 2051 1601 2099 majores,
1627 2050 1722 2087 vidit
1741 2052 1908 2089 rebellio-

1150 2114 1230 2137 nem
1275 2101 1439 2141 Siciliae,
1483 2103 1517 2137 &
1563 2101 1809 2150 captivit-atem
1837 2101 1909 2141 filii

1149 2151 1222 2192 sui,
1263 2151 1325 2200 qui
1364 2162 1501 2200 poterat
1543 2151 1696 2188 interfici
1723 2153 1763 2191 in
1789 2152 1909 2189 vindi-

1150 2202 1241 2238 &am
1279 2202 1500 2244 Conradini‚
1543 2202 1565 2237 fi
1603 2202 1707 2238 hostis
1744 2203 1910 2240 voluiffet

1149 2253 1247 2289 abuti
1275 2253 1447 2293 vistoria,
1475 2253 1561 2289 ficut
1586 2253 1657 2301 ipse
1685 2253 1832 2290 fecerat.
1860 2256 1909 2290 Et

1150 2314 1309 2341 mortuus
1336 2304 1380 2340 est
1408 2317 1487 2340 curn
1514 2305 1662 2349 dolore,
1689 2304 1770 2341 filio
1794 2304 1908 2341 adhuc

1150 2365 1351 2390 carcerato.

1200 2409 1315 2452 Tempo
1340 2419 1441 2453 veggo
1468 2406 1497 2441 {a
1523 2428 1538 2433 -

1148 2456 1240 2492 Heic
1269 2459 1349 2505 Ugo
1376 2456 1478 2493 valde
1512 2457 1696 2494 detestatur
1729 2455 1841 2493 vilem
1869 2470 1905 2493 a·

1148 2507 1313 2542 varitiam
1341 2508 1483 2544 alterius
1511 2508 1654 2545 Caroli.
1693 2508 1755 2545 Iste
1790 2510 1902 2545 Caroe-

1147 2559 1201 2594 lus
1221 2557 1262 2594 <le
1279 2559 1402 2596 Valois
1423 2559 1693 2609 cognominatus
1713 2559 1903 2596 Sine—Ter=

1790 2622 1827 2644 ta
1843 2635 1854 2653 9
