2216 3105
410 191 488 232 195
722 184 1122 245 ANTIOUIT.
1164 187 1391 230 MEDII
1433 189 1604 231 AEVI
1831 199 1910 244 196

349 234 518 284 Diploma
556 238 679 274 Caroli
707 240 762 277 M.
792 244 909 279 laudat
947 247 965 280 ὲ
997 247 1104 281 Cam-
1127 248 1174 282 Α
1214 248 1315 286 lum,

349 285 410 333 pio
448 288 651 336 evulgatum
688 304 763 340 pag.
791 306 876 340 455.
915 296 1006 331 Hist.
1036 298 1102 332 Ec-

348 336 426 371 cles.
457 339 703 381 Placentinae,
730 342 767 378 in
796 358 865 392 quo
885 345 1103 390 decernitur,

348 398 383 419 ut
410 388 517 422 nullus
544 392 643 429 Dux,
671 394 879 435 Gastaldius,
906 398 960 430 vel
985 399 1035 432 A
1036 397 1103 431 710-

349 438 478 477 narius,
516 453 568 474 nec
603 442 737 488 quilibet
762 458 798 478 ex
824 446 989 487 Ministris
1027 451 1103 481 Ret-

344 487 490 534 publicae
524 491 563 524 de
595 491 665 536 jam
699 494 790 529 dic‘7a
817 497 1005 539 Judiciaria
1039 498 1103 532 ali-

347 538 425 584 quid
438 539 558 583 sumere
577 543 710 577 audeat.
733 544 845 585 Heic,
871 546 990 602 inquit
1011 550 1103 582 Fon-

347 588 524 629 taninius,
551 592 758 637 Reipublicae
784 595 928 630 nomine
951 596 1102 645 designa-

346 646 404 672 tur
424 642 568 673 Ducatus
586 645 729 686 Romae,
756 644 790 678 &
813 646 1011 681 Exarcbatus
1031 651 1101 681 Ra—

344 702 466 722 vermw
501 688 600 725 simul
629 693 839 742 conjunfi‘ci·

344 738 494 780 Ministri
520 741 728 786 Reipublicae
747 725 839 779 nihil
867 746 962 781 aliud
984 756 1101 786 erant,

344 787 406 822 nisi
444 790 593 832 Ministri
627 792 721 826 Sedis
755 794 984 841 Apostolicae,
1023 798 1102 832 Pla-

344 838 523 875 centinam
554 841 684 877 Urbem
722 845 900 881 Romanae
929 846 1101 882 Ecclesiae

343 887 560 936 subjefitam‚
598 892 738 940 ejusque
776 908 894 943 agrum
925 907 1100 945 regenteS.

342 939 398 974 Ita
425 939 463 974 in
493 941 720 987 Diplomate,
748 946 840 991 quod
867 926 1018 982 Carolus
1046 949 1099 982 M.

341 990 451 1024 Anno
482 992 750 1028 DCCLXXIV.
776 994 990 1032 Monasterio
1012 999 1100 1032 Vul-

343 1039 494 1075 turnenfi
512 1041 675 1077 conceffit
692 1043 769 1090 (uti
787 1045 942 1093 legitur
932 1059 969 1080 in
988 1047 1102 1082 Chro-

340 1089 423 1125 nico
452 1092 678 1127 Vulturnenfi
717 1095 808 1129 Part.
846 1095 894 1131 II.
923 1096 1034 1131 Tomi
1071 1096 1100 1132 I.

342 1142 421 1175 Rer.
460 1141 575 1176 Italic.
614 1155 689 1191 pag.
732 1145 847 1192 349.)
885 1158 1102 1182 commemo-

340 1199 461 1226 rantur
480 1191 687 1238 Reipublicae
710 1194 903 1235 Exafflores,
931 1196 1036 1239 idest,
1064 1207 1102 1232 ut

341 1239 404 1276 ille
441 1240 535 1276 idem
572 1243 729 1279 eruditus
765 1244 921 1293 Scriptor
948 1260 1010 1282 nos
1040 1247 1103 1283 do-

341 1300 418 1334 cet,
446 1291 648 1337 Apostolicae
673 1295 785 1335 Sedis,
815 1297 1100 1353 quando-quidem

342 1342 440 1390 regio
468 1341 531 1377 illa
553 1345 730 1380 Romanae
751 1345 921 1382 Ecclesiae
949 1348 1018 1395 jam
1041 1348 1103 1383 do-

344 1405 390 1427 no
418 1392 497 1427 data
525 1392 724 1429 fuerat.1n
749 1398 859 1431 altero
888 1397 1017 1443 pariter
1039 1398 1103 1433 Di-

343 1443 500 1490 plomate
530 1444 704 1480 Ludovici
743 1446 790 1482 {L
827 1447 915 1493 apud
944 1448 1102 1482 eumdem

344 1492 562 1541 Campium,
591 1495 747 1530 concesso
777 1497 1001 1532 Placentinae
1036 1501 1103 1533 Ec—

345 1542 464 1578 clefiae
504 1545 609 1578 Anno
656 1547 938 1583 DCCCLXXH.
982 1549 1104 1595 Reipu-

345 1594 443 1628 blicae
484 1594 651 1636 Ministros
692 1596 864 1643 reperias:
909 1597 1103 1646 itidemque

347 1642 385 1678 in
414 1643 516 1678 Bulla
545 1645 710 1690 Stephani
733 1648 794 1681 Vl.
822 1647 902 1682 data
929 1649 1103 1684 Bernardo

345 1692 520 1741 Episcopo
559 1695 765 1731 Placentino
803 1698 910 1732 Anno
951 1700 1103 1735 DCCC·

347 1745 442 1778 XCI.
471 1743 679 1790 Reipublicae
709 1746 920 1782 Exafforibus
955 1749 1103 1785 interdi-

346 1793 442 1828 &um
481 1794 599 1829 videas
641 1795 767 1832 inferre
805 1798 997 1834 molestiam
1036 1802 1102 1835 Ec-

345 1843 465 1878 clefiae
495 1845 717 1881 Placentinae
735 1872 744 1882 .
775 1848 838 1882 Sed
867 1857 905 1883 ut
935 1848 994 1884 sub
1022 1851 1102 1885 Rei-

344 1895 489 1941 publicae
508 1895 651 1931 nomine
671 1896 824 1933 ostendat
845 1897 988 1935 Clariss.
1011 1903 1102 1935 Fon-

345 1943 500 1979 taninius
530 1946 657 1982 venisse
698 1949 874 1984 Ducatum
904 1952 1101 1986 Romanum

345 1992 383 2028 ὃ(
413 1995 650 2032 Exarchatum
680 2000 946 2039 Ravennatem,
985 2001 1103 2037 laudat

344 2045 485 2080 Literas
510 2047 661 2083 Romani
682 2049 835 2085 Exarchi
857 2052 965 2086 Anno
992 2053 1103 2088 DXC.

348 2095 388 2129 ad
417 2094 688 2133 Childebertum
715 2098 764 2134 II.
794 2102 1005 2137 Francorum
1037 2106 1105 2138 Re-

344 2157 421 2191 gem
451 2146 568 2186 datas,
606 2157 712 2205 atque
740 2150 758 2184 ὲ
788 2150 939 2186 Frehero
966 2154 999 2186 8(
1030 2155 1104 2188 Du—

348 2194 489 2230 chesnio
518 2197 648 2233 editas:
679 2199 715 2233 in
744 2200 869 2245 quibus
890 2202 961 2241 ait,
991 2205 1103 2237 Deum

349 2246 590 2293 Langobardis
618 2247 778 2295 eripuisse
805 2251 987 2295 Altinum,
1025 2257 1105 2287 Mu-

343 2296 470 2339 tinam,
508 2299 684 2331 Mantuam
720 2300 921 2335 Placentiam
949 2279 1019 2339 &a
1049 2317 1105 2339 ea-

343 2344 423 2392 sque
453 2346 563 2382 Urbes
602 2349 766 2396 reparasse
810 2351 949 2386 sanciae
985 2357 1105 2389 Roma-

342 2409 400 2430 nae
428 2397 654 2443 Reipublicae.
693 2401 876 2436 Praeterea
915 2404 1104 2451 Gregorius

345 2446 392 2481 ss.
436 2448 525 2492 Papa
554 2448 590 2483 in
628 2448 761 2485 Literis
800 2451 841 2486 ad
879 2452 1004 2489 Ursum
1035 2457 1105 2489 Ve-

346 2507 506 2533 netorum
535 2500 669 2536 Ducem
696 2500 814 2549 datis,
840 2503 930 2551 apud
962 2505 1106 2541 Dandu-
1127 2525 1131 2547 ς

878 704 982 743 atque
1018 696 1102 731 adeo
1147 703 1173 735 B

1357 247 1574 287 Baronium,
1617 261 1655 283 ac
1696 249 1876 285 Labbeum
1919 251 1968 283 le-

1213 271 1363 345 gendis,
1400 311 1478 333 eum
1517 298 1557 333 ad
1595 298 1836 335 decertandum
1876 298 1967 335 inci-

1213 356 1285 386 tat,
1313 357 1352 383 ut
1380 350 1567 387 Ravenna,
1595 349 1612 383 a
1633 349 1895 397 Langobardis,
1923 347 1964 384 ad

1211 397 1427 434 deditionem
1459 399 1598 438 magia,
1627 410 1808 435 revocetur
1828 402 1871 435 ad
1896 400 1965 445 pri-

1204 448 1324 490 stinum
1337 449 1457 491 statum
1476 449 1610 483 SanHae
1631 450 1852 495 ReIpublicae.
1879 452 1965 485 Gre-

1212 498 1328 546 gorius
1351 512 1489 546 quoque
1511 498 1662 546 Magnus
1683 502 1858 536 Romanus
1876 501 1966 534 Pon-

1213 548 1300 583 tifex
1328 552 1364 582 de
1391 550 1596 596 Reipublicae
1613 550 1788 593 judicibus
1815 563 1967 596 conque-

1212 598 1319 633 ritur.
1349 601 1445 634 Haec
1466 602 1629 645 Ancyrae
1650 600 1965 648 Archiepiscopus.

1212 651 1250 683 Se
1237 648 1273 683 d
1304 649 1429 684 mirum
1459 650 1525 688 est,
1553 650 1633 696 quei
1664 651 1718 685 vir
1746 659 1862 686 tantae
1890 664 1966 686 eru-

1211 698 1359 734 ditionis
1396 699 1454 734 ista
1483 700 1583 734 nobis
1622 699 1805 747 propinare
1842 709 1964 747 potue-

1212 748 1280 791 rit,
1308 763 1395 797 quae
1422 749 1483 785 nifi
1513 749 1554 784 ab
1582 749 1724 784 homine
1755 763 1859 797 paene
1886 748 1963 784 dixi

1212 800 1383 835 caecutire
1422 802 1564 835 volente
1607 799 1759 856 profeE‘m
1805 799 1869 835 effe
1912 799 1965 834 vi-

1211 848 1379 884 deantur.
1423 848 1535 885 Certo
1579 863 1634 885 ce
1637 850 1706 884 tius
1743 850 1812 889 est,
1856 850 1965 883 Muti-

1210 912 1302 938 nam,
1338 901 1554 939 Placentiam,
1591 901 1754 946 Regium,
1791 904 1965 938 Parmam,

1209 949 1226 982 ὲ
1248 950 1348 983 nullo
1371 951 1504 996 Regum
1527 959 1585 984 aut
1605 950 1861 996 Imperatorum
1879 952 1963 984 San-

1207 997 1264 1032 &o
1295 999 1398 1032 Petro
1427 1011 1579 1043 unquam
1619 999 1711 1033 dono
1742 999 1840 1033 datas
1878 998 1962 1033 fuis-

1208 1046 1260 1082 se:
1301 1045 1339 1082 &
1367 1060 1475 1095 quum
1505 1046 1657 1083 Carolus
1695 1050 1746 1084 M.
1776 1047 1814 1083 &
1844 1047 1964 1083 Ludo—

1210 1097 1306 1132 vicus
1348 1097 1394 1133 ΙΙ.
1439 1097 1577 1134 Literas
1622 1097 1719 1146 supra
1757 1107 1965 1134 memoratas

1165 1173 1173 1183 ,
1210 1146 1393 1196 scripsere,
1431 1149 1527 1183 nulla
1564 1148 1741 1184 dubitatio
1777 1148 1842 1188 est,
1879 1148 1966 1196 quin

1210 1198 1321 1234 Urbes
1348 1198 1432 1233 illae
1453 1199 1493 1234 ad
1519 1201 1677 1247 Regnum
1698 1199 1865 1236 Italicum
1889 1212 1965 1247 per-

1210 1248 1387 1284 tinerent.
1419 1250 1557 1285 Praeter
1584 1249 1669 1289 illa,
1698 1263 1785 1296 quae
1814 1250 1881 1297 jam
1912 1248 1964 1284 su-

1210 1312 1268 1346 pra
1299 1299 1435 1335 disserui
1476 1299 1512 1334 in
1543 1299 1719 1335 Differtat.
1756 1299 1803 1336 II.
1831 1302 1869 1333 de
1898 1303 1965 1334 Re-

1205 1362 1268 1394 gno
1295 1350 1370 1384 Ital.
1408 1349 1496 1385 hanc
1533 1349 1642 1397 ipsam
1671 1349 1855 1386 veritatem
1893 1348 1967 1397 ipsa

1213 1399 1415 1446 Diplomata
1447 1400 1641 1436 meridiano
1671 1401 1749 1436 Sole
1780 1400 1964 1435 clariorem

1207 1448 1419 1489 ostendunt,
1467 1463 1573 1496 quum
1617 1449 1770 1487 Carolus
1810 1449 1965 1498 Magnus

1211 1499 1415 1534 Placentino
1444 1500 1617 1548 Episcopo
1639 1501 1743 1535 donet
1765 1513 1881 1534 omnem
1906 1513 1962 1543 Ju-

1206 1549 1397 1589 diciariam‚
1434 1551 1487 1583 vel
1515 1563 1599 1584 omne
1626 1551 1776 1584 teloneum
1803 1551 1840 1583 de
1866 1552 1963 1583 Curre

1207 1600 1397 1644 Gluffian0‚·
1433 1599 1637 1636 Ludovicus
1666 1602 1747 1635 vero
1775 1599 1822 1635 II.
1851 1599 1964 1634 eidem

1208 1650 1376 1695 largiatur
1396 1658 1529 1697 partem
1550 1650 1633 1684 muri
1652 1649 1792 1695 publici,
1820 1649 1866 1688 όν
1888 1649 1966 1683 Viae

1206 1700 1371 1744 publicae,
1400 1699 1597 1746 pariterque
1626 1698 1810 1733 confirmet
1838 1701 1964 1734 Merca-

1208 1760 1261 1787 τα,
1300 1750 1341 1782 (9¹
1367 1749 1488 1795 reliqua
1504 1773 1514 1788 ‚
1551 1763 1629 1795 quae
1654 1751 1675 1782 ἃ
1702 1749 1830 1795 reliquis
1856 1753 1963 1783 Ante-

1208 1797 1365 1843 ccfforibus
1392 1799 1499 1841 nostris
1527 1800 1640 1834 collata
1665 1799 1742 1844 sunt
1771 1798 1843 1844 jam
1873 1799 1966 1845 saepe

1207 1849 1310 1883 alifiae
1339 1849 1510 1889 Ecclesiae.
1549 1851 1600 1884 At
1638 1849 1756 1896 inquit
1794 1849 1964 1884 Fontani-

1209 1900 1306 1938 nius,
1335 1899 1418 1934 haec
1439 1899 1668 1946 Imperatores
1698 1898 1776 1938 illi,
1798 1907 1963 1946 tanquam

1209 1949 1373 1984 Advocati
1410 1954 1573 1984 Romanae
1609 1949 1761 1989 Ecclesiae
1798 1959 1965 1997 egerunt.

1211 2000 1353 2035 Scilicet
1374 1999 1522 2035 minime
1543 2000 1794 2034 animadvertit
1822 1999 1905 2037 ille,
1935 1999 1965 2034 se

1210 2064 1278 2085 non
1303 2050 1507 2086 Advocatos
1536 2050 1678 2085 SanE'tae
1701 2052 1877 2085 Romanae
1899 2052 1966 2085 Ec-

1211 2100 1329 2136 clefiae
1367 2100 1469 2135 nobis
1506 2100 1694 2139 exhibere,
1736 2099 1789 2135 sed
1829 2100 1966 2135 sacrile-

1210 2165 1270 2197 gos
1298 2151 1522 2199 Apostolicae
1550 2151 1699 2186 ditionis
1727 2150 1965 2196 usurpatores.

1210 2201 1399 2249 Ecquando
1427 2201 1521 2237 enim
1551 2201 1656 2237 licuit
1693 2200 1861 2248 ejusmodi
1892 2202 1965 2235 Ad-

1212 2252 1346 2287 vocatis
1375 2252 1488 2288 veluti
1520 2252 1574 2287 sua
1602 2252 1637 2287 in
1668 2251 1756 2288 alios
1785 2250 1966 2287 transferre

1210 2302 1438 2338 Ecclefiarum
1469 2302 1581 2338 bona?
1619 2305 1665 2339 Et
1693 2302 1788 2338 nulla
1824 2301 1964 2349 quidem

1212 2354 1432 2389 Advocatiae
1471 2353 1650 2389 mentione
1691 2352 1814 2391 fagia,
1855 2351 1966 2386 immo

1212 2404 1332 2439 iisdem
1364 2405 1464 2449 plane
1492 2403 1674 2443 formulis,
1702 2403 1827 2451 quibus
1855 2400 1890 2436 in
1913 2415 1964 2437 re-

1213 2455 1320 2503 liquis
1349 2454 1426 2490 suae
1454 2454 1628 2503 supremae
1655 2450 1891 2489 dominationi
1913 2453 1967 2486 lo—

1214 2505 1262 2541 cis
1291 2505 1454 2555 subjtfi'tis
1482 2515 1536 2542 tot
1573 2505 1642 2541 alia
1668 2504 1866 2540 donarunt.
1903 2505 1968 2539 Er

1873 2565 1918 2601 go
