2216 3105
213 245 338 323 hab5uit
383 288 571 324 MCCCC.
616 288 751 336 equites
801 289 839 326 δε
888 292 971 327 osto

213 337 328 377 millia
349 338 527 387 peditum.
555 340 657 375 Tunc
680 341 878 377 Florentiae
898 352 970 378 erat

211 388 353 436 quidam
385 390 546 425 Vicarius
567 391 690 426 Caroli
712 391 852 427 Veteris
869 420 879 436 ,
907 406 970 428 no-

213 437 310 475 mine
336 442 468 475 Zannes
498 440 702 485 Bertaldus,
730 442 890 489 quicum
914 443 969 478 sua

213 499 315 536 gente
341 490 479 526 Gallica
505 492 537 526 &
561 492 776 528 Florentinis
797 493 868 529 ivit
887 507 969 529 con-

213 549 267 575 tra
317 541 509 589 praediEtos
536 570 544 578 .
596 543 758 578 Senenses
805 544 969 580 timentes

213 588 298 634 fibi,
325 593 514 629 voluerunt
539 593 720 629 recedere:
760 594 814 630 sed
853 595 889 630 in
917 610 969 631 re·

215 641 303 677 ceffu
341 641 480 679 fuerunt
514 643 623 679 invasi
660 644 702 679 ab
744 644 895 682 hofflbus
936 647 969 681 δε

215 690 368 728 faciliter
395 693 586 729 debellati.
625 695 879 732 Provincianus
916 710 971 732 ca-

217 750 319 789 ptus,
356 743 573 788 decapitatus
608 744 706 789 fuit,
747 744 786 781 ἆ
813 746 850 782 in
878 760 972 782 cam—

216 805 282 839 po,
311 805 370 840 per
395 793 530 830 digium
558 796 712 830 Zannem
751 797 971 833 Bertaldum.

216 843 328 887 Cujus
366 854 471 891 caput
511 845 689 881 abscissum
731 846 875 882 affixum
904 847 973 884 fuit

214 892 327 928 hastae
361 895 507 943 longae,
544 893 582 931 ὅ(
626 897 757 932 circum
795 907 972 946 portatum

215 956 276 990 per
303 957 484 993 campum.
526 948 580 982 Ex
621 960 691 995 quo
718 947 788 983 fuit
813 948 972 984 verifica-

216 1003 293 1029 tum
335 996 368 1030 &
410 995 624 1032 declaratum
660 996 858 1043 responsum
897 1001 973 1035 Au-

217 1044 313 1091 guris
340 1044 408 1081 five
438 1046 655 1093 Daemonis‚
696 1049 758 1096 qui
796 1049 974 1098 praedixe-

217 1103 273 1130 rat
300 1094 382 1131 fibi:

267 1147 346 1182 Ibis.
385 1148 563 1194 Pugnabis.
601 1151 685 1184 Non.
724 1150 886 1186 Rforieris.
926 1153 975 1186 In.

319 1198 459 1233 Proelia.

267 1249 326 1282 Et.
349 1251 462 1283 Tuum.
484 1252 601 1293 Caput.
626 1251 714 1285 Erit.
742 1252 974 1287 sublimatum.

317 1300 428 1342 Super.
456 1302 588 1334 Cetera.

218 1346 342 1382 Paucis
379 1348 580 1385 Senenfibus
633 1351 805 1395 parcitum
847 1352 917 1388 fuit
958 1366 975 1387 a

218 1397 457 1438 Florentinis,
478 1399 515 1434 in
535 1399 731 1436 vindictam
753 1415 871 1437 eorum
885 1428 894 1441 ‚
915 1403 974 1449 qui

219 1444 360 1483 fuerant
384 1449 485 1483 occisi
516 1451 620 1496 paulo
647 1460 728 1486 ante
748 1453 788 1486 ad
810 1451 977 1488 Montem

215 1497 392 1542 Apertum
411 1523 420 1533 .
464 1500 568 1534 Nunc
596 1499 638 1533 ad
666 1499 805 1536 literam
823 1527 832 1536 .
876 1502 977 1538 Dicit

217 1545 397 1583 Odorifius
423 1548 538 1584 nostro
568 1550 718 1586 Poetae:

265 1597 380 1641 Calui,
418 1599 468 1633 che
494 1601 545 1633 del
570 1601 673 1635 camin
700 1602 728 1634 s>
752 1612 825 1646 poso
848 1603 976 1650 piglia,

217 1646 301 1693 quia
327 1647 405 1684 ibat
431 1658 528 1686 totus
565 1651 765 1688 contraEtus
800 1667 859 1701 per
886 1656 976 1690 Cor-

216 1708 356 1731 mcem:

272 1746 423 1792 Dinanzi
447 1762 467 1783 a
493 1763 562 1793 me,

220 1795 302 1843 quia
330 1798 556 1845 praecedebat
582 1800 721 1849 ipsum:

267 1867 497 1876 ------
525 1851 664 1894 Toscana
684 1853 759 1896 sona
786 1863 892 1897 tutta,

220 1897 303 1982 quiia
330 1897 401 1934 fuit
427 1899 469 1935 ad
496 1909 633 1950 tempus
660 1901 810 1939 famosus
837 1905 875 1940 in
903 1912 978 1940 tota

220 1949 277 1983 Tu
297 1947 349 1983 cia
366 1961 376 1984 :

268 2001 318 2032 Et
343 2012 397 2034 ora
422 2022 608 2030 -----

219 2046 326 2092 idest,
353 2063 445 2086 nunc
472 2052 514 2087 de
541 2053 741 2099 praesenti,
769 2056 925 2092 MCCC.

269 2119 287 2124 ·-
314 2119 330 2125 -
356 2120 372 2126 -·
398 2104 533 2145 Aperta
553 2103 586 2136 in
610 2105 708 2138 Siena
730 2106 787 2149 sen
804 2107 977 2152 pispiglia.

220 2147 331 2192 Idest‚
369 2149 431 2185 vix
460 2150 649 2188 susurratur
676 2152 714 2188 &
742 2166 978 2191 murmuratur

221 2197 263 2234 de
288 2212 331 2234 eo
357 2200 466 2236 tacite
482 2228 492 2243 ,
520 2202 552 2235 in
579 2203 677 2237 siena
692 2231 711 2247 ,γ
745 2203 829 2240 idest
854 2206 891 2240 in
920 2219 978 2254 pa-

220 2248 288 2284 tria
315 2248 398 2290 sua,
426 2251 486 2286 ubi
514 2250 582 2287 fuit
610 2266 754 2302 magnus
781 2256 816 2290 &
841 2258 977 2304 magni-

218 2298 303 2335 ficus
331 2301 528 2337 Dominus,
571 2304 717 2348 Quanto
753 2305 870 2342 minus
896 2319 978 2355 ergo

218 2349 256 2385 in
283 2351 466 2387 Florentia
493 2353 550 2387 vel
587 2353 707 2390 alibi?
749 2358 796 2391 Et
831 2356 978 2394 ostendit

217 2401 366 2448 gloriam
392 2403 468 2450 ejus
495 2416 556 2451 per
584 2403 770 2441 viffloriam
793 2420 953 2456 magnam
969 2437 977 2453 ‚

212 2464 319 2498 quam
346 2452 476 2489 habuit
499 2453 544 2489 ¹de
569 2453 730 2503 superbia
753 2458 978 2494 florentino—

216 2514 323 2550 rum;
353 2503 493 2539 dicens:

260 2552 407 2590 Oml’era
433 2555 503 2589 sire
533 2575 723 2585 -----

557 228 860 274 COMMENT.
890 232 956 274 IN
985 226 1211 274 DANTIS
1237 226 1478 271 COMOED.

1010 292 1042 326 A

1726 248 1780 275 οε)

1081 287 1190 328 idest.
1226 288 1323 336 cujus
1362 287 1535 324 Civitatis
1570 244 1735 327 Senaruiri
1763 304 1835 329 erat

1083 338 1257 375 Dominus
1274 350 1283 373 :

1131 411 1147 416 -
1173 411 1189 416 -
1215 411 1230 416 -
1259 411 1274 415 -
1301 392 1438 435 „Quando
1460 390 1498 433 fu
1525 390 1673 432 dislrzctta

1132 445 1182 475 La
1208 439 1319 475 rahbz‘a
1345 440 1554 484 Florentina,
1580 462 1598 467 —
1625 464 1640 468 -
1668 465 1684 470 -
1712 466 1725 470 -

1082 491 1185 535 idest,
1224 491 1323 526 Plebs
1351 490 1500 529 furiosa,
1538 505 1626 540 quae
1653 502 1737 529 tunc
1766 506 1835 532 erat

1082 541 1318 578 intolerabilis
1337 569 1346 585 ,
1387 541 1559 577 debellata
1586 541 1625 579 &
1653 545 1836 592 prostrata,

1053 598 1055 624 2
1084 595 1129 628 Et
1165 592 1208 627 s1c
1237 606 1303 629 una
1331 592 1488 641 superbia
1525 593 1668 641 punivit
1708 596 1835 637 aliam²

1085 653 1124 679 ut
1150 643 1194 679 cst
1221 642 1262 678 de
1290 656 1405 678 more.
1434 643 1536 679 Unde
1563 644 1672 682 dicit:

1135 715 1323 720 -----
1350 695 1401 728 che
1420 694 1557 739 superba

1135 747 1188 779 Fu
1214 759 1234 779 a
1260 746 1330 792 quel
1357 755 1455 789 tempo
1481 766 1711 774 ------

1084 795 1181 840 Quia
1208 805 1329 831 contra
1370 794 1552 831 confilium
1593 797 1753 834 omnium
1780 801 1839 834 Sa»

1086 847 1244 893 pientum
1273 845 1390 881 voluit
1418 846 1644 894 pertinaciter
1681 847 1731 884 ire
1758 862 1840 885 con·-

1056 933 1057 936 ,
1086 906 1138 931 tra
1166 895 1274 931 hostes
1302 896 1343 931 ad
1371 896 1622 932 exterminium
1651 898 1768 934 suum.

1056 944 1060 995 i
1136 967 1321 973 -----
1348 948 1375 980 si
1399 946 1535 982 com’ora
1560 950 1578 981 ὲ
1600 959 1714 992 putta.

1088 995 1196 1041 idest,
1234 996 1384 1036 lasciva,
1425 1010 1536 1043 vana,
1576 1011 1712 1043 avara,
1757 999 1837 1035 ficu*

1087 1046 1274 1082 meretrix.

1323 1099 1385 1133 Ad
1413 1099 1494 1144 Vers.
1527 1111 1608 1146 132.

1137 1150 1229 1183 Come
1249 1149 1291 1192 [μ’
1315 1151 1349 1183 la
1375 1159 1495 1184 venata
1511 1165 1532 1184 a
1551 1151 1600 1184 lui
1615 1151 1738 1198 largita
1754 1156 1772 1184 59

1015 1203 1045 1237 C
1088 1197 1145 1233 Ad
1174 1198 1275 1247 hujus
1302 1199 1352 1234 rei
1380 1199 1595 1235 evidentiam
1624 1203 1752 1238 claram
1783 1217 1844 1239 VO«

1059 2558 1151 2603 ,Iste
1197 2561 1386 2598 vocabatur
1432 2563 1565 2603 Vinea,

1087 1249 1145 1292 lo,
1173 1258 1207 1284 te
1236 1248 1321 1285 scire
1339 1277 1349 1293 ‚
1386 1251 1479 1297 quod
1507 1264 1614 1298 quum
1644 1252 1787 1300 quidam
1807 1268 1845 1289 a-

1088 1299 1198 1335 micus
1228 1300 1478 1344 Provinciam,
1506 1311 1627 1350 captus
1653 1304 1691 1338 in
1719 1303 1844 1340 confli—

1086 1349 1144 1384 au
1181 1350 1404 1393 Conradiffi,
1439 1351 1654 1388 detineretur
1697 1353 1736 1389 in
1772 1368 1847 1391 car*

1087 1413 1162 1435 cere
1182 1399 1304 1435 Caroli
1328 1400 1473 1436 viRoris
1487 1429 1496 1445 ,
1517 1403 1734 1450 adjudicatus
1751 1418 1845 1441 mor—

1086 1449 1139 1493 ti,
1177 1449 1238 1485 nifi
1267 1450 1359 1485 intra
1397 1461 1529 1488 certum
1568 1455 1671 1490 breve
1709 1466 1845 1504 tempus

1087 1499 1240 1535 solvisset
1261 1500 1378 1536 decem
1400 1502 1516 1538 millia
1531 1505 1753 1545 Aureorum,
1774 1506 1846 1555 ipse

1088 1550 1343 1586 Provincianus
1381 1552 1543 1600 exposuit
1579 1553 1612 1590 se
1640 1555 1680 1590 ad
1707 1558 1842 1593 mendi-

1087 1600 1234 1636 candum
1256 1600 1416 1650 suffragia
1438 1616 1499 1650 pro
1518 1604 1737 1642 redemtione
1757 1607 1846 1642 ami—

1087 1651 1140 1686 ci.
1171 1653 1263 1686 Nam
1292 1652 1403 1700 polito
1431 1653 1542 1689 banco
1569 1668 1649 1690 cum
1670 1665 1789 1704 tapeto
1811 1659 1846 1694 in

1088 1703 1201 1750 platea
1222 1701 1395 1738 Civitatis
1408 1728 1417 1741 ‚
1446 1704 1565 1753 coepit
1584 1705 1771 1743 humiliter
1789 1722 1844 1744 ro-

1088 1765 1166 1800 gare
1194 1765 1506 1801 unumquemque,
1534 1764 1574 1791 ut
1601 1757 1774 1793 conferret
1794 1773 1847 1794 re-

1088 1802 1262 1838 demtioni
1292 1803 1411 1838 istius.
1438 1806 1486 1839 Et
1513 1805 1556 1840 fic
1583 1806 1620 1841 in
1651 1808 1747 1844 brevi
1771 1811 1847 1844 col-

1090 1851 1178 1886 lefflrl
1219 1852 1364 1900 pecunia
1403 1855 1588 1890 necessaria
1614 1857 1785 1893 liberavit
1810 1873 1847 1894 a-

1090 1901 1241 1937 micum.
1278 1903 1335 1938 Ad
1364 1902 1503 1939 literam
1533 1920 1614 1954 ergo
1642 1907 1734 1943 dicit
1763 1911 1847 1944 Poe—

1088 1962 1142 1987 ta:
1174 1952 1240 1987 Ille
1260 1953 1438 1989 Odorifius
1464 1955 1563 2001 dfs:ffe
1593 1958 1846 1995 Provincianus

1089 2002 1283 2050 praedit-stus
1322 2004 1524 2040 liberamente
1564 2006 1727 2054 s’affiffi‘,
1764 2010 1848 2046 idest

1087 2053 1244 2088 firmavit
1269 2054 1302 2088 δε
1331 2055 1525 2092 collocavit
1551 2056 1584 2093 se
1612 2060 1663 2092 nel
1688 2072 1792 2104 campo
1812 2063 1847 2096 di

1087 2104 1204 2147 siena,
1233 2102 1316 2139 idest
1343 2105 1378 2139 in
1408 2107 1521 2154 platea
1542 2110 1729 2154 Senamm,
1758 2125 1845 2158 quae

1088 2154 1196 2202 vulgo
1223 2156 1420 2203 appellatur
1446 2156 1497 2193 ibi
1525 2157 1705 2207 Campus.
1734 2163 1780 2197 Et
1801 2163 1845 2198 est

1088 2203 1361 2252 pulcherrimum
1390 2209 1518 2243 Forum
1536 2233 1547 2248 ‚
1576 2210 1668 2257 quasi
1697 2211 1843 2249 circula—

1087 2268 1144 2294 re,
1171 2255 1303 2291 circum
1330 2255 1486 2293 cinRum
1512 2260 1648 2309 magnis
1675 2263 1843 2308 palatiis,

1087 2306 1121 2340 δε
1149 2305 1187 2340 in
1214 2306 1286 2353 ejus
1314 2307 1466 2345 circuitu
1493 2309 1608 2346 solent
1645 2312 1844 2350 deambula·

1088 2369 1124 2391 re
1165 2357 1335 2397 Nobiles,
1372 2359 1405 2394 &
1448 2359 1671 2399 honorabiles
1707 2364 1842 2409 Cives,

1089 2405 1127 2442 in
1153 2407 1271 2443 medio
1300 2412 1381 2445 vero
1411 2412 1663 2459 Negotiantes.

1323 2464 1388 2495 ,Ad
1415 2463 1497 2506 Vers.
1529 2465 1609 2511 136.

1141 2509 1221 2555 Egli
1245 2521 1301 2554 per
1325 2522 1394 2546 trar
1413 2511 1435 2545 l’
1447 2514 1562 2548 Amico
1579 2515 1638 2560 suo
1660 2517 1697 2551 di
1712 2528 1811 2561 pena.

1616 2567 1676 2614 qui
1724 2577 1841 2615 captus

1707 2617 1796 2665 apud

1164 2611 1286 2658 sz
