2216 3105
263 215 348 257 453
559 196 860 239 COMMENT.
893 196 957 238 IN
986 192 1212 236 DANTJS
1240 190 1480 232 COMOED.
1688 207 1776 246 434

206 262 280 302 iae,
321 258 360 294 &
396 257 466 291 fine
502 255 619 303 aliqua
655 255 839 291 resistentia
868 263 963 290 tran—

206 309 291 345 fiens
319 306 480 356 pervenit
508 306 546 341 in
574 307 717 355 planum
746 305 864 341 Santsti
893 308 964 340 Va—

205 359 334 396 lentini
379 357 416 392 in
457 355 660 401 Contrata,
707 369 794 404 quae
835 355 966 391 dicitur

206 409 465 458 Tagliacozzo.
493 405 645 442 Carolus
666 406 816 443 sentiens
837 407 966 442 adven-

207 469 282 496 tum
325 457 521 494 Conradini
561 457 695 493 recessit
731 471 750 493 a
787 457 964 501 Luceria,

207 510 268 546 ubi
295 518 368 545 erat
387 508 425 544 in
445 507 643 548 obsidione,
672 507 709 544 ὃ(
736 508 871 557 magnis
892 508 966 543 die-

207 561 254 596 tis
283 558 443 608 pervenit
470 559 664 606 Aquilam.
693 562 774 605 Qua
801 558 966 595 Civitate

208 610 415 646 confirmata
443 609 480 645 in
509 609 576 646 fide
612 610 670 646 sua
708 623 768 659 per
794 609 967 645 transver—

209 661 284 697 sum
312 660 489 696 montium
518 660 679 709 pervenit
707 674 813 709 prope
833 660 967 696 exerci-

210 721 286 747 tum
315 710 512 747 Conradini
540 711 577 746 in
605 711 699 746 dieta
725 711 894 759 planitie.
921 712 968 745 Et

209 762 360 797 habebat
376 761 491 796 minus
507 761 575 797 tria
596 761 712 797 millia
734 760 917 797 hominum
934 762 967 796 &

211 811 323 848 solum
353 811 483 848 flumen
511 821 584 847 erat
611 812 648 848 in
676 812 793 848 medio
821 812 967 848 duorum

212 862 431 899 exercituum
456 889 464 898 .
510 864 614 898 Tunc
673 862 815 911 quidam
861 863 970 898 Miles

213 916 365 950 Francus
393 913 518 955 senex,
561 914 693 957 bonus,
735 912 773 948 &
801 913 970 962 prudens,

212 974 359 1000 vocatus
398 964 573 999 Dominus
609 963 784 1007 Alardus,
821 963 882 1012 qui
919 975 972 998 re-

214 1014 311 1050 diens
338 1014 380 1050 de
408 1015 499 1049 ultra
530 1028 622 1050 mare
654 1028 671 1049 a
701 1016 811 1050 Terra
848 1014 972 1050 Sangia

216 1065 291 1100 illis
327 1064 447 1100 diebus
484 1066 664 1113 appulerat
700 1063 738 1099 in
779 1064 972 1113 Apuliam,

215 1115 339 1150 videns
376 1128 517 1162 parvam
554 1124 693 1162 gentem
744 1115 889 1159 Caroli,
935 1113 972 1150 &

217 1179 341 1214 parvos
369 1166 489 1206 viros,
517 1164 610 1200 dixit
639 1165 791 1202 fideliter
817 1165 973 1204 Carolo,

216 1215 310 1262 quod
348 1215 370 1251 fi
409 1215 550 1251 volebat
577 1216 641 1251 effe
669 1217 805 1255 vifflor,
833 1225 973 1265 oporte-

218 1266 277 1300 bat
304 1279 382 1301 eum
422 1266 532 1313 magis
574 1266 626 1301 uti
654 1276 727 1302 arte
756 1267 841 1302 belli
868 1279 972 1314 quarn

216 1315 371 1350 viribus.
400 1317 549 1351 Carolus
577 1317 728 1351 multum
758 1316 866 1352 fidens
894 1330 974 1365 pru-

216 1365 335 1400 dentia
362 1365 473 1407 senis,
501 1365 676 1401 commisit
700 1367 836 1402 Alardo
857 1376 974 1402 toturn

216 1415 399 1463 negotium
427 1415 526 1451 illius
569 1415 673 1451 belli.
713 1417 865 1451 Alardus
892 1429 975 1464 ergo

216 1466 397 1501 ordinavit
423 1465 465 1500 de
492 1474 594 1514 gente
622 1466 745 1501 Caroli
773 1475 842 1501 tres
863 1466 974 1501 acies.

215 1517 263 1551 Et
289 1516 331 1551 de
359 1515 470 1563 prima
512 1515 597 1551 fecit
633 1514 872 1562 Capitaneum
902 1519 977 1551 Do-

217 1566 354 1602 minum
384 1565 579 1602 Henricum
607 1565 648 1602 de
675 1567 867 1603 Consentia
900 1566 977 1602 Mi-

217 1617 319 1652 litem
348 1629 513 1665 magnum
542 1630 706 1665 corpore.
747 1620 864 1664 Quem
892 1617 978 1653 fecit

217 1666 346 1702 >armari
389 1667 494 1702 armis
539 1668 574 1702 ὅ(
611 1667 814 1716 superfignis
851 1668 979 1716 regali-

220 1717 304 1755 bus,
341 1717 421 1751 loco
448 1716 592 1756 Caroli,
629 1718 690 1765 qui
718 1719 865 1754 ducebat
893 1721 979 1753 Pro-

222 1765 413 1808 vinciales,
455 1767 700 1812 Lombardos,
741 1768 898 1812 Tuscos,
942 1767 980 1804 ἃ

223 1816 445 1864 Campanos.
491 1817 646 1854 Secunda
697 1818 787 1854 acies
829 1819 897 1855 fuit
938 1832 981 1854 ex

224 1867 388 1907 Francis,
425 1868 522 1916 cujus
551 1868 636 1904 fecit
663 1868 785 1904 ducem
814 1869 982 1905 Guilliel-

224 1930 322 1953 mum
364 1918 590 1962 Ordandum‚
627 1921 661 1954 &
689 1919 805 1967 posuit
834 1920 981 1956 Provin-

224 1968 329 2004 ciales
366 1969 406 2004 ad
443 1969 630 2004 custodiam
678 1970 766 2006 diffi
805 1969 983 2012 fluminis,

223 2032 266 2054 ne
293 2019 466 2055 exercitus
493 2018 692 2056 Conradini
721 2021 828 2068 posset
861 2020 982 2056 transi—

224 2082 260 2104 re
288 2068 450 2113 impune.
470 2071 515 2105 Et
535 2070 643 2106 tertio
665 2071 866 2111 mandavit,
887 2072 980 2118 quod

225 2121 301 2154 Rex
328 2117 480 2156 Carolus
507 2133 586 2156 cum
615 2120 699 2157 flore
727 2122 837 2158 totius
867 2122 981 2157 Nobi-

225 2169 340 2204 litatis
367 2180 549 2218 reponeret
576 2170 607 2207 se
635 2171 672 2207 in
700 2171 833 2208 infidiis
854 2172 892 2207 in
912 2186 981 2207 uno

226 2221 407 2255 vallabulo
443 2221 513 2258 nost
543 2234 649 2257 unum
677 2222 880 2258 colliculum
901 2250 909 2258 .
936 2225 982 2258 Et

225 2269 364 2306 fuerunt
404 2272 547 2307 DCCC.
574 2271 793 2308 strenuiffimi
835 2274 983 2308 bellato-

224 2335 297 2356 res.
334 2323 380 2356 Et
416 2321 486 2369 ipse
523 2322 677 2358 Alardus
716 2322 876 2358 remansit
904 2337 980 2359 cum

224 2371 299 2417 ipso
327 2373 483 2408 Carolo.
525 2375 580 2408 Ex
617 2373 686 2408 alia
722 2383 818 2421 parte
845 2372 983 2409 Conra-

224 2421 325 2457 dinus
354 2421 514 2460 similiter
541 2423 625 2459 fecit
647 2433 715 2459 tres
735 2424 851 2472 acies;
879 2437 983 2460 unam

227 2486 269 2508 ex
297 2473 508 2512 Germanis,
537 2475 634 2523 cujus
662 2484 766 2522 caput
793 2474 860 2510 fuit
888 2474 983 2522 ipse,

227 2521 264 2560 ὃς
291 2526 375 2560 Dux
402 2523 562 2561 Austriae
602 2538 683 2561 cum
709 2525 833 2562 multis
859 2525 986 2562 Comi-

1007 261 1041 294 A
1073 253 1190 295 tibus,
1210 252 1243 285 δε
1266 250 1479 284 Baronibus.
1509 249 1698 284 Secundam
1721 262 1832 285 actem

1052 302 1159 352 ¹fecit
1186 315 1229 337 ex
1257 299 1416 343 Italicis,
1445 299 1540 346 cujus
1569 298 1636 334 fuit
1663 300 1732 335 dux
1757 299 1833 335 Co-

1052 367 1146 397 ¹mes
1167 353 1392 399 Galvagnus.
1420 349 1544 385 Tertia
1573 349 1662 384 acies
1691 350 1758 385 fuit
1790 364 1833 386 ex

1052 402 1265 452 1Hispanis,
1307 402 1404 449 cujus
1441 399 1510 435 fuit
1545 399 1615 434 dux
1660 400 1834 435 Dominus

1052 453 1270 491 λΙ-Ιετῐιτίως.
1298 450 1521 487 Conradinus
1549 450 1660 499 igitur
1687 450 1756 485 suis
1777 464 1834 485 or-

1053 503 1207 540 'dinatis
1235 502 1395 541 aciebus,
1438 502 1560 550 plenus
1597 500 1654 549 spe
1681 502 1836 536 tentavit

1053 570 1054 575 ¹
1077 554 1215 591 transire
1262 553 1391 589 flumen
1409 580 1418 595 ‚
1465 562 1503 588 ut
1550 562 1717 601 pugnaret
1755 564 1836 587 cum

1076 606 1228 643 Carolo.
1256 605 1419 640 Habebat
1447 603 1542 639 enirn
1571 604 1726 651 quinque
1753 602 1836 638 mil-

1076 657 1125 693 lia
1154 656 1334 692 militurn.
1375 657 1422 690 Et
1449 654 1554 689 stante
1583 654 1656 689 acie
1687 654 1837 689 Provin-

1055 707 1246 751 1cialium,
1284 706 1381 753 cujus
1417 714 1491 740 erat
1531 705 1601 740 dux
1633 704 1835 740 Provincia-

1079 758 1167 793 lium
1197 756 1371 793 Henricus
1408 756 1449 791 de
1476 753 1672 791 Consentia
1709 754 1750 790 ad
1778 768 1837 790 cu-

1079 808 1222 844 stodiam
1252 807 1391 856 pontis,
1419 807 1453 841 δε
1482 805 1650 842 resistente
1680 805 1837 841 Domino

1080 859 1238 895 Henrico
1274 859 1315 894 de
1343 856 1537 905 Hispania,
1580 856 1730 905 Hispani
1759 869 1840 891 coe-

1081 919 1205 959 perunt
1239 908 1381 944 transire
1418 906 1571 950 flumen,
1612 908 1644 942 &
1673 908 1841 955 repellere

1080 960 1191 996 aciem
1221 958 1504 995 Provincialem.
1541 957 1763 994 Conradinus
1801 955 1838 991 ἃ.

1082 1010 1132 1046 sui
1161 1010 1345 1049 videntes,
1373 1009 1467 1057 quod
1495 1008 1646 1057 Hispani
1675 1007 1839 1043 tranfive-

1081 1070 1180 1100 rant,
1224 1069 1412 1109 coeperunt
1448 1058 1590 1095 transire
1617 1072 1697 1094 cum
1725 1057 1840 1093 furore

1081 1111 1331 1151 Theotonico‚
1369 1110 1575 1147 invadentes
1602 1118 1742 1158 gentem
1771 1110 1841 1144 Ca-

1082 1162 1171 1198 roli.
1214 1162 1256 1198 In
1304 1161 1401 1197 brevi
1441 1161 1525 1196 hora
1553 1160 1693 1196 fuerunt
1720 1171 1841 1195 omnes

1061 1213 1260 1260 'prostrati‚
1304 1212 1355 1248 ita
1398 1211 1491 1260 quod
1519 1211 1593 1247 acie
1636 1209 1842 1246 Provincia-

1059 1264 1169 1298 ‘lium
1198 1263 1235 1298 in
1264 1262 1380 1310 fugam
1424 1262 1546 1301 versa,
1589 1260 1627 1297 ὃ(
1655 1259 1842 1296 ὶηῐετῖεέἶο

1089 1313 1245 1348 Domino
1273 1313 1431 1348 Hem-ico
1458 1313 1499 1348 de
1527 1311 1746 1355 Consentia,
1781 1309 1844 1358 qui

1087 1363 1324 1399 mentiebatur
1363 1363 1540 1410 personam
1582 1363 1728 1402 Caroli,
1770 1363 1845 1397 Do-

1086 1414 1202 1448 minus
1238 1413 1413 1449 Henricus
1450 1413 1590 1449 credens
1627 1412 1747 1448 vicisse
1776 1414 1845 1447 Re-

1086 1477 1187 1511 gem,
1224 1462 1350 1498 invafit
1387 1463 1498 1499 aciem
1528 1466 1761 1502 francorum,
1806 1461 1845 1498 δ(

1087 1514 1279 1550 Italorum.
1305 1516 1360 1548 Ex
1388 1527 1458 1560 quo
1486 1513 1700 1562 fugientibus
1728 1513 1845 1549 omni-

1088 1566 1149 1600 bus
1177 1577 1219 1599 ex
1250 1574 1345 1613 parte
1372 1563 1518 1603 Caroli,
1547 1563 1585 1599 ὃ(
1612 1563 1846 1599 deserentibus

1089 1628 1249 1663 campum
1269 1643 1278 1658 ,
1306 1614 1474 1650 Germani
1503 1614 1654 1650 viffiores
1683 1614 1847 1662 asperiter

1090 1675 1278 1714 coeperunt
1316 1679 1449 1701 currere
1487 1678 1546 1713 per
1582 1678 1766 1713 campum,
1807 1662 1845 1699 ὃ(

1091 1730 1206 1764 rapere
1235 1716 1415 1764 praedam.
1453 1717 1556 1751 Tunc
1584 1715 1757 1754 Carolus,
1785 1713 1848 1762 qui

1090 1776 1164 1802 erat
1191 1766 1229 1801 in
1257 1767 1427 1802 colliculo
1455 1780 1534 1802 cum
1564 1766 1722 1802 Domino
1742 1766 1847 1801 Alar-

1091 1817 1135 1852 do
1152 1842 1162 1856 ,
1189 1818 1222 1852 &
1251 1817 1414 1852 Guidone
1442 1817 1587 1852 Comite
1614 1817 1655 1851 de
1682 1814 1848 1851 Monfor-

1092 1876 1148 1910 te,
1185 1867 1308 1903 videns
1350 1877 1534 1915 utramque
1574 1866 1685 1902 aciem
1731 1866 1845 1902 suam:

1093 1919 1216 1953 multis
1244 1917 1459 1967 fugientibus
1487 1918 1527 1953 ad
1565 1930 1668 1960 eum,
1704 1916 1848 1952 videba-

1093 1979 1150 2004 tur
1177 1969 1268 2004 mori
1298 1982 1375 2016 prae
1403 1968 1525 2003 dolore
1551 1969 1584 2003 &
1611 1967 1752 2003 volebat
1772 1979 1848 2002 om-

1094 2019 1181 2054 nino
1217 2018 1411 2054 succurrere
1451 2017 1545 2054 suis.
1597 2018 1661 2053 Sed
1704 2017 1850 2066 prudens

1096 2069 1246 2105 Alardus
1274 2082 1354 2104 cum
1381 2082 1509 2116 magno
1536 2068 1774 2104 moderamine
1798 2081 1852 2103 re-

1092 2120 1229 2155 tinebat
1255 2133 1356 2158 eum,
1395 2119 1598 2168 persuadens
1625 2120 1719 2167 quod
1746 2131 1851 2165 expe—

1094 2170 1223 2209 &aren
1261 2170 1370 2205 donec
1414 2183 1497 2218 gens
1538 2173 1713 2205 Germana
1750 2169 1852 2204 avida

1095 2221 1238 2267 praedae
1283 2220 1497 2267 spargeretur
1539 2234 1598 2267 per
1645 2219 1823 2267 Campum
1841 2246 1850 2254 .

1096 2271 1229 2307 videns
1269 2273 1464 2306 Germanos
1500 2271 1591 2306 nihil
1633 2270 1694 2306 fibi
1723 2272 1853 2306 timen-

1095 2331 1148 2358 tes
1173 2321 1347 2366 disperfim
1377 2321 1556 2357 intendere
1593 2322 1758 2369 praedae,
1801 2320 1855 2355 di-

1096 2373 1171 2408 xit:
1203 2376 1337 2418 Tempus
1365 2372 1430 2414 est.
1458 2373 1563 2408 Tunc
1592 2372 1755 2407 veniente
1780 2371 1854 2407 acie

1095 2421 1247 2461 Caroli,
1293 2422 1518 2459 Conradinus
1560 2435 1639 2458 cum
1681 2421 1749 2457 suis
1792 2435 1853 2467 pu—

1096 2483 1195 2516 tans,
1232 2474 1325 2519 quod
1362 2473 1444 2508 esset
1471 2473 1513 2508 de
1539 2484 1643 2522 gente
1670 2472 1727 2508 sua
1745 2499 1754 2511 ,
1783 2484 1853 2506 non

1049 2560 1055 2567 ,
1096 2523 1250 2559 occurrit
1275 2524 1361 2560 illi.
1400 2523 1507 2569 Quod
1547 2524 1669 2559 videns
1705 2522 1852 2558 Carolus

1726 2583 1806 2606 cum
