2216 3105
259 239 338 278 549

530 219 833 264 COMMENT.
873 220 937 262 IN
974 215 1201 265 DANTIS
1239 214 1482 256 COMOED.

1677 229 1759 269 5⁷30

194 281 395 318 adverbium
446 278 600 315 dolentis
623 303 633 318 ,
687 277 780 325 quasi
830 277 945 314 dicat:
980 282 1033 315 A*
1057 274 1161 313 idest,
1188 273 1249 321 qui
1279 272 1440 308 habitant
1469 273 1507 307 in
1528 272 1646 308 eadem
1674 271 1817 308 Civita-

191 334 349 369 dolenter
384 329 521 364 dicam:
559 333 664 364 Serva
693 328 814 370 ltalia,
861 341 948 375 quae

191 383 322 418 solebat
350 379 413 416 effe
442 379 572 423 libera,
601 378 640 414 ὅ(
668 378 872 417 liberrima,
910 376 948 413 ἃ

191 433 318 468 donare
346 431 544 466 libertatem
574 430 759 479 gentibu5‚
797 438 836 463 ut
872 428 948 463 dixi

191 486 295 520 Cant.
324 483 350 516 Ι.
378 481 478 528 hujus
507 481 630 517 Libri.
661 481 706 515 Di
734 480 838 513 dolore
862 478 948 520 ostel-

191 534 242 574 lo,
270 531 374 575 idest,
397 530 612 579 hospicium,
641 529 679 566 δε
702 529 948 565 domicilium.

242 586 338 618 Nave
356 582 454 628 senza
481 583 643 617 Nocchiero
669 601 899 609 ——————

192 633 296 677 idest,
324 646 441 669 carens
472 632 634 681 Principe
671 633 924 680 gubernatore,

243 704 432 710 -----
461 685 494 717 in
510 697 593 730 gran
617 683 780 726 tempesta.

246 736 318 768 Non
350 736 466 768 Dorma
490 734 525 768 di
553 734 721 767 Provincie
748 754 763 758 -
792 754 807 759 -
833 753 849 758 —
875 753 891 760 -

195 786 295 829 Quae
324 782 454 819 solebas
481 783 545 820 effe
574 783 708 833 Regina
730 786 952 831 Regnorum,

246 855 646 862 ----------
672 849 724 870 ma
746 833 903 869 bordello!

195 887 243 920 Et
271 893 355 919 nota
381 885 621 933 metaphoram
649 887 805 933 pulcram
821 910 830 920 .
856 882 955 919 Sicut

196 935 292 971 enim
321 934 359 969 in
394 936 553 982 lupanari
595 935 758 971 venditur
785 947 865 970 caro
892 933 956 969 hu-

197 997 299 1020 mana
336 984 450 1032 pretio
487 985 554 1021 fine
582 986 733 1032 pudore,
770 985 820 1021 ita
861 997 956 1020 mere-

197 1045 262 1069 mx
291 1048 428 1080 magna,
455 1035 538 1071 idest
565 1036 674 1071 Curia
703 1038 884 1078 Romana,
922 1035 955 1069 δε

199 1085 309 1120 Curia
338 1084 535 1132 imperialis
563 1087 719 1123 vendunt
755 1086 955 1121 libertatem

201 1135 385 1170 Italicam.
432 1135 528 1171 Sicut
565 1137 673 1172 etiam
709 1136 751 1172 ad
789 1135 958 1184 postribu-

201 1186 275 1220 lum
305 1185 436 1220 vadunt
472 1187 712 1223 indifferenter
746 1200 867 1222 omnes
895 1199 959 1220 vo-

202 1236 312 1270 lentes
340 1248 419 1270 cum
447 1236 703 1281 deleRatione,
740 1237 790 1272 ita
819 1237 859 1272 ad
888 1238 959 1271 Ita-

201 1284 287 1320 liam
316 1298 528 1322 concurrunt
555 1301 674 1323 omnes
703 1287 864 1322 barbarae
899 1299 960 1321 na-

201 1335 316 1370 tiones
344 1349 423 1370 cum
451 1336 623 1373 aviditate
659 1337 700 1373 ad
738 1336 847 1384 ipsam
875 1350 959 1372 con-

202 1384 406 1420 culcandam
435 1395 613 1432 tamquam
637 1387 855 1422 meretricem
882 1400 961 1433 pro-

200 1434 379 1471 stitutam.
417 1438 464 1470 Et
505 1437 650 1484 affignat
692 1439 798 1471 Poeta
826 1436 960 1472 causam

202 1485 280 1520 suae
327 1485 597 1521 exclamationis
643 1485 854 1531 dolorosae,
908 1485 962 1520 di-

202 1547 308 1569 cens:

252 1584 362 1631 ,Qell’
373 1585 482 1620 anima
504 1586 607 1632 gentil
634 1606 862 1614 ------

203 1634 309 1678 idest,
336 1635 533 1679 Sordellus‚
562 1639 642 1673 vere
669 1636 802 1672 nobilis
828 1636 963 1673 virtute

204 1684 337 1725 animi,
365 1696 405 1720 ut
432 1686 583 1734 audisti;

257 1754 486 1761 ------
507 1736 548 1778 su
577 1737 638 1769 cos>
660 1736 763 1780 presta

258 1783 314 1817 sol
330 1794 387 1827 per
405 1784 434 1818 lo
453 1785 537 1818 dolce
560 1785 637 1829 [uon
657 1789 696 1820 de
718 1786 752 1820 Ia
765 1785 827 1830 sua
846 1789 966 1826 Terra,

207 1833 367 1873 scilicet,
394 1835 585 1876 Mantuae,

259 1883 308 1918 Di
321 1883 393 1927 fare
412 1885 446 1919 al
464 1885 613 1920 Cittadin
630 1886 685 1929 suo
705 1886 798 1933 quivi
815 1885 916 1930 festa.

209 1932 366 1978 scilicet,
395 1934 577 1983 Vergilio.
605 1938 651 1971 Et
679 1946 796 1972 tamen
824 1945 968 1983 uterque

211 1993 283 2019 erat
310 1993 492 2028 mortuus,
518 1986 552 2019 δε
580 1999 667 2022 unus
693 1999 884 2033 numquam
906 1999 968 2021 no-

212 2043 310 2068 verat
337 2035 508 2078 alterum,
551 2049 659 2083 quum
688 2036 869 2086 Vergilius
897 2034 970 2072 fue-
994 2057 996 2074 :

212 2083 259 2118 rit
288 2097 346 2130 per
374 2093 428 2120 tot
455 2084 567 2120 secula
595 2096 674 2121 ante
703 2087 919 2122 Sordellum.
994 2079 996 2087 γ

264 2135 311 2167 Et
331 2146 383 2168 ora
404 2134 436 2168 in
456 2145 486 2168 te
505 2147 564 2169 non
573 2135 688 2178 stanno
701 2136 803 2182 senza
817 2149 933 2183 guerra

264 2183 307 2218 Li
327 2183 402 2217 vt'vi
423 2184 489 2218 ταοὶ
515 2205 871 2213 ---------

215 2232 379 2273 Scilicet,
400 2234 568 2269 moderno
589 2243 767 2284 ternpore,
796 2235 857 2283 qui
879 2249 970 2278 nunc

213 2284 343 2319 vivunt
370 2284 406 2319 in
436 2293 496 2324 te,
524 2284 628 2321 Italia
647 2312 655 2321 .
684 2288 730 2322 Et
757 2286 850 2334 quod
879 2287 972 2335 pejus

217 2334 282 2370 est.
313 2347 381 2369 non
410 2334 476 2370 fine
498 2335 600 2372 civili
622 2336 716 2372 bello
735 2337 769 2372 8<
792 2336 971 2386 plusquam

217 2384 340 2420 civili.
370 2386 463 2420 Bene
489 2385 600 2422 dicit:
671 2382 674 2387 ⁸

267 2456 495 2462 ------
522 2450 538 2470 e
561 2436 585 2470 l’
596 2450 639 2471 un
660 2436 683 2471 1’
694 2437 775 2473 altr'o
790 2437 823 2481 st
842 2442 936 2484 rode,

217 2494 396 2532 tamquam
426 2500 550 2530 canes,

264 2536 313 2572 Di
323 2536 392 2583 quei
406 2564 416 2581 ‚
433 2536 479 2572 εἶπ’
490 2551 532 2572 un
547 2551 633 2573 muro
648 2539 694 2579 (9⁴
706 2552 770 2576 una
780 2537 859 2587 soffa
868 2539 956 2585 serra
966 2566 974 2575 .

1058 335 1113 365 te,
1142 325 1199 360 vel
1226 325 1359 365 Terra,
1397 321 1436 357 &
1464 322 1583 357 eadem
1611 323 1738 365 domo,
1780 318 1818 355 &

1059 375 1175 412 eadem
1212 374 1307 409 arca.
1345 371 1441 417 Quia
1483 371 1589 406 multi
1625 373 1662 407 in
1705 379 1818 406 morte

1031 422 1274 478 Lsepeliuntur
1310 422 1432 466 simul,
1469 421 1532 470 qui
1572 434 1643 456 non
1683 422 1820 469 poffunt

1059 477 1142 512 stare
1170 474 1270 510 fimul
1298 472 1336 509 in
1364 471 1440 508 vita
1457 498 1466 508 .

1110 529 1225 565 Cerea,
1250 524 1381 569 misera,
1408 542 1722 550 --------

1060 576 1153 613 Heic
1183 577 1288 611 Poeta
1324 573 1514 610 revertitur
1554 572 1596 608 ad
1623 573 1823 608 exclaman-

1063 627 1146 663 dum
1182 634 1303 662 contra
1340 623 1506 668 Italiam,
1542 624 1576 658 &
1614 621 1823 658 confirmans

1035 683 1037 724 ᾗ
1063 677 1156 726 quod
1184 675 1304 714 dixit,
1332 674 1441 713 dicit,
1481 673 1592 718 miſsra
1612 697 1622 713 ,
1660 672 1822 711 scilicet,-

1036 729 1038 762 l
1065 727 1191 767 Italia,
1219 726 1316 774 cujus
1343 726 1460 760 nullus
1487 723 1687 760 miseretur.

1116 797 1345 805 ------
1373 776 1494 809 intorno
1517 777 1560 810 da
1584 775 1613 808 le
1628 777 1746 819 prule,

1066 828 1149 864 idest
1166 853 1176 868 ‚
1204 826 1295 875 ripas
1308 854 1318 870 ‚

1117 883 1162 914 Le
1189 889 1240 912 tue
1267 876 1385 912 marine
1412 894 1685 903 -------

1039 950 1041 966 ;
1066 929 1150 965 idest
1166 955 1176 972 ‚
1204 929 1330 963 Terras
1360 926 1531 965 marinas,

1117 998 1303 1006 —————
1330 992 1344 1011 e
1364 978 1417 1021 poi
1438 977 1465 1011 ti
1485 979 1611 1022 guarda
1631 976 1663 1010 in
1678 976 1774 1020 sem,

1067 1028 1170 1067 idest,
1198 1028 1235 1063 in
1257 1027 1394 1066 medio,
1423 1026 1580 1067 scilicet,
1607 1028 1733 1062 Terras
1755 1037 1827 1059 me-

1067 1079 1277 1115 diterraneas
1289 1090 1301 1126 3

1118 1129 1153 1164 S’
1164 1130 1277 1164 alcuna
1293 1138 1384 1172 parte
1404 1128 1438 1163 in
1458 1139 1487 1162 te
1511 1128 1547 1162 di
1567 1139 1641 1174 pace
1659 1131 1739 1173 gode
1754 1152 1763 1160 .

1067 1183 1114 1215 Et
1142 1179 1242 1223 heic,
1270 1178 1421 1218 Lefiior,
1449 1191 1505 1214 me
1533 1177 1711 1213 excusabis
1729 1200 1738 1215 ‚
1767 1175 1828 1223 qui

1069 1239 1254 1277 antequam
1293 1228 1442 1264 ulterius
1479 1228 1685 1277 procedam,
1723 1239 1830 1274 cogor

1068 1280 1178 1315 facere
1220 1278 1437 1315 inve&ivam
1480 1288 1602 1314 contra
1645 1280 1799 1313 Dantem
1819 1301 1830 1312 .

1043 1342 1045 1356 ¹
1069 1333 1101 1365 O
1130 1329 1286 1368 utinam,
1317 1331 1422 1364 Poeta
1443 1328 1613 1368 mirifice,
1641 1326 1831 1364 revivisce-

1069 1394 1121 1416 res
1149 1380 1283 1428 modo3
1319 1380 1391 1414 Ubi
1422 1392 1511 1426 pax,
1539 1380 1598 1415 ubi
1627 1377 1832 1425 tranquilli—

1070 1440 1122 1466 tas
1150 1430 1187 1465 in
1226 1429 1356 1464 Italia?
1402 1429 1568 1465 Faciliter
1603 1429 1769 1474 videbis,
1809 1440 1832 1463 0

1072 1483 1226 1523 Dantes,
1255 1480 1347 1526 quod
1369 1479 1486 1527 aliqua
1512 1479 1736 1527 particularia
1759 1491 1833 1514 ma—

1072 1532 1105 1566 la
1142 1539 1204 1565 tuo
1233 1539 1390 1576 tempore
1426 1531 1629 1577 premebant
1668 1529 1834 1566 Italiam.

1073 1583 1119 1618 Et
1147 1580 1210 1615 illa
1238 1579 1378 1626 quidem
1409 1593 1513 1627 parva
1541 1579 1579 1615 ἃ
1601 1594 1727 1629 pauca.
1757 1581 1835 1615 Nu-

1046 1633 1048 1640 ⁴
1074 1643 1183 1666 meras
1213 1643 1308 1665 emm
1336 1630 1429 1664 inter
1455 1629 1581 1665 damna
1621 1631 1747 1666 Italiae
1779 1642 1835 1665 ca-

1075 1681 1225 1717 rentiam
1248 1679 1444 1727 Principis,
1465 1678 1504 1715 &
1524 1679 1733 1716 discordiam
1751 1693 1836 1727 qua-

1075 1731 1234 1767 rumdam
1272 1730 1525 1765 familiarum.
1579 1733 1683 1767 Nunc
1720 1740 1837 1766 autem

1077 1782 1194 1829 pejora
1221 1779 1310 1814 faSta
1338 1793 1400 1815 nos
1427 1789 1611 1828 premunt,
1639 1781 1689 1816 ita
1718 1790 1755 1817 ut
1784 1780 1839 1815 di-

1078 1844 1153 1866 cere
1177 1828 1300 1878 poffim
1323 1830 1363 1864 de
1384 1838 1459 1865 tota
1479 1831 1608 1870 Italia,
1636 1831 1728 1878 quod
1750 1833 1839 1866 Ver-

1079 1880 1185 1930 gilius
1213 1890 1292 1915 tuus
1319 1879 1360 1915 de
1386 1892 1455 1915 una
1484 1879 1583 1916 Urbe
1611 1881 1726 1916 dixit:

1510 1932 1658 1965 Crudelis
1677 1931 1790 1977 ubique

1132 1980 1275 2021 Luflus,
1313 1980 1428 2028 ubique
1459 1991 1584 2025 pavor,
1613 1981 1670 2026 &³
1700 1981 1841 2028 plurima

1187 2042 1296 2066 mortls
1317 2044 1420 2078 imago
1436 2057 1444 2066 ο
1765 2070 1767 2075 ,

1085 2084 1152 2118 Pro
1194 2091 1289 2117 cerro
1327 2081 1431 2116 Italia
1459 2095 1529 2118 non
1566 2082 1611 2117 est
1639 2082 1728 2130 paffa
1755 2081 1843 2118 talia

1085 2143 1241 2181 tempore
1269 2141 1352 2176 tuo,
1390 2145 1459 2167 non
1488 2142 1645 2180 tempore
1682 2133 1843 2168 Anniba-

1085 2183 1156 2228 lis,
1183 2196 1254 2218 non
1282 2192 1439 2230 tempore
1467 2182 1589 2228 Pyrri,
1617 2196 1687 2229 non
1707 2194 1846 2230 tempo—

1085 2247 1120 2269 re
1161 2232 1361 2269 Gothorum
1403 2242 1462 2268 aut
1508 2234 1847 2282 Langobardorum.

1087 2284 1190 2320 Atila
1227 2283 1321 2318 enim
1350 2296 1419 2318 non
1449 2284 1578 2332 legitur
1617 2284 1766 2320 tranfiss‘e
1794 2286 1848 2319 A-

1088 2334 1301 2383 penninum,
1337 2346 1400 2369 nee
1428 2334 1553 2370 Totila
1594 2334 1753 2374 Padum,
1791 2334 1848 2370 sed

1088 2385 1198 2420 solum
1227 2383 1374 2419 vastavit
1404 2387 1563 2431 Regnum
1603 2384 1641 2422 δι
1670 2389 1820 2430 Romam
1839 2412 1847 2421 .

1088 2438 1234 2481 Quanto
1260 2448 1342 2483 ergo
1369 2434 1629 2476 excusabilius,
1669 2436 1692 2472 fi
1721 2436 1770 2471 fas
1798 2435 1847 2471 es—

1089 2485 1160 2525 set,
1197 2485 1324 2534 pofl‘em
1361 2487 1556 2522 exclamare
1592 2486 1634 2523 ad
1671 2486 1847 2533 Omnipo-

1062 2519 1244 2577 ltentem,
1271 2549 1376 2585 quam
1417 2545 1479 2578 tu,
1519 2537 1582 2586 qui
1622 2537 1662 2574 in
1689 2546 1846 2584 tempora

1718 2586 1800 2623 feli-
