2216 3105
252 224 334 267 257
567 201 933 249 DJSSERTATJO
964 198 1448 247 DECIMAOCTAVAz
1675 202 1756 254 258

240 465 426 506 Ambrosius
451 465 668 501 Cancellarius
703 466 747 500 ad
771 465 871 499 vicem

291 516 441 563 Ardingt'
459 516 606 562 Eptscopi
625 516 671 554 ό*
691 515 871 551 Arabicam-

293 567 413 602 cellarii
440 567 601 614 recognovi
621 567 663 602 (9⁶
683 565 870 613 subscripsi.

249 1175 340 1208 Data
368 1174 440 1207 VII.
466 1171 635 1208 Kalendas
651 1171 753 1216 Jum‘i
777 1175 878 1207 Anno
905 1168 1088 1208 Domt'm'cae
1122 1168 1353 1206 Incarnatt'om's
1396 1167 1583 1202 DCCCCV.
1612 1163 1730 1200 Domni
1754 1164 1830 1196 verb

350 1223 539 1269 Berengarii
564 1222 765 1267 invic‘liffimi
791 1223 894 1269 Regis
920 1224 1043 1257 XVIII.
1070 1220 1247 1257 India-fliam
1275 1220 1364 1254 VIII.

248 1319 376 1358 ’.Αέῖαησ
405 1321 496 1356 Valle
521 1321 724 1357 Pru-viniano
744 1321 843 1368 juxta
869 1324 993 1358 Plebem
1020 1321 1135 1357 .ςάηὲἴί
1162 1319 1329 1360 Floriani,
1352 1318 1509 1363 feliciter.
1537 1321 1664 1353 Amen.

249 1421 506 1458 Animadverte
554 1421 632 1457 heic
683 1421 870 1459 formulam
906 1434 961 1469 pro
997 1424 1031 1458 A
1074 1421 1209 1457 missam
1254 1419 1351 1455 fuifl'e
1387 1417 1553 1466 Episcopi
1597 1417 1830 1454 eleaionem.

196 1473 263 1508 Dei
288 1487 413 1513 amore,
441 1472 488 1511 &⁴
515 1472 646 1506 remedio
671 1473 796 1508 animae
823 1474 959 1516 nostrae,
1073 1471 1209 1507 Profert
1236 1470 1342 1506 etlam
1385 1468 1557 1515 Campius
1585 1471 1691 1504 Tom.
1728 1466 1831 1516 prim.

198 1522 419 1563 adhibitam,
460 1522 622 1570 quamvis
664 1522 701 1558 in
744 1525 959 1559 saecularem
1071 1535 1147 1571 pag.
1172 1523 1257 1567 480.
1288 1520 1419 1555 Histor.
1448 1518 1578 1553 Eccles.
1607 1518 1830 1553 Placentinae

199 1573 318 1609 virum
341 1573 567 1622 Berengarius
587 1573 620 1609 se
639 1573 846 1609 munificum
865 1587 960 1623 prae·
1072 1573 1248 1608 decretum
1276 1571 1363 1605 Cleri
1390 1569 1436 1607 ὼ
1456 1569 1570 1615 Populi
1590 1569 1769 1603 Placentini
1789 1567 1831 1601 de

200 1623 308 1672 beat3
348 1633 452 1672 atque
488 1623 572 1659 haec
600 1624 703 1672 junge
739 1624 835 1664 illis,
872 1638 959 1672 quae
1072 1622 1244 1658 eleffione
1281 1620 1444 1656 Widonis
1481 1618 1682 1667 Episcopi,
1723 1620 1832 1653 Anno

201 1675 308 1709 attuli
336 1674 373 1708 in
402 1674 542 1709 Differt.
570 1676 740 1710 LXVIII.
765 1676 803 1709 de
823 1679 960 1709 Redem-
1073 1673 1139 1708 Ch.
1160 1684 1244 1720 904.
1274 1671 1434 1720 perdia,
1479 1669 1534 1705 cui
1573 1682 1631 1714 per
1671 1669 1831 1704 ordinem

200 1724 284 1757 tione
310 1727 523 1759 Peccatorum.
562 1726 602 1758 In
639 1724 736 1760 viam
764 1725 960 1773 regredior.
1077 1722 1294 1758 subscribunt
1322 1721 1520 1762 Presbyteri,
1551 1720 1706 1757 Diaconi,
1748 1720 1833 1753 Sub—

199 1773 344 1809 Literae
372 1773 586 1822 praelaudati
614 1773 738 1809 Alfani
760 1775 788 1809 Ι.
812 1775 961 1810 Archie-
1072 1773 1216 1817 diaconi,
1244 1771 1282 1808 &
1309 1772 1484 1818 ascolythi,
1521 1768 1558 1805 ἃ
1587 1770 1736 1817 denique
1767 1768 1833 1804 Vi-

200 1823 335 1872 piscopi
363 1825 405 1860 de
432 1824 690 1860 consecratione
716 1824 855 1860 Alifani
876 1825 961 1873 Epi·
1074 1823 1166 1871 giuti
1186 1822 1242 1858 sex
1264 1837 1279 1857 e
1298 1824 1434 1869 Populo.
1463 1821 1514 1856 Hi
1539 1820 1732 1858 Primores,
1763 1822 1831 1855 Re-

202 1874 297 1923 scopi
326 1874 426 1910 datae
453 1873 594 1910 fuerunt
622 1875 663 1910 ad
690 1876 837 1915 Clerum,
866 1877 961 1910 Ordi-
987 1880 1033 1942 {B
1074 1874 1206 1913 (stores,
1235 1872 1272 1909 &
1301 1873 1429 1920 Capita
1452 1871 1577 1918 Populi
1599 1870 1748 1906 fuerint.
1777 1872 1830 1904 Ita

203 1938 293 1964 nem,
321 1924 368 1964 όν
393 1926 538 1960 Plebem.
576 1925 648 1961 Hie
676 1939 796 1962 eorum
824 1934 962 1974 tempo—
1075 1924 1112 1960 in
1141 1924 1279 1959 Diurno
1308 1922 1468 1959 Romano
1496 1922 1657 1956 Decretale
1677 1922 1830 1969 appella-

202 1988 280 2011 rum
308 1988 384 2012 mos
410 1974 500 2011 fuit.
530 1977 570 2011 In
598 1975 652 2012 his
679 1989 761 2024 ergo
788 1976 961 2024 specimen
1076 1984 1133 2010 tur
1159 1974 1311 2022 Epistola
1339 1973 1426 2007 clm·
1461 1971 1507 2010 ἄγ’
1547 1972 1663 2018 Populi
1690 1971 1730 2005 ad
1761 1973 1831 2006 Ro-

202 2025 345 2073 aliquod
374 2024 546 2075 Corporis
575 2027 758 2076 Popularis
787 2027 879 2062 mihi
908 2027 964 2062 vi-
1076 2038 1218 2061 manum
1257 2022 1488 2062 Pontificem,
1528 2031 1587 2057 aut
1624 2022 1664 2056 ad
1692 2023 1828 2056 Metro-

205 2075 288 2111 deor
314 2075 453 2116 videre,
490 2076 528 2112 in
556 2090 626 2124 quo
653 2076 730 2113 suus
758 2078 838 2113 esset
867 2079 963 2112 locus
1077 2075 1299 2122 politanum,
1328 2087 1394 2121 qua
1422 2086 1500 2108 eum
1528 2080 1678 2120 rogant,
1722 2082 1759 2106 ut
1788 2072 1830 2106 ab

204 2134 278 2160 tam
308 2126 522 2165 Nobilibus,
550 2128 655 2174 quam
685 2128 807 2167 Plebi,
846 2127 882 2163 ὃς
912 2128 963 2175 jus
1075 2125 1153 2174 ipfis
1181 2124 1330 2161 defluxu
1358 2123 1569 2172 Episcopum
1599 2122 1829 2157 consecratio-

206 2175 248 2210 ad
287 2185 479 2212 conventus
519 2176 716 2218 faciendos,
757 2177 795 2213 &
835 2178 963 2226 aliquis
1075 2189 1118 2211 ne
1158 2175 1284 2211 donet.
1321 2174 1378 2210 Ad
1416 2174 1476 2209 ista
1519 2172 1658 2209 accedat
1699 2172 1829 2208 Charra

206 2225 452 2262 Ministrorum
479 2226 584 2262 ordo.
621 2228 789 2274 Syracufis
828 2229 964 2264 fortasse
1074 2226 1218 2271 joannis
1245 2224 1408 2273 Episcopi
1447 2222 1683 2262 Mutinenfis,
1726 2235 1829 2270 quam

1042 2269 1312 2402 ‘authenticam
1365 2275 1530 2311 Mutinae
1571 2273 1751 2309 adservant
1793 2273 1828 2307 in

1004 2331 1035 2366 C
1075 2327 1236 2363 Archivo
1284 2326 1343 2362 suo
1389 2325 1560 2361 Monachi
1612 2322 1831 2361 Benediffini

1075 2376 1280 2414 Monasterii
1307 2376 1425 2413 Santffi
1454 2375 1570 2411 Petri.

208 2276 272 2313 uni
300 2277 450 2313 Nobiles
478 2278 746 2325 Rempublicarn
778 2279 964 2315 constitue—

207 2328 312 2362 bant.
334 2329 427 2363 Nam
449 2327 638 2376 Gregorius
658 2330 810 2376 Magnus
830 2330 913 2366 Lib.
933 2341 965 2375 ς.

203 2377 311 2426 Epist.
330 2390 387 2413 22.
410 2377 576 2427 inscripta
602 2378 775 2414 Nobilibus
794 2381 964 2425 Syracusa—

205 2429 256 2463 nis
282 2428 421 2478 prodit,
465 2428 524 2464 suo
553 2429 699 2466 arbitrio
727 2430 768 2465 ab
796 2429 840 2465 iis
868 2442 964 2467 com-
989 2443 991 2445 ·
1045 2407 1050 2460 l

254 2585 342 2617 Tom.
361 2583 423 2618 ΙΙΙ.
1186 2580 1217 2614 R
1723 2575 1782 2616 10-
