2216 3105
254 248 340 301 '553

249 308 281 338 E
306 300 442 344 dovresti
468 301 600 346 inforcar
626 302 653 335 ti
672 302 744 346 suoi
767 304 902 339 arcioni.

196 353 282 392 Idest
297 381 304 393 ,
331 351 488 400 equitare
515 365 589 387 eam
610 365 618 387 ε

246 403 379 438 Guarda
404 401 476 437 com'
487 402 550 445 esta
566 402 652 447 fiera
671 424 685 429 —
706 424 720 429 ψ
741 424 758 429 -
777 422 792 429 -

197 453 362 496 Scilicet,
392 452 494 487 Italia
511 479 521 496 ,

247 525 263 530 -
283 524 299 530 -
317 524 332 529 -
352 524 368 529 -
396 505 411 536 ex
431 503 521 547 satta
543 503 646 547 fella.

196 553 304 593 Idest‚
333 565 460 601 prava,

247 608 309 639 Per
336 616 395 637 non
422 601 495 649 effer
521 613 650 639 corretta
675 605 719 640 da
741 605 794 652 gli
816 605 927 652 [moni
943 632 951 640 .
981 606 983 636 l

196 653 304 697 Idest,
333 653 601 703 Imperialibus3

247 704 307 739 Poi
333 704 384 737 che
416 704 536 749 ponesti
562 718 652 738 mano
678 718 699 739 a
725 706 758 739 Ia
790 707 952 752 predella.
981 726 984 759 Ι

196 753 307 796 Idest,
334 752 510 801 postquam
540 754 712 790 affumfisti
739 756 894 803 regimen
922 756 953 791 i·
982 762 1023 796 ’Β

197 804 278 839 stius
306 802 396 839 ferae
433 803 567 839 belluae
594 805 626 838 ὃς
656 804 836 841 fraenum.
873 806 952 842 Scio

197 863 339 897 tamen,
380 853 472 901 quod
510 855 747 891 communiter
782 856 845 892 alii
883 865 951 892 tra-

197 905 287 940 hunt
324 904 422 939 istam
465 903 603 939 literam
646 904 686 940 ad
723 907 761 951 ly
793 917 917 953 gemet-n
942 931 952 946 ,

197 968 268 990 non
303 954 344 990 ad
371 955 563 990 Albertum.
595 956 642 990 Et
670 966 851 1003 exponunt
886 956 950 992 fic:

199 1007 259 1041 Tu
282 1006 372 1052 Papa
393 1004 543 1053 respice,
571 1006 749 1053 quomodo
778 1006 881 1042 Italia
903 1006 952 1042 fa-

200 1055 256 1089 &a
284 1055 328 1089 est
355 1054 479 1098 fellea,
516 1055 599 1103 quia
626 1064 665 1090 tu
692 1069 763 1090 non
800 1056 954 1105 permisi-

199 1105 239 1140 sti
276 1105 526 1153 Imperatorem
555 1105 699 1150 venire,
735 1107 769 1141 δε
806 1107 954 1142 affumfi-

197 1154 236 1191 sti
264 1155 302 1191 in
329 1164 364 1190 te
390 1155 566 1204 regimen.

253 1205 362 1248 Giusto
383 1207 524 1252 giudicio
539 1234 548 1251 ,
571 1228 726 1234 -----
993 1213 1023 1247 C

199 1256 292 1292 Heic
321 1258 427 1291 Poeta
454 1256 667 1305 imprecatur
692 1257 844 1294 Alberto
881 1272 953 1295 ma—

195 1307 271 1342 'lum
300 1306 345 1342 ob
373 1305 503 1341 dieram
532 1309 694 1355 culpam,
722 1308 861 1344 dicens:
979 1286 984 1354 l

249 1377 420 1382 ------
437 1358 481 1391 da
506 1358 535 1390 le
560 1359 659 1391 stelle
685 1359 817 1405 caggt'ffi
980 1355 985 1418 1

980 307 1025 404 §A

249 1410 353 1441 Sovra
380 1405 405 1440 'l
430 1416 482 1440 tuo
503 1407 641 1453 sangue.

199 1456 374 1500 Scilicet,
415 1456 585 1504 judicium
626 1457 789 1493 divinum
833 1458 953 1494 veniat

196 1505 296 1554 super
323 1515 377 1541 te.
414 1509 461 1540 Et
488 1505 566 1541 heic
594 1515 699 1550 nota,
737 1507 830 1554 quod
868 1508 951 1544 istud

194 1555 315 1591 evenit
349 1555 391 1591 de
428 1555 545 1591 fausto.
585 1558 677 1591 Nam
717 1556 753 1592 in
791 1559 952 1594 MCCC-

197 1608 298 1642 VIII.
326 1606 492 1642 Calendis
529 1607 621 1655 Maji
650 1607 819 1644 Albertus
857 1622 953 1657 prae-

549 242 850 288 COMMENT.
881 245 945 289 IN
976 241 1107 288 DAN
1113 240 1202 285 TIS
1229 240 1470 285 COMOED.

1681 249 1764 301 554

1064 302 1106 337 de
1141 300 1384 349 Lucimborgo
1421 301 1507 336 bene
1546 301 1674 338 studuit
1711 304 1819 340 refor-

1036 364 1157 391 ¹mare
1195 351 1372 398 Italiam3
1409 350 1496 385 licet
1531 364 1601 385 non
1637 355 1818 399 potuerit,

981 413 983 416 ⁴
1035 399 1037 422 ³
1064 410 1176 436 morte
1204 409 1432 449 praeventus,
1460 409 1499 436 ut
1526 399 1687 437 scribitur
1715 406 1815 439 Para*

1064 450 1124 487 difi
1151 450 1259 487 Cant.
1288 453 1399 486 XXX.
1427 452 1474 485 Et
1510 449 1656 498 assignat
1683 454 1816 488 causam

1064 501 1328 549 imprecationis
1356 500 1467 536 saetae
1483 528 1493 545 ,
1521 500 1663 536 dicens:

1114 552 1295 596 Ch’avete‚
1323 562 1358 586 tu
1377 574 1393 578 —
1412 573 1428 578 -
1447 572 1464 578 ·-
1482 572 1498 577 -

1035 597 1036 638 ἶ
1064 602 1166 641 idest,
1194 616 1216 638 o
1243 603 1416 646 Alberte‚
1447 601 1508 650 qui
1535 601 1681 639 debebas
1708 603 1818 653 magis

1035 652 1205 688 <accendi
1242 652 1284 688 ad
1322 652 1532 688 veniendum
1575 667 1634 701 per
1669 663 1818 689 mortem

1065 702 1263 747 Bonifatii,
1300 704 1381 751 quia
1420 703 1623 750 promiseras
1659 704 1744 750 fibi,
1780 704 1818 741 ὃ(

1064 753 1101 788 in
1129 753 1250 789 odium
1279 754 1384 802 Regis
1413 754 1606 803 Franciae3

1116 825 1131 829 -
1151 825 1166 829 —
1185 824 1201 829 -
1221 825 1236 830 -
1263 818 1278 838 e
1293 803 1316 838 'l
1342 815 1394 838 tuo
1420 805 1524 839 Padre
1539 832 1549 848 ,
1569 805 1718 852 Jofferto,

1032 857 1037 874 ¹
1065 854 1208 889 Scilicet
1236 854 1466 902 Rodulphus,
1503 855 1565 902 qui
1601 855 1669 891 fuit
1697 864 1820 904 poten—

1066 903 1213 940 tiffimus
1240 906 1274 939 ὃ(
1302 904 1577 944 valentissimus,
1605 906 1646 941 de
1674 919 1744 954 quo
1765 907 1818 942 di-

1065 964 1162 990 cetur
1182 955 1282 1002 plene
1302 953 1409 991 Cant.
1438 954 1615 1002 sequenti.
1642 958 1688 991 Et
1709 957 1818 992 osten—

1064 1004 1118 1039 dit
1144 1003 1176 1039 se
1204 1005 1344 1049 venire,
1382 1004 1419 1041 &
1446 1018 1567 1041 omnes
1596 1007 1713 1042 Italici
1746 1007 1819 1043 fue-

1063 1063 1145 1089 runt
1172 1054 1273 1090 valde
1301 1055 1439 1100 territi,
1467 1054 1505 1091 ἃ,
1534 1056 1732 1093 Florentini
1761 1058 1820 1093 de-

1063 1105 1257 1151 liberabant
1276 1118 1391 1153 parere
1411 1106 1604 1142 mandatis.
1625 1107 1708 1143 Ideo
1725 1110 1822 1143 Dan-

1064 1163 1114 1190 tes
1141 1156 1221 1191 vult
1248 1155 1362 1191 dicere
1389 1156 1518 1192 tacite:
1549 1157 1584 1192 Si
1614 1158 1820 1206 Rodulphus

1065 1205 1209 1240 venisset
1245 1206 1484 1251 Florentiam,
1521 1220 1591 1242 non
1628 1208 1819 1246 eveniffent

1063 1254 1126 1290 illa
1162 1254 1342 1300 scandala,
1379 1255 1416 1292 ἃ
1454 1270 1518 1307 ego
1554 1271 1625 1294 non
1653 1259 1754 1295 essem
1783 1273 1817 1295 e-

1062 1306 1146 1341 xul.
1174 1308 1269 1345 Vos,
1297 1307 1377 1342 dico
1394 1335 1405 1352 ‚

1112 1359 1174 1390 Per
1199 1357 1360 1404 cupidigia
1385 1358 1422 1392 di
1447 1358 1525 1401 cosld
1549 1359 1705 1402 dtstretti,

1062 1405 1238 1451 Scilicet,
1275 1407 1312 1442 in
1349 1408 1583 1445 Alemannia.
1622 1410 1727 1457 Quasi
1764 1412 1817 1448 di—

1062 1464 1138 1491 cat:
1168 1458 1226 1491 Tu
1254 1457 1288 1492 8<
1318 1467 1414 1505 pater
1441 1468 1542 1501 tuus,
1581 1463 1675 1509 capti
1703 1463 1737 1497 ἃ
1764 1477 1820 1499 re-

1062 1505 1152 1541 tenti
1194 1506 1388 1554 cupiditate
1425 1510 1618 1557 ampliandi
1656 1514 1820 1561 Regnum

1060 1557 1093 1590 δ(
1132 1557 1328 1603 potentiam
1365 1558 1403 1593 in
1440 1561 1685 1605 Alemannia,
1727 1575 1819 1598 avete

1055 1606 1200 1652 sufferta,
1228 1606 1311 1642 idest
1338 1607 1564 1649 sustinuistis,
1592 1612 1686 1659 quod
1714 1614 1819 1649 Italia

194 1656 307 1692 diffius
335 1656 404 1692 fuit
431 1657 605 1705 gladiatus
633 1658 674 1693 ab
704 1671 774 1693 uno
803 1659 863 1695 suo
892 1673 952 1695 ne·
995 1663 1025 1695 D
1061 1656 1308 1701 destrueretur,
1336 1672 1443 1707 quum
1469 1669 1586 1697 tamen
1611 1662 1735 1698 ceteriS
1758 1677 1817 1700 cu-

195 1715 279 1754 pote
307 1707 593 1754 proditionaliter
617 1708 654 1742 in
681 1708 825 1744 transitu
850 1710 951 1746 unius

197 1756 377 1799 fluminis,
405 1756 610 1791 descendens
637 1757 678 1791 de
706 1759 809 1793 navi.
837 1759 951 1795 Causa

197 1805 292 1848 fuit,
328 1806 421 1853 quod
458 1806 571 1841 dietus
599 1808 767 1843 Albertus
803 1823 952 1858 occupa-

198 1856 257 1891 bat
284 1856 344 1891 fibi
383 1867 514 1904 partem
553 1856 756 1893 hereditatis
795 1860 950 1895 Ducatus

195 1906 374 1942 Austriae.
397 1907 502 1942 Ponit
523 1921 604 1956 ergo
625 1907 691 1943 hoc
712 1908 842 1944 facium
860 1918 950 1945 tarn-

196 1970 298 2004 quam
320 1957 498 2001 futurum,
527 1958 609 2005 quia
635 1958 738 1994 habet
758 1960 949 2008 respeE‘cum

197 2006 237 2042 ad
260 2017 394 2055 tempus
419 2008 496 2043 suae
515 2008 681 2053 visionis,
709 2023 779 2046 non
799 2011 840 2046 ad
860 2021 950 2047 tem-

197 2069 281 2104 puS,
319 2071 388 2105 quo
423 2057 574 2105 scripsit,
611 2059 696 2095 ficut
733 2060 829 2108 saepe
856 2061 950 2097 idem

1060 1707 1107 1741 ris
1145 1707 1338 1755 postpositis
1374 1710 1537 1746 debuistis
1575 1712 1693 1759 potius
1730 1714 1816 1750 totis

1061 1756 1195 1792 viribus
1221 1758 1401 1795 intendere
1429 1761 1470 1796 ad
1497 1761 1752 1799 reformandam
1779 1765 1816 1800 1-

1061 1807 1207 1850 taliam,
1234 1821 1322 1855 quae
1349 1809 1421 1845 sola
1448 1820 1585 1859 poterat
1608 1813 1709 1848 vobis
1736 1814 1817 1851 dare

1061 1856 1250 1903 Imperium
1273 1859 1368 1894 orbis
1389 1868 1555 1897 terrarum
1569 1888 1576 1896 .
1598 1863 1680 1900 Ideo
1701 1863 1814 1901 dicit:

1110 1906 1208 1940 61κί
1231 1908 1362 1954 giardin
1380 1909 1456 1944 delt’
1472 1914 1590 1958 Impera
1609 1913 1662 1953 fia
1680 1914 1814 1957 diserto.

1060 1956 1171 2000 Idest,
1209 1958 1343 1994 Italia.
1379 1962 1426 1995 Et
1462 1960 1539 1997 heic
1577 1972 1660 1998 nota
1703 1963 1813 2009 bene,

1059 2007 1152 2055 quod
1180 2008 1285 2043 Italia
1312 2008 1356 2044 est
1383 2011 1537 2056 pulcrior
1563 2012 1685 2048 domus
1713 2027 1814 2050 mun-

1059 2058 1116 2099 di,
1145 2058 1241 2105 cujus
1269 2072 1348 2098 arx,
1385 2059 1454 2096 sive
1482 2071 1584 2110 caput
1608 2062 1652 2098 est
1681 2066 1814 2110 Roma,

197 2106 326 2142 ostendi
355 2108 392 2142 in
421 2107 562 2143 Inferno
598 2109 636 2143 in
665 2111 786 2145 multis
816 2111 921 2147 diCtig
940 2140 949 2155 ‚
978 2107 1033 2155 [E]
1060 2108 1155 2155 cujus
1196 2108 1330 2155 gloriae
1371 2119 1466 2146 totus
1507 2112 1601 2148 orbis
1645 2124 1812 2151 terrarum

198 2169 286 2204 quae
314 2157 477 2194 videntur
508 2158 732 2206 prophetica,
762 2174 868 2207 quum
898 2172 950 2197 ta-
978 2152 980 2173 '

195 2220 275 2242 men
302 2220 372 2244 non
401 2207 485 2243 sint.
514 2210 560 2243 Et
587 2208 666 2244 ideo
694 2209 806 2245 dicit:

244 2279 351 2285 —---
377 2273 391 2292 e
411 2258 464 2300 fia
489 2272 591 2293 nuovo
617 2258 664 2296 &³
689 2271 815 2306 aperto,

193 2308 277 2355 quia
306 2309 391 2345 bene
422 2308 491 2344 fuit
529 2308 697 2355 judicium
727 2310 808 2346 satis
835 2320 949 2347 extra-

193 2372 296 2394 neum
325 2358 363 2395 &
391 2358 633 2408 manifestum3
662 2361 695 2394 8(
725 2360 836 2396 dicit:

242 2410 307 2445 Tal
343 2411 394 2444 che
417 2409 441 2444 'l
478 2420 530 2445 tuo
565 2409 714 2457 Succeffor
748 2421 890 2458 temenrga
917 2413 948 2446 n'

1032 2158 1033 2163 ’
1059 2157 1215 2206 angustus
1243 2157 1333 2204 fuit,
1360 2160 1490 2197 Tuscia
1514 2163 1558 2198 est
1585 2164 1656 2210 ejus
1684 2163 1815 2201 Came-

1057 2221 1116 2252 ra,
1152 2208 1234 2255 quia
1262 2209 1307 2244 est
1342 2223 1417 2258 pars
1445 2212 1661 2250 ornatiffima
1689 2214 1727 2251 ὅτ.
1754 2230 1811 2252 or--

1059 2258 1271 2294 dinatiffima
1296 2258 1397 2308 hujus
1418 2263 1562 2307 mundi,
1592 2266 1647 2300 vel
1668 2265 1813 2311 domus,

1030 2340 1032 2349 ,,
1059 2308 1096 2344 in
1124 2322 1191 2356 qua
1213 2319 1393 2347 morantur
1420 2314 1558 2359 pulcrae
1586 2316 1744 2361 puellae,
1772 2316 1812 2352 fi-

1029 2354 1032 2371 ¹
1059 2367 1117 2394 cut
1145 2360 1182 2394 in
1210 2373 1363 2396 camera.
1399 2363 1445 2397 Et
1474 2363 1532 2399 ubi
1569 2364 1659 2401 fiunt
1687 2365 1812 2403 secreta

1059 2408 1227 2454 confilia,
1264 2409 1349 2447 ficut
1385 2411 1423 2447 in
1451 2426 1604 2451 camera.
1640 2417 1813 2454 Lombar-

292 2461 408 2508 aggia·
1028 2450 1031 2510 ξ
1059 2459 1116 2494 dia
1144 2459 1188 2495 est
1215 2461 1291 2496 Sala
1308 2487 1318 2501 ‚
1355 2462 1438 2510 quia
1475 2463 1528 2500 ibi
1564 2464 1643 2501 sunt
1670 2480 1814 2516 magnae

189 2510 297 2555 1dest,
335 2510 479 2547 territus
507 2512 669 2560 exemplo
697 2512 774 2556 tui,
811 2512 948 2548 descen-
1028 2519 1030 2549 !
1061 2509 1266 2547 Potentiae.
1304 2512 1358 2548 Ibi
1396 2512 1485 2550 fiunt
1515 2516 1701 2565 magnifica
1728 2531 1811 2553 con—

190 2560 248 2596 dat
284 2562 321 2597 in
359 2561 524 2597 Italiam.
560 2564 607 2598 Et
644 2571 736 2598 certe
774 2563 947 2599 Henricus
973 2572 979 2599 5
1018 2553 1030 2607 J
1060 2560 1351 2646 vivia-&mpla
1372 2563 1464 2600 enim
1487 2564 1566 2602 sunt
1586 2568 1809 2652 gulaebLom—

292 2615 380 2648 Tom.
407 2614 467 2647 III.
1258 2625 1280 2647 n
1710 2631 1761 2652 ar-
