2216 3105
251 194 341 235 537

198 233 534 277 excellentissimos,
561 245 650 282 quos
688 233 866 269 Palatinos
894 247 958 269 vo-

200 289 346 328 cabant,
369 292 572 334 petiverunt
597 296 747 333 pugnam
774 296 853 320 cum
876 286 957 320 Flo-

201 335 371 379 rennuis,
395 349 465 371 non
494 335 660 371 timentes
684 347 867 371 numerum
895 334 958 370 ho-

201 388 332 426 stium,
369 385 431 434 qui
467 396 567 421 erant
601 386 670 422 duo
707 385 823 421 millia
860 385 958 433 equi-

201 450 277 474 tum
297 465 306 479 ,
343 438 375 472 8<
410 435 592 472 duodecim
631 436 747 471 millia
777 435 958 484 peditum.

202 487 268 536 Ipfi
302 490 385 523 vero
422 487 594 522 habebant
631 488 741 522 (ollim
774 486 958 535 eastingen-

203 548 259 575 tos
286 537 443 584 equites,
464 538 497 572 8<
527 537 609 572 οὲἶο
637 537 753 572 millia
781 537 958 586 peditum.

203 592 258 625 Ex
286 602 356 636 quo
384 587 585 624 Aimericus
621 587 663 624 de
693 589 856 624 Narbona
893 588 959 623 fer-

204 650 263 676 tur
289 638 436 674 dixssffe:
466 642 541 674 Aut
562 639 671 682 sumus
692 639 836 685 proditi,
859 650 915 673 aut
933 639 960 672 i-

198 691 245 734 ]ὶὶ
267 689 343 732 sunt
368 689 436 722 viri
462 689 586 732 insani.
614 690 660 724 Et
687 688 858 726 continuo
886 702 961 724 rnu-

206 738 299 776 tavit
327 748 442 775 totum
479 738 639 774 ordinem
677 739 781 774 belli.
818 739 958 775 Aretini

207 799 325 825 tamen
354 788 460 836 parvi
479 788 674 838 pendebant
697 789 826 829 hostes,
854 800 962 825 teme—

207 853 243 876 re
275 838 462 882 dicentes,
502 839 594 886 quod
634 839 832 876 Florentini
873 841 962 875 mol—

207 891 258 926 les
285 899 405 930 erant,
436 891 546 938 magis
577 889 767 925 familiares
794 890 962 934 Veneris,

206 940 312 986 quarn
351 939 481 975 Martis
505 967 514 982 ,
554 940 640 975 licet
678 940 760 976 effet
798 939 962 988 antiquus

209 992 380 1025 Patronus
409 1003 528 1025 eorum
591 993 712 1036 Quum
742 1001 856 1027 autem
885 992 964 1038 qui-

207 1040 286 1075 dam
314 1039 463 1075 seniores
485 1040 686 1086 suaderent,
713 1054 784 1076 non
807 1041 871 1077 effe
892 1042 964 1077 bel—

208 1090 378 1131 landum,
411 1104 497 1126 unus
525 1091 662 1139 juvenis
691 1091 883 1135 Aretinus,
910 1091 965 1127 ni-

208 1139 277 1176 mis
314 1139 474 1183 calidus,
510 1141 630 1177 dixit:
669 1143 737 1188 Qui
771 1143 881 1185 timet,
911 1142 966 1186 su-

205 1192 298 1238 giat.
328 1192 432 1226 Tunc
460 1192 568 1227 Mssles
596 1191 762 1240 antiquus
790 1191 966 1228 Florenti—

208 1253 272 1276 nus
299 1240 419 1277 dixit:
458 1242 565 1283 Neri,
592 1243 672 1277 Neri
699 1241 804 1290 (quia
833 1242 876 1278 fic
904 1256 967 1278 vo-

209 1291 385 1338 cabatur)
426 1302 460 1325 tu
498 1292 592 1326 habes
627 1292 753 1334 rostrum
789 1293 935 1327 citrinum
957 1321 966 1336 ,

208 1342 285 1388 quia
319 1350 355 1374 tu
386 1354 418 1375 es
445 1341 540 1376 m'mt's
570 1341 721 1387 juvem‘s.
758 1346 809 1376 Tu
838 1344 965 1389 fugies,

208 1390 256 1428 εἴφ’
286 1404 341 1437 ego
368 1393 545 1426 remanebo.
565 1392 629 1427 ῙΕῑ
652 1391 714 1427 ‘ita
750 1391 820 1428 fuit
848 1393 889 1428 de
917 1392 965 1427 fa>

206 1441 289 1476 610.
326 1443 374 1475 Et
410 1441 565 1475 breviter
598 1440 772 1476 ordinatis
807 1441 966 1481 aciebus,

205 1490 289 1525 hinc
326 1489 407 1524 inde
436 1503 514 1524 cum
553 1503 677 1538 magna
713 1490 967 1527 deliberatione

206 1539 412 1576 concursum
438 1540 482 1576 est
510 1554 587 1576 curn
616 1551 718 1577 tanto
745 1541 865 1578 ardore
891 1542 966 1577 ani—

205 1604 367 1631 morum,
389 1591 484 1638 quod
512 1590 618 1639 primi
648 1591 855 1635 percussores
884 1595 965 1628 Flo-

209 1641 428 1677 rentinorum
457 1641 597 1677 fuerunt
633 1641 788 1678 finaliter
814 1643 967 1679 debella-

207 1690 260 1724 ti.
295 1692 398 1724 Tunc
421 1690 569 1726 Curfius
606 1691 648 1726 de
678 1692 849 1736 Donatis‚
887 1694 966 1728 stre-

209 1752 295 1775 nuus
322 1738 453 1783 Miles,
481 1739 569 1775 licet
595 1754 704 1788 poena
732 1741 858 1789 eapitis
886 1744 967 1778 effer

209 1790 371 1825 moventi
409 1789 442 1825 se
479 1791 521 1825 ab
557 1789 967 1840 acie',”magnanitniter

207 1839 348 1888 ingeffit
384 1838 417 1875 se
454 1838 491 1875 in
538 1840 646 1876 hostes
692 1841 967 1878 transversaliter

208 1902 288 1925 curn
315 1889 452 1937 impetu
489 1900 616 1930 tanto,
643 1891 737 1938 quod
775 1891 843 1928 fuit
872 1893 967 1941 prin-

207 1939 339 1988 cipium
362 1940 533 1976 viaestoriae
556 1940 716 1977 suorum.
741 1941 886 1991 Nlagnis
912 1943 967 1978 vi-

208 1990 532 2038 ribus>pugnatum
568 1991 635 2027 est.
672 1993 846 2028 Tamdem
883 1995 966 2029 Flo-

209 2039 343 2076 rentini
385 2039 571 2076 viffloriam
613 2040 867 2079 obtinuerunt.
911 2047 965 2079 Ex

207 2089 362 2124 hostibus
401 2090 521 2126 occisa
556 2091 635 2126 sunt
676 2091 855 2139 plusquam
896 2094 966 2129 duo

208 2139 351 2174 millia.
387 2139 482 2175 Inter
509 2140 597 2176 alios
623 2140 854 2179 Guillielrnus
880 2144 966 2192 Epi-

211 2190 353 2238 scopus,
381 2191 414 2224 8(
444 2190 532 2226 alius
559 2190 787 2228 Guill'ielmus
812 2192 856 2228 de
883 2195 967 2230 Pac-

209 2239 286 2283 cis,
323 2239 380 2275 vir
409 2240 678 2285 strenuiffirnus,
716 2241 782 2278 illo
812 2253 968 2293 tempore

210 2304 317 2339 nepos
354 2290 456 2339 ipsius
484 2291 672 2340 Episcopi,
703 2291 739 2328 ἃ
771 2294 967 2331 Boncontes

209 2341 251 2376 de
275 2341 530 2378 Montefelzro.
553 2344 607 2379 Ex
633 2343 696 2379 hac
721 2342 873 2380 vffloria
892 2358 966 2381 non

209 2391 320 2427 solum
364 2392 563 2440 arrogantia
603 2393 835 2431 Aretinorum
857 2419 868 2434 ,
912 2395 966 2432 sed

209 2452 285 2477 tota
313 2456 388 2491 pars
415 2443 598 2479 Gabellina
638 2443 709 2482 fuit
745 2447 895 2481 multum
915 2456 968 2482 at-

210 2502 371 2528 tenuata.
400 2494 457 2528 Ad
486 2494 624 2531 literam
655 2508 736 2544 ergo
762 2495 854 2532 dicit
882 2498 967 2533 Poe-

307 2547 395 2578 Tora.
424 2546 485 2579 III.

551 174 853 218 COMMENT.
884 175 949 217 IN
979 170 1204 216 DANTJS
1230 170 1471 214 COMOED.

1685 179 1764 228 538

996 235 1028 269 A
1067 241 1123 267 ta:
1164 233 1212 266 Et
1247 230 1278 264 io
1311 245 1333 269 a
1367 231 1437 270 lui,
1470 230 1617 279 supple,
1651 231 1729 268 dim
1766 227 1824 266 jlli

1003 693 1029 726 B

1005 1143 1035 1177 C
1047 1118 1049 1123 Α

1006 1592 1036 1624 D

1068 279 1244 318 Bonconti
1261 295 1269 316 ;

1091 339 1094 341 ’
1119 353 1136 359 -
1161 353 1177 358 -
1202 352 1219 358 -
1246 352 1262 358 -
1289 332 1379 377 Qual
1409 330 1521 376 Jbrza,
1547 345 1564 365 ο
1589 334 1665 378 qual
1689 346 1826 371 ventura

1119 382 1163 417 Ti
1188 382 1294 417 tra-vib
1319 383 1347 415 si
1367 381 1440 425 suor
1465 381 1503 415 di
1528 384 1766 428 Campaldino?

1070 432 1159 473 Istud
1188 431 1360 480 proelium
1387 430 1518 467 faelium
1545 431 1591 467 est
1618 433 1706 480 apud
1738 437 1824 484 Pop-

1073 483 1168 532 pium
1185 485 1222 518 'Sc
1249 482 1434 518 Bibienam
1459 481 1496 518 in
1516 484 1715 527 Contrata‚
1739 498 1827 533 quae

1041 523 1044 570 l
1071 534 1204 570 dicitur
1230 536 1357 569 Certus
1384 533 1533 569 mundus
1549 560 1559 577 ‚
1589 533 1624 569 in
1645 534 1827 583 planitie,

1073 599 1158 633 quae
1179 586 1374 633 appellatur
1394 582 1558 628 planities
1578 586 1827 634 Campaldini.

1122 637 1186 670 Che
1213 649 1273 670 non
1294 635 1325 676 st
1345 635 1439 681 seppe
1463 635 1529 669 mai
1553 646 1610 669 tua
1629 636 1818 683 sepoltura?

1075 688 1167 723 Nam
1210 699 1332 734 corpus
1375 686 1447 733 ejus
1483 699 1674 732 numquam
1713 687 1829 735 potuit

1076 735 1254 771 inveniri.
1290 736 1353 771 Sed
1385 738 1488 771 Poeta
1517 735 1644 772 fiaitie
1674 736 1761 773 facit
1787 737 1829 773 fi·—

1076 787 1110 822 bi
1146 788 1377 834 iepulturam.
1415 788 1461 822 Ec
1496 786 1612 822 subdit
1642 787 1829 836 responfio—

1045 838 1049 915 Ἰ
1077 851 1154 873 nem
1176 837 1371 873 Boncontis
1392 836 1564 873 narrantis
1583 837 1730 873 formam
1752 838 1830 875 suae

1046 918 1049 933 ,
1077 886 1201 924 mortis
1236 889 1271 923 δε
1308 887 1521 936 sepulturae.
1558 889 1606 923 Et
1641 888 1757 936 primo
1788 903 1830 925 o-

1046 938 1047 946 *
1075 937 1229 977 stendit,
1265 937 1352 985 quid
1388 937 1499 974 traxit
1533 951 1613 972 eum
1648 938 1691 974 de
1723 940 1831 975 Cam-

1078 987 1243 1037 paldino,
1279 987 1472 1024 describens
1509 987 1660 1024 fluvium
1695 988 1748 1038 ibi
1776 989 1831 1026 vie

1075 1038 1193 1074 einum
1210 1066 1220 1074 .
1248 1038 1356 1074 Unde
1382 1037 1497 1074 dicit:

1046 1079 1049 1087 ⁴
1125 1093 1151 1123 Ο
1168 1116 1178 1132 ,
1205 1088 1312 1135 rispos’
1327 1089 1392 1136 egli
1406 1116 1417 1132 ,
1443 1110 1630 1117 -----

1046 1158 1049 1161 ¹
1077 1139 1246 1182 Scilicet,
1275 1138 1338 1175 ille
1366 1141 1587 1177 Boncontes:

1046 1204 1050 1249 Ι
1127 1210 1142 1215 -
1168 1210 1185 1216 ·
1211 1210 1228 1216 -
1253 1210 1269 1216 -
1295 1204 1316 1225 a
1340 1190 1392 1236 pie
1418 1191 1469 1224 del
1494 1191 1700 1235 Calentinn?

1047 1250 1049 1274 3
1077 1253 1146 1274 non
1175 1241 1279 1288 longe
1306 1253 1324 1275 a
1352 1239 1527 1284 Bibiena,
1564 1270 1569 1274 .

1047 1284 1049 1290 ¹
1128 1290 1285 1334 Traversa
1310 1290 1364 1325 un’
1378 1304 1497 1338 acqua,
1522 1312 1542 1317 -
1565 1313 1584 1319 -
1611 1314 1627 1319 -
1651 1313 1668 1320 -

1077 1339 1181 1384 idest,
1210 1339 1360 1381 fluvius,

1133 1426 1137 1429 ,
1252 1411 1270 1418 -
1296 1390 1340 1425 cb'
1355 1392 1398 1426 ha
1423 1405 1511 1426 nome
1535 1391 1560 1425 l’
1570 1394 1755 1432 Arabiano.

1046 1480 1048 1483 v
1076 1442 1122 1475 Et
1149 1439 1266 1489 tangit
1292 1440 1468 1489 originem
1493 1441 1592 1479 illius
1622 1457 1753 1492 aquae,
1780 1447 1834 1482 di-

1045 1504 1049 1513 ·
1076 1503 1155 1525 cens
1173 1502 1182 1524 ε

1126 1541 1190 1574 Che
1206 1540 1301 1583 soz-ra
1321 1540 1454 1578 l'Ermo
1478 1542 1564 1587 nasce
1588 1543 1621 1578 in
1640 1547 1833 1592 Apennino.

1075 1591 1133 1627 Ad
1161 1590 1254 1638 quod
1276 1600 1391 1631 nota,
1417 1592 1512 1639 qnod
1546 1592 1640 1629 inter
1666 1596 1835 1633 Aretium

1074 1643 1108 1676 ἃ
1147 1641 1365 1677 Florentiam
1399 1641 1642 1680 inContrata
1670 1645 1834 1683 Casenti-

1076 1691 1114 1726 ni
1141 1691 1185 1726 est
1212 1692 1381 1738 quaedam
1408 1693 1631 1730 devotiffima
1659 1695 1834 1738 solitudo,

1077 1741 1137 1776 ubi
1172 1741 1218 1776 est
1252 1744 1397 1778 Eremus
1433 1744 1557 1779 83ῄὸἶεὶ
1583 1746 1836 1782 Camaldulen-

1078 1791 1137 1832 sis,
1167 1802 1270 1838 quam
1299 1791 1463 1828 fundavit
1492 1793 1541 1828 ibi
1570 1794 1628 1830 vir
1655 1797 1835 1836 venerabi-

1049 1860 1050 1873 i
1076 1840 1224 1876 liffimus
1250 1842 1464 1878 Romualdus
1492 1843 1532 1878 de
1560 1846 1747 1891 Ravenna,
1776 1849 1834 1882 In-

1049 1907 1052 1937 ι
1077 1890 1217 1927 stitutor
1258 1891 1355 1928 illius
1395 1892 1541 1928 Ordinis
1581 1895 1713 1931 nobilis
1731 1924 1739 1932 .
1781 1900 1834 1934 De

1049 1954 1147 1988 tque
1173 1941 1262 1977 Viro
1284 1944 1319 1978 8<
1341 1943 1476 1979 Ordine
1492 1942 1618 1979 edicam
1645 1947 1744 1993 plene
1770 1950 1834 1983 Pa—

1067 1991 1174 2027 ,radifi
1201 1994 1308 2028 Cant.
1337 1995 1451 2028 xxii.
1489 1994 1579 2030 Ideo.
1601 1995 1708 2040 vide,
1739 2000 1832 2045 quod

1077 2044 1182 2077 Poeta
1202 2057 1204 2060 ·
1222 2042 1334 2078 noster
1372 2045 1495 2079 ‘volens
1537 2045 1761 2094 magnificare
1790 2048 1830 2084 ·i-

1075 2092 1161 2129 stum
1190 2104 1335 2140 parvum
1362 2092 1573 2139 fluviolum,
1598 2096 1642 2132 de
1670 2097 1831 2135 industria

1075 2141 1161 2178 fecit
1187 2142 1405 2182 mentionem
1431 2144 1475 2182 de
1511 2145 1570 2181 ista
1606 2147 1720 2183 nobili
1748 2151 1832 2185 Ere-

1076 2205 1157 2235 m0.
1178 2206 1265 2240 quae
1285 2196 1365 2230 vere
1389 2196 1487 2231 locus
1511 2196 1556 2232 est
1579 2198 1832 2235 nobilissimus.

1128 2246 1178 2278 Le
1204 2243 1256 2277 've
1282 2242 1308 2278 'l
1333 2247 1461 2281 vocabo!
1480 2246 1538 2290 suo
1561 2248 1697 2283 diventa
1722 2264 1806 2285 vano
1823 2278 1831 2285 .

1077 2292 1170 2333 Heic
1198 2295 1395 2330 Boncontes
1424 2296 1603 2344 praemissa
1628 2298 1832 2348 descriptio—

1077 2358 1119 2380 ne
1148 2343 1275 2389 fluvii,
1303 2345 1460 2395 explicat
1487 2348 1606 2384 locum
1632 2348 1710 2386 suae
1738 2364 1831 2387 mor-

1077 2394 1146 2434 tis,
1173 2394 1316 2431 dicens:

1127 2445 1269 2481 Arriva’
1286 2447 1315 2481 io
1336 2448 1441 2491 forato
1466 2463 1503 2483 ne
1528 2450 1563 2484 la
1585 2451 1682 2497 gela,

1050 2521 1054 2536 .
1079 2495 1161 2532 idest
1179 2518 1190 2540 ‚-
1219 2497 1418 2534 vulneratus
1446 2499 1486 2534 ad
1515 2511 1688 2546 mortem,

1194 2546 1240 2582 M
1267 2560 1302 2582 m

1692 2554 1764 2596 Fug
