2216 3105
289 299 369 336 dam
381 257 565 345 {imbus’
601 299 809 340 Burgundus
839 300 976 349 origine
1004 315 1046 336 ex

290 351 459 387 Dominis
479 349 597 387 Molai
622 349 783 398 genitus,
811 350 946 397 juvenis
972 351 1046 387 ani—

293 400 430 444 mosus,
455 414 561 449 quum
588 399 693 435 frater
718 400 972 448 primogenitus
998 401 1046 437 se-

293 451 443 487 cundum
473 451 755 487 consuetudnern
783 451 957 487 Gallicam
987 451 1046 486 ha-

294 503 389 537 beret
425 501 622 537 dominium
664 502 823 537 omniurn
846 526 855 541 ,
895 501 1048 537 contulit

294 551 327 588 se
363 552 405 587 ad
442 551 619 588 Militiam
648 553 959 599 Templariorum,
987 551 1048 599 qui

295 612 392 638 erant
424 602 540 650 magni
579 601 713 650 pugiles
743 603 861 638 Fidei.
899 603 972 638 Ubi
1000 602 1049 637 fa-

293 652 370 688 ἕὶιις
407 653 572 702 Magister
607 653 704 690 illius
742 654 887 689 Ordinis
927 664 1050 701 poten-

294 703 364 745 tis.
393 703 544 740 incurrit
569 704 690 739 odium
721 704 878 750 Philippi
910 702 1050 746 pulcri,

295 754 394 801 cujus
421 763 495 788 erat
532 764 730 794 compater,
758 754 840 800 quia
869 754 1052 789 videbatur

296 801 417 839 favisse
455 804 669 853 Bonifaci03
708 804 761 839 sed
791 804 905 839 verius
935 805 981 839 ob
1018 817 1053 838 a-

297 853 490 889 varitiam.
527 854 670 890 Factum
702 854 745 889 est
775 867 878 902 ergo,
909 853 1054 901 permit—

299 912 396 938 tente
436 905 622 939 Clemente
660 907 704 940 V.
748 905 809 949 qui
851 903 1054 948 promiserat

300 953 469 1002 Philippo
516 954 781 991 destruetionem
830 953 1054 1002 Templario-

300 1017 375 1040 rum
389 1029 399 1043 ‚
426 1005 519 1052 quod
540 1006 748 1053 principales
769 1005 1053 1052 Templariorum

300 1055 417 1089 eadem
460 1054 517 1091 die
554 1057 647 1101 capti
689 1055 767 1091 sunt
810 1056 851 1091 de
892 1055 1056 1091 mandato

301 1104 459 1153 Philippi
497 1119 557 1153 per
592 1119 696 1142 omne
735 1109 891 1154 Regnum
930 1106 1056 1148 suum,

300 1156 334 1191 8<
363 1169 480 1191 eorum
510 1158 687 1206 Templa,
715 1156 861 1193 castella
881 1184 889 1199 ,
921 1156 1056 1192 thesau-

301 1206 358 1245 ri,
392 1207 426 1241 δε
454 1205 573 1242 omnia
600 1216 792 1255 occupata.
829 1207 968 1252 Quibus
996 1206 1057 1240 du—

300 1255 368 1292 &is
407 1256 551 1293 Parifius
589 1258 701 1292 multa
737 1257 886 1292 crimina
923 1256 1057 1305 obje&a

303 1305 409 1350 sunt,
446 1320 534 1354 quae
561 1306 680 1343 omnia
717 1307 773 1343 illi
805 1308 1060 1356 perseveranter

303 1357 502 1404 negabant,
543 1357 725 1397 dicentes,
767 1356 799 1393 se
845 1357 1056 1393 contrarium

305 1408 509 1455 probaturos
537 1408 597 1443 sub
626 1408 711 1454 justo
737 1407 882 1452 Judice‚
914 1408 936 1442 fi
965 1408 1059 1442 dare—

303 1466 384 1492 tur.
420 1459 524 1494 Tunc
552 1460 627 1493 Rex
655 1458 706 1493 ira
734 1457 880 1496 ardens,
919 1458 1061 1492 manda-

303 1506 358 1540 vit
385 1515 422 1541 ut
446 1507 633 1543 tormentis
657 1515 947 1554 extorqueretur,
968 1507 1060 1554 quod

303 1555 563 1592 adulationibus
588 1569 658 1592 non
685 1566 841 1604 poterat.
869 1557 931 1592 Sed
954 1570 1060 1605 quum

303 1605 395 1641 nihil
434 1605 637 1655 proficeret,
675 1606 844 1657 Magistro
881 1620 960 1643 cum
998 1607 1062 1642 tri-

305 1657 366 1692 bus
408 1655 511 1692 sociis
552 1658 726 1694 reservato
746 1682 757 1698 ,
799 1658 905 1694 ceteri
948 1658 1061 1706 palam

306 1705 463 1741 damnati
490 1705 567 1741 sunt
594 1707 631 1742 in
659 1707 844 1747 incendio,
872 1708 894 1742 si
920 1708 957 1743 in
984 1721 1062 1750 pro-

307 1754 417 1801 pofito
452 1755 598 1791 starent.
634 1758 744 1792 Erant
779 1769 900 1793 omnes
937 1757 1062 1793 robusti

309 1807 449 1853 juvenes
489 1805 528 1842 ἃ
570 1806 711 1842 animofi
735 1833 744 1842 .
787 1806 869 1842 Ideo
909 1807 1064 1856 alligaris

307 1856 448 1905 singulis
478 1857 565 1904 palis
592 1857 685 1906 ignis
713 1856 757 1893 est
788 1855 981 1905 appofitus.
1018 1860 1065 1893 Et

308 1920 475 1953 praecone
501 1908 732 1955 promittente
757 1907 1006 1955 impunitatem
1031 1909 1063 1942 ὅ(

308 1957 552 1994 liberationem
575 1957 846 1997 confitentibus,
867 1959 983 1994 nullus
1004 1971 1066 2006 po·

294 2008 380 2045 ituit
408 2006 500 2044 flecti
532 2019 662 2045 terrore
689 2009 747 2044 vel
785 2022 906 2056 prece,
945 2019 985 2044 ut
1011 2022 1067 2043 ce-

308 2058 427 2094 derent
455 2058 546 2095 irato
567 2060 677 2108 Regi,
705 2060 738 2094 &
759 2058 968 2094 confeffione
990 2072 1066 2108 par—

309 2118 427 2143 cerent
454 2108 549 2144 vitae
576 2108 673 2144 suae.
711 2109 773 2144 Sed
811 2122 918 2156 quum
946 2123 1067 2145 ornnes

313 2158 534 2194 concordirer
553 2157 649 2201 saepe
665 2158 756 2194 dina
774 2157 973 2199 firmarent,
989 2173 1066 2195 coe-

313 2219 438 2257 perunt
473 2218 624 2245 tortores
661 2208 802 2257 lingulis
839 2222 1010 2258 apponere
1038 2209 1068 2244 i-

313 2272 414 2307 gnem
445 2259 559 2305 primo
587 2261 736 2307 ungulae
771 2259 886 2308 pedis,
923 2261 957 2296 &
986 2274 1068 2305 pau-

311 2310 413 2345 latim
444 2309 656 2345 ascendendo
677 2310 842 2345 deducere
870 2323 929 2357 per
949 2310 1069 2346 omnia

312 2361 489 2396 membra.
529 2360 587 2396 Illi
617 2370 732 2396 autern
771 2360 938 2408 jaetantes
967 2374 1068 2396 voces

312 2409 348 2446 in
378 2413 538 2450 coelum,
574 2411 797 2450 clamabant,
835 2410 867 2445 se
902 2411 1069 2447 Christia-

312 2473 377 2498 nos
398 2475 517 2501 veros,
545 2462 578 2497 8<
599 2475 716 2497 eorum
740 2460 962 2503 Religionem
984 2461 1070 2497 sem-

312 2525 373 2558 per
398 2511 644 2548 sanffliffimam
673 2512 791 2548 fuisse.
822 2514 896 2548 Nee
924 2526 1010 2549 unus
1032 2525 1071 2548 u-

309 2561 390 2611 sque
419 2563 463 2599 ad
500 2573 651 2599 mortem
688 2562 809 2612 potuit
836 2575 855 2598 a
882 2572 955 2599 tam
987 2576 1071 2599 con-

640 240 942 285 COMMENT.
975 241 1037 285 IN
1065 234 1288 281 DANTJS
1315 228 1556 276 COMOED.

1085 298 1118 333 A

1103 1656 1134 1690 D

1111 2110 1138 2143 E

1772 234 1858 284 634

1156 294 1257 332 stanti
1274 291 1449 341 proposito
1469 287 1666 323 removeri.
1688 286 1834 332 Iacobus
1857 299 1913 322 ve-

1156 361 1196 384 ro
1222 344 1389 393 Magister
1417 343 1524 387 longo
1544 351 1676 373 carcere
1701 346 1914 379 maceratus⁹

1157 395 1311 434 tamdem
1346 393 1470 429 duffius
1508 389 1721 437 Lugdunum
1743 414 1753 430 ‚
1790 388 1910 424 multi&

1159 444 1465 484 exhortationibus
1505 437 1677 488 persuasus
1698 463 1709 478 ,
1746 438 1912 473 confefl‘us

1158 497 1227 534 fuit
1254 495 1372 545 aliqua
1408 489 1588 530 Clementi
1626 491 1761 538 Papae.
1798 489 1914 532 Quare

1159 547 1326 585 retrafi'tus
1355 544 1522 583 Parilius,
1550 553 1657 589 quum
1687 551 1802 575 coram
1832 538 1917 573 duo-

1162 600 1224 635 bus
1259 597 1404 645 Legatis
1437 609 1480 631 ex
1517 594 1624 628 latere
1650 592 1685 626 &
1715 592 1808 638 Rege
1844 587 1917 624 sen-

1163 649 1275 685 tentia
1302 649 1495 696 legeretur,
1523 643 1560 679 in
1582 655 1650 690 qua
1672 639 1919 676 continebatur

1163 699 1321 748 Magistri
1346 696 1531 734 liberatio,
1552 691 1590 729 &
1612 689 1921 745 Ordinis-damna-

1163 751 1246 794 tio,
1283 748 1354 795 ipse
1390 760 1468 783 cum
1507 757 1576 781 uno
1612 757 1655 779 ex
1693 741 1823 780 sociis,
1861 740 1924 788 qui

1165 811 1239 836 erat
1266 799 1372 834 frater
1409 793 1578 842 Delphini
1609 793 1795 831 Viennae,
1832 790 1923 839 peti-

1135 844 1138 850 *
1167 851 1220 886 vit
1249 851 1318 885 alta
1344 862 1430 883 voce
1457 845 1653 882 silentium.
1680 845 1763 890 Quo
1785 839 1923 876 conces-

1169 901 1203 937 fo
1221 925 1230 940 ,
1273 899 1435 935 audiente
1477 893 1706 932 multitudine
1749 890 1924 940 praesente

1169 950 1280 987 testati
1307 950 1409 994 sunt,
1445 947 1538 996 quod
1575 953 1689 981 morte
1727 940 1925 991 dignissima

1138 997 1410 1045 ¹&merei-entur,
1446 1012 1518 1035 non
1554 995 1638 1045 quia
1678 991 1924 1029 commisissent

1168 1067 1228 1094 ea,
1266 1064 1353 1098 quae
1381 1050 1607 1099 legebantur3
1648 1043 1702 1080 sed
1740 1043 1821 1091 quia
1851 1055 1927 1090 per-

1169 1101 1334 1137 miserant
1374 1100 1406 1136 se
1442 1098 1557 1135 seduci
1597 1094 1807 1132 suasionibus
1844 1094 1927 1129 Cle-

1169 1152 1298 1188 mentis
1321 1153 1430 1200 Papae
1451 1149 1489 1186 &
1510 1147 1616 1196 Regis
1637 1145 1821 1192 Tyranni,
1842 1157 1926 1179 con-

1169 1213 1222 1238 tra
1249 1202 1418 1237 honorem
1446 1199 1592 1235 Ordinis
1628 1195 1678 1232 sui
1708 1205 1779 1231 tarn
1817 1194 1927 1230 saneti

1169 1255 1202 1289 δε
1229 1262 1285 1289 tot
1311 1252 1515 1288 sanffiorum
1545 1252 1687 1286 Parrum
1717 1245 1930 1282 wehmare

1170 1303 1337 1352 probati3
1365 1303 1399 1338 δε
1429 1311 1485 1337 tot
1512 1299 1668 1348 egregios
1696 1297 1804 1333 fortes
1831 1309 1929 1331 com-

1172 1353 1352 1389 militones
1380 1354 1413 1388 8<
1443 1351 1555 1387 socios
1583 1358 1663 1385 ante
1692 1348 1749 1387 se,
1778 1360 1840 1395 pro
1870 1359 1931 1382 ve·-

1171 1405 1276 1440 ritate
1313 1403 1513 1439 conl'umtos
1541 1401 1664 1436 viliter
1700 1398 1928 1434 fraudassent.

1172 1454 1234 1490 Sed
1262 1454 1345 1489 dura
1374 1452 1542 1488 sententia
1569 1452 1639 1487 lata
1675 1450 1820 1493 Iacobus
1849 1460 1929 1483 cum

1138 1523 1143 1566 Ι
1171 1504 1276 1540 fratre
1305 1503 1476 1552 Delphini
1503 1502 1579 1551 igni
1607 1502 1707 1537 datus
1735 1499 1805 1543 est,
1842 1498 1929 1534 ficut

1172 1554 1298 1601 primi.
1326 1556 1373 1590 Et
1392 1554 1518 1596 ambo,
1548 1555 1640 1601 Rege
1660 1550 1825 1589 vidente,
1848 1562 1930 1584 con—

1172 1605 1298 1641 stanter
1324 1605 1357 1639 δε
1386 1603 1559 1652 intrepide
1587 1603 1624 1638 in
1662 1600 1871 1649 supplicium
1900 1599 1931 1634 i-

1174 1664 1317 1691 verunt.
1355 1654 1433 1690 Alii
1474 1655 1543 1689 duo
1570 1651 1694 1688 viliter
1722 1648 1930 1686 confitentes

1172 1705 1372 1742 evaserunt.
1400 1703 1670 1753 Quinquaginta
1691 1701 1747 1737 sex
1769 1700 1931 1744 fuerunt,

1137 1787 1139 1789 .
1174 1756 1235 1804 qui
1277 1765 1456 1803 tamquam
1503 1757 1680 1799 Martyres
1725 1752 1931 1787 innocentes

1175 1805 1379 1853 perierunt.
1422 1807 1523 1840 Hanc
1561 1803 1714 1839 flebilem
1752 1801 1932 1836 historiam

1176 1855 1280 1890 multi
1308 1855 1375 1891 fide
1401 1855 1499 1903 digni
1527 1860 1760 1894 notaverunt,
1789 1849 1827 1886 ἃ
1854 1863 1932 1899 prae

1145 1886 1299 1946 lecteris
1336 1905 1545 1940 Boccaccius
1580 1904 1623 1939 de
1658 1901 1828 1938 Cerraldo
1862 1902 1933 1935 ele-

1147 1949 1150 1999 ξ
1176 1954 1372 2004 gantiffime
1388 1954 1574 1996 describit,
1594 1951 1820 1989 laudabiliter
1835 1963 1930 1986 com-

1147 2001 1151 2041 l
1175 2005 1340 2041 mendans
1369 2004 1595 2040 constantiam
1616 2001 1655 2039 ἃ,
1683 2001 1930 2038 fortitudinem

1176 2056 1316 2091 istorum
1346 2056 1435 2090 ultra
1464 2054 1634 2090 virtutem
1663 2052 1821 2089 virorum
1858 2051 1930 2087 for-

1175 2107 1265 2142 tium
1294 2106 1335 2141 ab
1364 2106 1512 2152 antiquo
1539 2104 1757 2141 laudatorum
1775 2129 1784 2138 .
1822 2105 1874 2137 De
1902 2102 1933 2138 i—

1175 2156 1232 2192 stis
1258 2157 1292 2191 &
1320 2156 1360 2190 de
1387 2156 1524 2202 origine
1550 2154 1696 2191 Ordinis
1732 2165 1851 2189 eorum
1880 2152 1935 2188 ὀὶ»

1176 2216 1274 2243 cetur
1315 2206 1463 2242 Paradifi
1506 2208 1609 2242 Cant.
1653 2205 1786 2240 XVIII.
1827 2205 1932 2240 Nunc

1177 2257 1221 2293 est
1247 2257 1287 2292 ad
1316 2256 1456 2293 literam
1485 2256 1695 2293 veniendum
1714 2283 1723 2292 .
1752 2254 1852 2291 Dicit
1879 2268 1932 2291 er„

1178 2321 1222 2358 go
1250 2307 1361 2355 Ug0:

1231 2359 1346 2405 Veggt'o
1365 2358 1390 2392 'l
1415 2372 1518 2392 nuovo
1545 2358 1653 2393 Pilato
1680 2379 1696 2384 -
1722 2379 1739 2385 -
1764 2377 1781 2384 -·
1807 2377 1825 2384 -

1179 2408 1336 2450 scilicet,
1374 2408 1598 2457 Philippum.
1640 2411 1686 2444 Et
1722 2407 1800 2444 heic
1825 2415 1934 2451 nota,

1179 2459 1273 2507 quod
1310 2461 1416 2495 Poeta
1458 2459 1691 2508 propriiffime
1718 2467 1824 2494 vocat
1852 2457 1933 2493 Phi-

1181 2512 1315 2557 lippum
1344 2523 1475 2546 novum
1506 2511 1679 2546 Pilatum.
1716 2510 1814 2546 Sicut
1836 2508 1932 2544 enim

1183 2561 1339 2604 Pilatus,
1379 2560 1441 2609 qui
1469 2560 1538 2598 fuit
1564 2561 1607 2597 de
1642 2560 1841 2610 Lugduno‚
1878 2557 1932 2593 ine

1217 2613 1254 2646 T
1281 2621 1295 2646 t
1323 2624 1344 2647 τι.
1801 2607 1884 2655 juste
