2216 3105
288 250 373 290 729

583 230 886 275 COMMENT.
923 234 983 278 ΙΝ
1013 229 1237 274 DANTIS
1264 230 1506 273 COMOED.

1724 247 1812 286 730

233 293 294 341 qui
337 289 473 327 scilicet
514 289 646 326 timent
685 289 855 326 insultum
884 319 893 336 ‚
938 296 997 331 vel
1037 292 1069 326 A
1111 289 1204 327 Heic
1233 292 1478 326 Bonaventura
1500 289 1733 338 descripturus
1756 290 1872 324 vitam

236 342 375 379 infidias
403 343 590 389 luporum:

284 396 316 428 E
334 392 506 440 stringonfi
531 393 565 426 al
591 390 735 434 Past0r;
762 412 777 418 -
803 413 820 419 -
846 413 863 419 -
888 414 908 423 -ο

234 457 304 480 non
331 443 532 479 deviantes.
560 445 606 477 Et
637 442 776 478 subdit:

285 516 302 521 -
327 515 344 520 -
369 515 388 520 -
411 515 427 520 -
455 507 506 528 ma
528 494 584 538 son
611 495 639 527 εὶ
663 493 775 537 poche,

283 545 350 579 Che
375 545 405 578 le
431 555 526 588 cappe
548 545 680 588 fornisce
706 554 777 587 poco
800 554 927 588 panno,

368 599 431 630 Ad
456 599 551 630 Cant.
581 598 656 630 XII.
686 595 769 638 Vers.
800 607 857 642 31·

285 648 317 680 Ε
335 646 497 680 σονηὶησὶὸ.
522 645 561 680 L'
572 660 678 685 amor,
698 645 749 680 che
768 647 812 679 mi
837 646 872 688 fa
890 649 994 693 bella,

235 696 327 732 Heic
355 695 494 732 AuE’cor
531 696 633 744 ponit
660 695 857 732 orationem
896 699 994 734 illius

235 746 401 793 spiritus.
430 747 488 781 Ad
515 748 609 794 quod
636 747 682 782 est
708 747 966 793 praesciendum
984 775 995 789 ,

235 796 330 844 quod
358 796 416 832 iste
443 806 517 832 erat
554 797 694 841 spiritus
726 798 995 835 Bonavenrurae

233 848 275 884 de
303 848 435 883 Balneo
464 847 597 895 Regio,
631 848 671 883 de
699 848 833 883 Ordine
873 851 995 885 Mino„

234 912 310 934 rum
323 923 334 938 ,
356 898 418 946 qui
439 897 506 933 fuit
523 898 689 947 Magister
708 899 746 933 in
767 897 857 934 sacra
875 901 997 935 Theo-

233 948 351 998 logia.
389 951 437 983 Et
473 948 588 996 primo
616 949 727 997 aperit
755 950 993 986 intentionem

234 999 353 1038 suam,
390 999 568 1034 ostendens
586 1027 594 1041 ‚
632 1001 717 1048 quid
745 1011 887 1035 moveat
914 1015 993 1037 eum

234 1050 275 1085 ad
304 1050 539 1097 loquendum.
570 1051 670 1086 Dicit
698 1063 800 1099 ergo:
830 1051 870 1085 L’
886 1066 992 1096 amor,

236 1099 397 1142 scilicet,
438 1101 603 1140 Caritas,
644 1104 697 1136 clae
732 1102 775 1135 mi
810 1102 849 1145 sa
884 1104 994 1146 bella,

235 1151 318 1198 quia
354 1150 439 1186 fecit
467 1164 521 1186 me
559 1151 696 1188 beatam
734 1151 773 1187 in
809 1152 994 1202 conspeetu

238 1201 326 1237 Dei:

284 1252 343 1287 Mi
383 1263 495 1300 tragge
537 1267 560 1288 a
603 1253 751 1301 ragionar
789 1255 829 1288 de
871 1253 896 1288 I’
914 1256 998 1291 altro

334 1306 446 1343 Duca,

233 1352 316 1389 idest
335 1381 344 1396 ,
382 1353 498 1390 allicit
524 1369 580 1391 me
607 1356 648 1392 ad
675 1355 934 1392 describendam
961 1357 995 1391 δ(

233 1404 441 1440 laudandam
469 1405 581 1442 vitam
611 1406 711 1442 Beati
741 1407 948 1442 Dominici:

283 1458 345 1489 Per
370 1456 419 1490 cui
444 1457 496 1489 det
524 1458 585 1490 mio
611 1458 639 1489 si
666 1459 741 1491 bene
762 1457 793 1497 fi
816 1457 942 1500 savella
959 1484 967 1492 .

232 1503 349 1542 Idest,
385 1505 498 1552 gratia
535 1506 632 1553 cujus
670 1506 857 1541 Dominici
894 1507 995 1541 Tho-

231 1567 305 1590 mas
334 1553 376 1589 de
407 1555 552 1601 Aquino
589 1565 662 1590 tam
703 1556 789 1590 bene
827 1557 994 1604 loquutus

231 1604 301 1640 fuit
321 1604 362 1640 de
390 1605 574 1641 Francifco
604 1608 701 1642 Duce
725 1619 803 1642 meo
830 1606 868 1642 in
897 1620 995 1655 prae-

232 1655 367 1690 cedenti
397 1655 562 1701 proximo
588 1655 764 1703 Capitulo
800 1658 907 1704 paulo
933 1672 994 1693 an—

232 1713 300 1740 te.
338 1705 384 1739 Et
425 1703 572 1753 affignat
609 1705 746 1741 causam
786 1706 874 1743 diffi
916 1707 995 1753 sui,

233 1754 350 1790 dicens
367 1767 378 1789 ε

282 1808 395 1853 Degno
431 1806 448 1839 ὲ
463 1829 475 1846 ‚
510 1806 564 1840 che
597 1804 672 1841 dov’
689 1806 706 1840 ὲ
730 1805 756 1840 l'
770 1819 813 1841 un
828 1831 840 1847 ,
875 1807 900 1840 l’
913 1809 995 1843 altro

337 1855 514 1896 findam,

233 1905 390 1949 scilicet,
422 1906 661 1943 Dominicus:

283 1959 320 1992 Si
346 1958 397 1992 che
424 1978 700 1986 -------

283 2009 355 2042 Cosi
382 2009 416 2043 la
437 2009 544 2056 gloria
571 2010 637 2043 loro
662 2008 788 2051 insieme
814 2010 884 2045 luca
898 2024 920 2053 ,-

234 2057 337 2098 idest,
365 2060 479 2095 luceat
506 2059 633 2094 fimul:

284 2129 300 2134 —
327 2131 345 2136 -
371 2130 388 2135 -
414 2130 431 2135 -
457 2109 530 2143 cnm⁷
546 2110 602 2143 elli
628 2113 675 2144 acl
697 2124 763 2144 una
788 2111 954 2146 militaro.

233 2159 343 2203 mest,
372 2158 471 2195 fimul
499 2170 657 2205 ternpore
684 2170 928 2209 pugnaverunt
956 2160 993 2196 in

233 2209 417 2246 servitium
449 2211 537 2246 Dei.
574 2212 620 2245 Et
648 2209 726 2246 heic
753 2221 865 2251 nota,
900 2211 994 2258 quod

232 2261 373 2297 Ausim·
415 2262 604 2310 prudenter
640 2259 678 2296 &
716 2271 817 2297 caute
857 2261 996 2297 inducit

235 2326 344 2347 unum
374 2315 531 2347 Fratrem
559 2311 763 2352 Minorem,
789 2313 851 2359 qui
879 2313 996 2348 laudet

234 2364 356 2399 Vitam
397 2364 495 2398 Beati
536 2361 742 2405 Dominici,
779 2361 817 2397 &
856 2363 996 2411 vitupe-

233 2426 286 2452 ret
306 2416 418 2450 vitam
441 2413 580 2448 suorum
603 2415 761 2448 Fratrum
785 2412 993 2457 Minorum,

231 2476 271 2502 ut
298 2465 340 2501 {ic
368 2467 443 2514 ejus
470 2463 626 2500 narratio
653 2465 731 2513 plus
758 2463 883 2500 habeat
911 2464 993 2500 fidei
1029 2476 1031 2479 ·

236 2516 272 2552 &
301 2516 462 2551 veritatis
476 2542 486 2551 .

284 2567 325 2604 L'
341 2568 463 2612 esercito
489 2567 527 2601 di
551 2564 676 2611 Crista,
702 2585 892 2593 -----

333 2623 424 2655 Tom.
449 2619 513 2655 ΙΙΙ,

1038 1206 1068 1241 C

1110 341 1211 377 Beati
1255 340 1439 376 Dominici
1464 365 1474 380 ‚
1517 341 1645 387 incipit
1688 352 1808 387 parum
1851 352 1871 374 a

1109 393 1234 440 longe,
1262 391 1459 430 ostendens,
1489 391 1666 438 quomodo
1697 394 1789 426 Deus
1815 389 1872 437 pie

1110 443 1267 491 providit
1302 441 1470 477 Ecclesiae
1510 441 1584 476 suae
1614 442 1654 476 de
1692 442 1745 476 his
1782 442 1869 475 duo-

1110 494 1170 528 bus
1202 493 1444 541 Princspibus,
1483 491 1618 527 scilicet
1657 490 1869 535 Frandsco,

1108 545 1141 579 8<
1173 544 1384 579 Dnminico.
1425 541 1525 578 Dicit
1551 554 1654 590 ergot
1696 541 1869 586 L’esercito

1108 595 1144 629 di
1170 594 1297 637 Crista,
1334 593 1438 632 idest,
1477 593 1628 628 Ecclesia
1666 592 1733 628 Dei
1772 591 1869 627 mili-

1110 654 1209 689 tans,
1237 658 1341 691 quam
1371 644 1499 680 merito
1526 644 1722 679 exercitum
1742 651 1869 686 vocat,

1109 695 1192 742 quia
1230 706 1400 731 continuo
1438 695 1568 730 bellum
1607 695 1709 729 habet
1747 703 1870 728 contra

1111 745 1200 781 vitia
1219 773 1228 787 ,
1260 748 1293 781 &
1323 756 1443 781 contra
1473 744 1651 780 haereses.
1687 747 1780 791 Ergo
1809 743 1869 778 iste

1109 796 1282 831 exercitus
1320 796 1484 844 exigebat
1523 795 1609 831 duos
1653 797 1793 832 Duces,
1830 807 1869 829 u·

1109 860 1192 881 num
1222 857 1340 882 contra
1370 847 1482 886 vitia,
1517 847 1550 881 δ(
1580 846 1639 881 hic
1665 845 1733 881 fuit
1762 847 1869 880 Fran·

1109 897 1242 946 ciscus3
1280 899 1313 932 δε
1351 896 1394 932 fic
1433 895 1653 932 Franciscum
1691 896 1765 943 ejus
1795 897 1869 930 Du-

1109 960 1218 996 cem3
1256 949 1405 983 alterurn
1433 958 1554 983 contra
1592 946 1765 986 haereses,
1803 944 1867 979 sci-

1109 998 1195 1033 licet
1223 999 1476 1038 Dominicum,
1514 1006 1553 1033 ut
1588 996 1703 1032 statim
1732 996 1867 1031 dicetur

1109 1049 1215 1096 paulo
1241 1048 1352 1084 infra.
1380 1051 1426 1084 Et
1453 1048 1565 1084 dicit:

1158 1120 1349 1126 -----
1374 1100 1439 1134 Che
1466 1101 1494 1133 si
1521 1111 1588 1134 caro

1158 1151 1247 1192 Costa
1272 1169 1633 1177 ---------

1108 1198 1264 1243 scilicet,
1286 1200 1400 1249 pretio
1421 1199 1598 1249 sanguinis
1616 1196 1691 1243 Iesu
1713 1198 1864 1236 Christi:

1158 1265 1679 1286 —---ar1armar----

1107 1301 1190 1348 quia
1217 1301 1351 1337 scilicet
1380 1311 1580 1338 exarmatus
1605 1300 1719 1336 fuerat
1739 1314 1758 1336 a
1779 1300 1866 1336 Dia·

1108 1353 1190 1386 bolo
1219 1352 1351 1388 virtute
1382 1352 1437 1388 sua
1454 1377 1466 1392 ‚
1502 1352 1592 1388 unde
1619 1361 1694 1387 erat
1720 1351 1866 1387 inermis

1106 1403 1139 1437 8(
1168 1403 1283 1450 impar
1309 1403 1418 1438 hosti:

1156 1474 1173 1479 -
1199 1475 1217 1479 -
1242 1475 1257 1480 -
1285 1475 1302 1480 -
1327 1455 1429 1488 dietro
1450 1469 1470 1489 a
1496 1453 1662 1500 l’insegna

1155 1504 1194 1538 Si
1221 1517 1331 1538 movea
1356 1506 1469 1544 tardo,
1491 1505 1681 1549 sospettofo,
1709 1517 1726 1538 e
1750 1516 1839 1539 raro.

1105 1555 1201 1599 Quia
1229 1554 1331 1602 pauci
1366 1564 1464 1589 erant
1500 1556 1532 1589 8<
1571 1553 1717 1601 suspeffii
1744 1556 1779 1589 δε
1806 1554 1866 1589 de—

1106 1605 1219 1643 biles,
1256 1604 1317 1652 qui
1356 1605 1555 1640 militarent
1583 1606 1619 1640 in
1649 1606 1806 1640 exercitu
1834 1605 1865 1640 i-

1105 1654 1174 1690 sto.
1201 1656 1296 1700 Quia
1314 1680 1322 1693 ,
1359 1665 1397 1690 ut
1425 1655 1561 1690 difflum
1590 1655 1635 1690 est
1662 1655 1698 1690 in
1729 1668 1866 1703 praece—

1105 1705 1203 1740 denti
1231 1706 1424 1754 Capitulo,
1461 1705 1542 1741 satis
1571 1705 1768 1741 defecerant
1804 1719 1865 1741 va—

1106 1758 1215 1790 lentes
1242 1756 1465 1800 Sacerdotes,
1493 1758 1526 1791 &
1557 1755 1746 1803 Religiofi,
1774 1765 1865 1791 tem-

1106 1819 1188 1852 pore
1215 1819 1286 1853 quo
1322 1805 1461 1842 fundati
1497 1806 1575 1841 sunt
1612 1805 1667 1840 isti
1704 1806 1772 1841 duo
1799 1819 1864 1841 no·

1107 1855 1240 1891 billimi
1267 1856 1417 1891 Ordines
1435 1882 1444 1891 .

1156 1908 1189 1939 E
1229 1905 1334 1940 corde?
1359 1912 1443 1940 detto
1464 1933 1475 1950 ,
1514 1921 1535 1940 a
1568 1906 1630 1951 sua
1664 1905 1765 1951 Sposa
1796 1906 1864 1951 [ὀσ-

1207 1956 1304 2000 coi-se,

1106 2005 1210 2049 idest,
1240 2006 1411 2042 Ecclesiae
1437 2006 1598 2043 Christi:

1155 2060 1222 2091 Con
1248 2061 1309 2092 due
1335 2059 1527 2101 Campioni,
1526 2073 1704 2084 —————

1106 2106 1263 2151 scilicet,
1292 2108 1476 2144 Francisco
1503 2110 1537 2143 &
1567 2108 1764 2144 Dominico
1778 2122 1802 2152 ,⁴

1156 2179 1173 2184 -
1199 2179 1216 2185 -
1244 2179 1259 2185 -
1286 2179 1302 2185 -
1329 2162 1362 2193 al
1389 2159 1440 2193 cui
1460 2160 1537 2203 far,
1564 2161 1598 2193 al
1625 2160 1674 2194 cui
1700 2162 1794 2201 dire,

1107 2208 1212 2253 idest,
1250 2208 1292 2244 ad
1327 2222 1478 2257 quorum
1514 2210 1675 2259 pugilum
1711 2209 1803 2245 fa&a
1830 2210 1867 2246 ‹Sc

1107 2259 1200 2295 dicia
1218 2272 1228 2295 τ

1158 2314 1205 2345 Lo
1230 2311 1331 2355 Popol
1357 2312 1499 2355 disviato
1522 2331 1713 2339 -----

1107 2360 1190 2396 idest
1207 2385 1217 2399 ‚
1255 2363 1408 2409 Populus
1435 2361 1653 2398 Christianus
1670 2390 1681 2407 ,
1716 2360 1779 2411 qui.
1806 2360 1866 2398 de-

1108 2413 1267 2448 viaverat
1294 2425 1312 2447 a
1342 2413 1485 2448 Virtute
1512 2414 1546 2448 δ(
1577 2414 1685 2449 Fide:

1158 2483 1347 2490 -----
1368 2463 1400 2504 fi
1426 2465 1574 2507 raccorse.

1108 2512 1222 2556 Idest,
1258 2514 1460 2549 emendavit
1495 2513 1549 2553 se,
1584 2515 1618 2549 δ(
1655 2514 1788 2550 redivit
1820 2514 1862 2549 ad

1106 2563 1235 2600 er'tam
1263 2564 1357 2598 viam
1384 2564 1539 2600 Virtutis
1561 2566 1596 2599 &
1622 2565 1741 2600 Fidei.
1766 2565 1862 2609 Quia

1222 2615 1259 2649 A
1286 2627 1305 2649 a
1331 2627 1351 2650 a
1706 2614 1813 2649 multi
