2216 3105
261 245 340 285 δεῖ

198 301 243 335 tt's
259 328 269 343 ‚
297 299 441 335 praelati
466 312 546 334 novo
572 304 704 346 quodam
740 300 875 343 artificio
901 303 955 335 de-

193 351 352 394 serentes,
393 364 478 384 omne
514 353 595 396 quod
630 350 768 390 molestat
796 352 828 384 in
855 351 955 384 omni-

197 400 258 436 bus
298 401 476 444 respuerunt
500 414 520 442 ,·
555 414 640 434 omne
680 404 761 446 quod
797 400 983 445 deleffarff

199 451 233 485 in
268 454 351 484 omni
367 464 412 484 *us
452 461 630 494 acceperunt
673 450 744 488 (fc.
790 453 836 485 Et
878 451 955 486 heic

198 510 302 542 nota,
354 500 445 548 quod
496 500 631 535 Aufflor
676 500 787 535 noster
832 514 955 548 magna

199 561 272 586 arte
308 550 384 585 usus
421 550 485 589 est,
527 550 659 599 fingens
702 552 844 586 Petrum
884 553 955 586 Da—

201 601 307 635 miani
348 601 406 635 ista
448 600 491 635 fic
535 601 732 648 vituperosa
772 601 887 636 dicere
914 603 955 637 de

201 650 418 689 pastoribus,
447 650 529 698 quia
557 651 626 686 fuit
652 651 877 691 Cardinalis,
914 650 953 687 ἂ

199 703 303 736 novit
343 701 454 736 vitam
494 715 637 737 eorum.
679 702 762 738 Ideo
800 702 954 737 veracius

199 751 236 786 ὅ(
266 752 428 786 audacius
464 752 610 798 obloqui
653 753 770 800 potuit
797 752 838 787 de
866 751 954 788 suis.

201 802 314 836 Immo
342 801 382 836 de
410 801 459 836 rei
497 802 645 837 veritate
682 802 795 838 diE‘tus
834 805 954 838 Petrus

200 852 284 886 talia
312 853 345 887 8<
384 852 498 900 pejora
526 851 656 900 scripiit
693 853 734 888 de
764 853 954 888 Praelatis.

200 901 341 948 Scripsit
381 914 473 936 enlm
513 903 580 938 duo
617 905 730 950 Opera
773 903 955 951 praecipua

198 951 236 987 in
263 952 415 1000 eleganti
445 951 541 991 stilo,
579 966 727 1000 quorum
765 967 873 989 unum
909 953 954 989 est

198 1002 238 1036 de
267 1001 452 1049 Epistoiis‚
480 1004 512 1037 8<
542 1003 786 1044 Sermonibus‚
814 1004 850 1039 in
884 1017 954 1050 quo

199 1055 312 1098 Opere
351 1053 461 1086 multa
503 1054 593 1088 mala
635 1053 729 1089 dixit
769 1055 811 1089 de
850 1054 952 1102 ipfis;

199 1103 293 1137 aliud
323 1105 404 1137 vero
433 1101 538 1146 fecit,
579 1104 615 1138 in
654 1117 724 1151 quo
765 1104 886 1140 scribit
913 1105 955 1140 de

200 1152 367 1188 Praelatis
407 1151 542 1199 flagitia
580 1153 730 1194 nefaria,
776 1168 864 1202 quae
892 1155 954 1189 ho-

198 1202 286 1238 neste
313 1202 385 1238 dici
413 1215 482 1237 non
505 1204 660 1242 noffunr.
687 1205 866 1252 Siquidem
891 1207 955 1240 Pe-

198 1264 270 1289 trus
301 1252 378 1292 iste,
406 1252 514 1288 homo
541 1253 674 1302 rigidus
703 1256 824 1298 valde,
861 1255 955 1291 inter

196 1304 265 1338 alia
294 1304 410 1348 pulcra
431 1331 439 1344 ,
476 1317 564 1350 quae
592 1304 714 1340 scribit
748 1305 786 1340 in
813 1304 876 1340 isto
904 1305 952 1341 se-

197 1353 309 1388 cundo
338 1354 552 1394 Volumine,
595 1355 749 1403 disputat
776 1355 953 1391 subtiliter

195 1413 316 1438 contra
369 1404 628 1450 Hieronymum
660 1433 669 1448 ‚
722 1405 784 1452 qui
835 1405 951 1448 dixit,

195 1454 288 1500 quod
319 1455 411 1489 Deus
439 1467 507 1489 non
537 1465 673 1502 poterat
694 1454 950 1504 Virginitatem

194 1504 365 1550 perditam
394 1504 594 1538 restaurare.

306 1556 370 1587 Ad
395 1555 490 1588 Cam.
519 1555 626 1588 XXII.
663 1554 746 1598 Verfi
773 1567 833 1602 74.

244 1622 430 1630 -----
457 1617 472 1636 e
498 1603 532 1638 la
559 1605 683 1650 Regola
709 1606 773 1639 mt'a

245 1652 380 1695 Rimasa
406 1654 422 1685 ἒ
444 1653 506 1698 git}
528 1663 585 1695 per
609 1657 714 1688 danna
739 1659 777 1688 de
803 1657 833 1690 le
851 1665 951 1691 carte.

195 1704 290 1737 Volo
318 1702 358 1737 ad
386 1701 570 1737 clariorem
591 1702 868 1752 intelligentiam
888 1706 952 1741 hu-

193 1753 247 1802 jus
283 1751 406 1788 literae
433 1751 556 1787 referre
592 1752 704 1791 illud,
745 1755 837 1800 quod
875 1767 952 1790 nar-

194 1804 293 1839 rabat
320 1802 409 1838 mihi
438 1802 551 1851 jocose
579 1803 789 1838 venerabilis
812 1805 952 1839 Praece-

195 1863 276 1900 ptor
313 1866 408 1888 meus
451 1853 640 1888 Boccacius
680 1854 721 1888 de
764 1853 952 1889 Certaldo.

195 1903 347 1938 Dicebat
386 1903 508 1942 enim,
550 1903 642 1950 quod
685 1904 767 1939 dum
807 1904 890 1940 effet
916 1904 953 1939 in

194 1953 350 2000 Apulia,
395 1964 514 1998 captus
553 1953 644 1988 fama
681 1954 774 1993 loci,
817 1953 953 1990 acceffit

195 2003 235 2038 ad
264 2005 382 2039 nobile
420 2003 668 2039 Monasterium
708 2005 846 2040 Montis
883 2006 953 2040 Ca-

195 2052 280 2096 sini,
317 2054 357 2088 de
387 2068 455 2100 quo
483 2054 617 2089 diffium
655 2054 718 2090 est.
756 2057 803 2090 Et
831 2055 952 2090 avidus

194 2103 337 2139 videndi
367 2103 587 2144 Libra-riam,
625 2117 729 2151 quam
772 2105 953 2140 audiverat

193 2154 246 2189 ibi
274 2154 337 2189 effe
365 2154 638 2194 nobiliffimam,
668 2154 798 2202 petivit
818 2157 860 2189 ab
883 2168 952 2190 uno

195 2203 375 2239 Monarho
405 2205 609 2245 humiliter,
648 2206 744 2240 velut
772 2204 854 2244 ille,
891 2205 951 2253 qui

195 2253 411 2290 suavissimus
449 2265 543 2295 erat,
589 2256 681 2297 quod
728 2255 868 2291 deberet
909 2269 952 2291 ex

194 2305 306 2353 gratia
335 2305 395 2340 sibi
425 2306 555 2353 aperire
592 2305 872 2341 Bibliothecam.
901 2308 952 2341 At

194 2356 257 2391 ille
296 2357 408 2405 rigide
444 2356 644 2404 respondit,
684 2355 862 2392 ostendens
891 2355 951 2392 fibi

550 243 616 283 CO
631 241 799 283 MMEN
805 241 849 283 T.
882 241 949 283 IN
975 237 1201 281 DANTIS
1228 235 1475 280 COMOED..

991 300 1026 333 A

980 1219 982 1235 2
994 1199 1027 1236 C

989 2104 1018 2136 E

1676 238 1757 276 802

1066 299 1172 333 altam
1196 296 1342 331 scalam:
1372 295 1516 338 Ascende
1535 294 1611 340 quia
1628 303 1737 336 aperta
1758 290 1818 332 eft.

1067 349 1131 383 Ille
1159 348 1268 383 laetus
1297 345 1478 380 ascendens
1498 371 1506 383 .
1535 343 1675 378 invenit
1701 343 1820 377 locum

1067 398 1158 433 tanti
1193 395 1345 432 thesauri
1381 394 1450 430 sine
1486 393 1572 428 ostio
1614 393 1670 428 vel
1697 390 1820 438 clavi;

1068 446 1298 497 ingressusque
1327 445 1418 480 vidit
1446 443 1586 479 herbam
1617 453 1733 477 natam
1763 452 1823 488 per

1067 498 1244 535 fenestras.
1272 497 1305 532 &
1334 496 1462 532 Libros
1489 507 1610 529 omnes
1638 505 1715 528 cum
1740 492 1824 526 ban-

1067 549 1116 584 cis
1143 546 1317 597 coopertis
1345 547 1486 594 pulvere
1513 545 1586 580 alto
1608 570 1617 579 .
1645 545 1691 578 Et
1718 541 1824 577 mira-

1067 599 1200 635 bundus
1228 597 1344 645 coepit
1364 596 1496 646 aperire
1515 596 1547 629 &
1571 594 1712 629 volvere
1732 603 1824 627 nunc

1066 650 1166 685 istum
1203 648 1376 687 Librum,
1423 659 1514 681 nunc
1554 644 1680 686 illum,
1724 642 1824 696 inye—

1067 700 1190 748 nitque
1217 698 1267 735 ibi
1298 698 1408 733 multa
1436 695 1474 732 &
1504 695 1600 731 varia
1629 694 1825 729 Volumina

1067 751 1292 799 antiquorum
1316 750 1363 787 ,δε
1406 747 1666 796 peregrinorum
1694 743 1826 780 Labro-

1067 815 1163 836 rum.
1209 803 1262 836 Ex
1308 811 1456 846 quorum
1510 796 1686 844 aliquibus
1727 801 1826 829 erant

1067 851 1214 887 detraffi
1256 849 1367 897 aliqui
1410 846 1628 894 Quinterni‚
1673 858 1716 880 ex
1745 843 1825 878 aliis

1067 901 1161 937 recisi
1209 901 1380 949 margines
1433 898 1628 934 chartarum
1652 920 1662 935 ,
1707 897 1740 930 &
1781 892 1826 929 sic

1069 952 1319 1000 multipliciter
1334 948 1518 985 deformari
1532 975 1540 983 .
1561 945 1734 983 Tamdem
1757 944 1826 979 mi-

1067 1002 1216 1040 seratus,
1253 1002 1387 1037 labores
1423 1000 1456 1034 Sc
1485 998 1592 1034 studia
1629 1006 1683 1032 tot
1710 996 1827 1040 incly-

1067 1063 1183 1088 torum
1220 1052 1443 1099 ingeniorum
1484 1048 1656 1084 deveniffe
1683 1046 1723 1081 ad
1753 1058 1827 1081 ma·-

1067 1116 1129 1138 nus
1167 1101 1475 1151 perditiffimorum
1514 1098 1721 1140 hominum,
1763 1096 1827 1131 do—

1067 1155 1139 1189 lens
1167 1154 1200 1188 &
1229 1153 1454 1191 illacrymans
1481 1148 1634 1185 receffit.
1677 1150 1722 1182 Et
1763 1159 1824 1182 oc-

1068 1217 1205 1239 currens
1232 1203 1269 1238 in
1306 1201 1494 1243 Claustro,
1536 1197 1668 1244 petivit
1695 1211 1712 1233 a
1740 1196 1827 1232 Mo-

1068 1254 1179 1289 nacho
1215 1253 1346 1296 obvio,
1384 1265 1488 1300 quare
1529 1249 1632 1286 Libri
1661 1247 1717 1284 illi
1748 1260 1825 1293 pre-

1069 1303 1239 1340 tiofiffimi
1282 1304 1388 1339 essent
1415 1303 1466 1338 ita
1507 1301 1656 1346 turpiter
1684 1300 1825 1334 detrun-

1069 1354 1163 1390 cati.
1210 1353 1305 1400 Qui>
1330 1352 1531 1402 respondit,
1577 1350 1669 1398 quod
1712 1346 1826 1396 aliqui

1069 1404 1241 1440 Monachi
1272 1405 1427 1439 volentes
1455 1402 1580 1438 lucrari
1619 1401 1725 1444 duos,
1767 1398 1826 1435 vel

1069 1455 1224 1502 quinque
1242 1454 1379 1490 Solidos
1392 1482 1400 1496 ‚
1417 1453 1581 1488 radebant
1597 1465 1703 1487 unum
1725 1453 1825 1497 Qua-

1069 1514 1229 1544 ternum,
1275 1503 1312 1541 &
1358 1503 1532 1540 faciebant
1580 1502 1825 1540 psalteriolos,

1068 1569 1155 1603 quos
1198 1555 1392 1590 vendebant
1434 1553 1570 1602 pueris;
1619 1555 1665 1588 Et
1706 1552 1757 1588 ita
1784 1553 1827 1587 de

1070 1605 1285 1653 marginibus
1321 1604 1495 1639 faciebant
1538 1603 1692 1647 Brevia,
1737 1613 1826 1650 quae

1068 1655 1265 1690 vendebant
1293 1654 1517 1690 mulieribus.
1549 1656 1652 1689 Nunc
1672 1666 1776 1700 ergo,
1804 1665 1827 1687 ο

1068 1705 1125 1741 vir
1159 1705 1326 1748 studiose,
1363 1704 1481 1750 frange
1523 1703 1591 1739 tibi
1633 1712 1735 1751 caput
1762 1714 1827 1750 pro

1067 1754 1227 1790 faciendo
1253 1755 1383 1790 Libros
1413 1754 1489 1801 (Ἴ.

1167 1806 1230 1838 Ad
1269 1808 1364 1839 Cant.
1394 1808 1499 1837 XXX.
1528 1802 1610 1846 Verfi
1642 1813 1723 1848 133.

1117 1855 1156 1887 In
1191 1854 1262 1899 quel
1293 1866 1376 1899 gran
1406 1853 1535 1899 seggio,
1574 1865 1595 1886 a
1630 1853 1680 1886 che
1715 1861 1751 1885 tu
1772 1851 1826 1898 gli

1168 1904 1248 1937 occhi
1274 1903 1352 1937 tieni
1369 1930 1380 1946 ‚

1070 1953 1205 1988 Auffior
1240 1952 1405 1988 describit
1450 1952 1486 1988 in
1531 1951 1671 2000 speciali
1719 1965 1823 1988 unam

1067 2003 1178 2039 sedem
1201 2016 1343 2038 vacuam
1367 2003 1578 2038 eminentem
1603 2003 1696 2038 inter
1715 2002 1822 2043 alias,

1037 2062 1039 2075 ¹
1065 2054 1102 2089 in
1131 2067 1198 2102 qua
1226 2053 1430 2101 expeEtatur
1457 2052 1572 2088 anima
1600 2053 1742 2089 illustris
1763 2066 1824 2089 cu-

1036 2082 1039 2139 l
1066 2104 1196 2153 jusdam
1220 2104 1398 2153 magnifici
1423 2103 1616 2151 Principis.
1646 2103 1703 2139 Ad
1726 2104 1824 2151 cujus

1065 2155 1342 2203 intelligentiam
1363 2154 1407 2189 est
1430 2153 1708 2195 praesciendum,
1730 2153 1823 2201 quod

1065 2205 1151 2249 iste,
1187 2206 1229 2240 de
1256 2218 1326 2252 quo
1356 2204 1491 2240 Αυξὶοι·
1529 2204 1687 2252 loquitur
1724 2203 1826 2249 heic,

1065 2255 1133 2291 fuit
1170 2255 1344 2291 Henricus
1392 2258 1455 2290 VI.
1503 2257 1721 2295 Imperator,
1765 2254 1826 2302 qui

1065 2306 1260 2348 imperabat
1286 2316 1442 2354 tempore
1471 2305 1658 2340 AuE‘toris.
1686 2304 1760 2351 Qui
1785 2305 1827 2341 de

1036 2355 1228 2392 lconsensu
1268 2355 1464 2393 Clementis
1503 2358 1547 2392 V.
1585 2355 1626 2392 de
1654 2355 1828 2392 vasconia

1159 2416 1161 2419 '
1639 2406 1776 2440 descen—

193 2455 254 2495 (Ἴ
276 2456 384 2487 Nemo
405 2457 464 2487 erit
487 2457 537 2496 qui
561 2457 635 2487 haec
657 2464 724 2487 tam
747 2456 853 2487 acerba
876 2457 904 2487 in
930 2456 1156 2488 Ecclesiastico<
1186 2456 1324 2488 Pastores
1347 2456 1379 2488 δ(
1401 2455 1594 2488 Caffinenses
1626 2455 1825 2495 Monachoz,

275 2499 515 2534 praeteritorum
539 2496 726 2527 saeculorum
750 2496 894 2528 licentiae
919 2506 1009 2537 atque
1032 2498 1175 2536 ignaviae
1198 2497 1358 2528 tribuenda
1381 2507 1441 2527 nnn
1465 2496 1645 2534 cognoscat,
1667 2496 1746 2526 unde
1769 2507 1823 2527 no-

274 2536 320 2567 bls
341 2539 400 2569 erit
423 2538 639 2577 gratulationis
670 2546 882 2575 argumentum
913 2538 929 2568 a
959 2536 1121 2568 restaurata
1151 2537 1340 2576 temporibus
1369 2536 1475 2568 nostris
1505 2534 1712 2567 Ecclesiastica
1735 2534 1822 2567 disci-

273 2577 376 2617 plina,
406 2577 610 2619 restitutisque
646 2577 728 2609 inter
756 2576 949 2610 cassinenses
980 2577 1170 2618 potiffimum
1204 2576 1322 2611 summa
1351 2588 1420 2610 curn
1451 2576 1606 2618 elegantia
1640 2576 1742 2609 studiis
1771 2576 1822 2607 do-

276 2616 445 2652 &rinarum
453 2642 462 2652 .
