2216 3105
441 226 523 268 599

748 206 1188 252 BENVENUTI
1228 206 1642 251 IMOLENSIS

1859 216 1945 256 600

376 275 521 321 'propter
547 267 683 304 foedam
712 269 908 305 luxuriam.
950 271 996 304 Et
1032 267 1137 303 meri-
1176 267 1210 302 A
1227 268 1230 287 ³
1249 279 1335 314 quos
1363 267 1466 316 digne
1490 279 1594 304 vocat
1622 269 1744 317 lupos,
1771 269 1814 304 ab
1840 269 2005 307 insatiata

378 325 438 357 to.
454 319 539 356 Ubi
565 330 671 364 nota,
707 321 800 368 quod
829 319 882 355 isti
910 319 1071 355 Comites
1097 331 1137 353 o-

378 372 446 408 lim
473 370 669 407 habuerunt
694 370 894 406 dominium
921 370 959 405 in
995 368 1136 405 Civita-

378 431 417 459 te
443 424 649 458 Ravennae.
688 421 751 457 Sed
787 420 928 457 fuerunt
963 419 1033 456 fere
1058 432 1136 455 om-

378 485 440 510 nes
467 471 636 509 trucidati
673 471 710 508 in
747 471 861 507 furore
903 470 1030 520 Populi
1058 484 1138 519 pro-

379 534 459 573 pter
499 524 721 560 effraenatam
762 521 950 558 libidinem
991 534 1137 557 eorum.

380 573 498 620 Quia,
537 584 576 609 ut
602 573 691 608 dicit
730 572 981 620 Philosophus,
1016 583 1140 616 propter

380 625 522 671 injurias
548 637 695 662 uxorum,
722 623 840 657 multae
859 623 1060 667 Zyranm'des
1085 633 1140 666 pe-

380 676 521 710 rierunt.
551 673 686 709 Deinde
711 687 756 708 ex
784 686 854 708 uno
881 672 997 721 stipite
1016 672 1140 707 restau-

380 725 451 761 rati
478 723 515 759 in
536 723 753 759 numerosam
775 723 930 770 prolem,
957 721 1041 756 faffi
1063 721 1141 757 sunt

380 773 615 824 potentissimi
644 772 731 808 citra
759 773 989 821 Apenninum
1010 772 1047 807 in
1071 775 1141 807 Ro-

380 824 583 864 mandiola,
623 825 656 859 &
695 824 787 859 ultra
826 821 1056 872 Apenninum
1104 822 1140 858 in

380 875 533 912 Tuscia.
570 874 633 910 Sed
661 874 766 909 hodie
794 887 856 922 pro
893 886 1018 922 magna
1046 882 1141 922 parte

382 926 584 962 defecerunt
621 924 706 961 viris
743 923 781 960 &
809 924 944 961 viribus
985 937 1044 973 per
1080 937 1142 973 po-

383 976 534 1013 tentiam
563 974 874 1012 FlorentinOrum.

637 1030 700 1062 Ad
727 1027 810 1071 Vers.
836 1027 899 1073 46.

435 1079 543 1114 Botoli
570 1090 683 1117 trova5
708 1077 762 1122 poi
786 1080 928 1112 venendo
951 1076 1040 1123 giuso
1056 1103 1066 1121 ‚

383 1129 479 1166 Heic
521 1128 683 1164 nominat
721 1128 886 1163 secundos
929 1127 1142 1162 habitatores

383 1179 500 1218 Arni,
528 1178 664 1215 scilicet
688 1177 878 1217 Aretinos,
907 1191 993 1225 quos
1015 1176 1143 1212 affimi-

383 1232 438 1267 lat
465 1229 607 1265 canibus
635 1229 730 1268 illis,
767 1229 829 1276 qui
868 1228 904 1263 in
948 1228 1005 1264 sua
1033 1227 1144 1275 specie

384 1280 466 1316 :lunt
494 1280 592 1329 parvi
620 1279 850 1322 naturaliter,
887 1278 943 1313 sed
979 1277 1117 1314 clamosi
1136 1304 1144 1313 .

384 1331 489 1367 Dicit
517 1344 619 1380 ergo:
651 1333 696 1366 Et
723 1329 787 1365 illa
815 1329 931 1364 Vallis
955 1329 1009 1374 poi
1027 1343 1145 1363 venen-

384 1387 425 1418 a'o
448 1382 561 1429 giuso,
602 1380 738 1417 scilicet
765 1379 931 1416 Aretium
949 1404 959 1420 ‚
987 1378 1145 1415 vetustis-

386 1432 506 1468 simam
559 1432 783 1471 Civitatem,
820 1431 996 1478 quondam
1038 1443 1145 1465 unum

387 1493 492 1533 caput
520 1483 697 1530 Tusciaeg
726 1492 818 1516 tro-ua
847 1481 976 1516 Botoli.
1013 1483 1058 1515 Et
1087 1493 1146 1515 ve—

386 1537 423 1570 re
464 1534 608 1570 Armini
651 1533 787 1582 possunt
836 1531 1004 1579 appellari
1048 1544 1147 1566 canes

385 1585 461 1620 alio
498 1584 675 1629 respee‘iu,
718 1581 852 1616 scilicet
895 1590 1035 1629 propter
1075 1582 1146 1615 elo-

385 1635 568 1684 quentiam
597 1636 629 1669 8(
659 1631 882 1681 sagacitatem
903 1659 912 1674 ‚
940 1630 1023 1666 ficut
1051 1632 1147 1666 Mer-

387 1686 504 1721 curius
534 1684 741 1733 pingebatur
767 1681 857 1717 olim
884 1681 922 1717 in
951 1681 1063 1730 specie
1092 1694 1146 1716 ca-

386 1736 443 1773 nis
461 1762 470 1771 .
500 1738 545 1770 Et
573 1735 687 1769 dicit:

439 1784 609 1832 Rt'nght‘ofi
632 1784 692 1828 pi&
717 1802 988 1813 -------

386 1836 471 1873 idest
488 1863 497 1879 ‚
524 1835 695 1871 rixatores
712 1847 720 1869 :

439 1908 455 1914 —
482 1907 498 1913 -
525 1907 541 1912 -
567 1906 584 1912 -
610 1886 661 1920 che
687 1898 746 1918 non
773 1883 876 1918 chiede
902 1884 949 1917 lor
972 1881 1056 1929 poffa
1073 1909 1083 1925 ‚

387 1936 472 1986 quia
501 1935 723 1985 praesumunt
750 1933 848 1982 supra
885 1934 976 1969 vires
1004 1945 1144 1968 eorum:

388 1990 490 2036 juxta
515 1987 605 2023 illud
634 1988 800 2021 Senecae:
840 1983 984 2019 Canibus
1012 1983 1147 2018 imbecil-

387 2039 521 2073 lioribus
559 2050 623 2072 mos
659 2036 719 2079 est,
757 2046 791 2071 ut
832 2045 934 2079 emper
968 2031 1148 2073 durioribus

388 2087 564 2124 latratibus
592 2087 818 2131 inhorrescant.
847 2087 893 2120 Et
920 2085 1034 2120 dicit:

441 2142 489 2175 Et
515 2153 535 2174 a
561 2139 608 2172 lor
634 2137 819 2184 disdegnosa
846 2135 962 2170 torce'l
989 2135 1097 2180 muso.

388 2191 480 2226 Vult
507 2189 643 2229 dicere,
671 2186 764 2235 quod
794 2189 910 2222 Arnus
939 2186 1038 2234 juxta
1058 2187 1148 2220 Are-

387 2240 481 2276 tium
510 2238 667 2275 defleffit
695 2238 734 2273 ad
762 2238 967 2276 Orientem,
994 2237 1028 2271 &
1054 2248 1146 2271 rece-

388 2289 446 2326 dit
473 2290 515 2325 ab
542 2289 670 2325 Aretio
706 2287 797 2325 forte
834 2300 894 2336 per
920 2287 988 2322 tria
1015 2284 1148 2321 millia-

389 2339 467 2383 ria,
494 2340 545 2375 ita
572 2339 666 2387 quod
693 2338 833 2374 videtur
854 2337 893 2372 ad
922 2336 1063 2371 modurn
1093 2336 1148 2372 in-

390 2389 573 2437 dignantis
601 2389 735 2425 dicere:
767 2388 836 2422 nolo
861 2389 904 2421 ad
930 2396 960 2420 te
985 2386 1112 2421 venire.

446 2440 529 2485 Vaffi
555 2441 709 2486 caggendo
736 2460 751 2465 -
779 2459 794 2464 —
821 2459 835 2463 ..

391 2489 489 2529 Heic
515 2489 635 2524 Guido
663 2488 823 2523 nominat
853 2486 974 2522 tertios
1012 2485 1148 2522 habita·
1176 2492 1181 2532 5

390 2548 490 2580 ,tores
508 2538 626 2584 Arni,
648 2538 783 2575 scilicet
805 2536 1027 2574 Florentinos
1051 2537 1149 2581 fuori,
1172 2535 1181 2579 l

1190 1633 1221 1665 D

1191 2080 1218 2112 E

1219 2570 1231 2579 Μ
1260 2536 1405 2571 subtilia
1450 2539 1736 2572 florentinorum
1760 2562 1769 2571 .

1228 330 1231 341 ¹
1250 318 1442 367 cupiditate
1462 319 1650 354 avaritiae.
1683 318 1783 355 Dicit
1802 333 1905 369 ergo,
1934 335 2008 357 ma-

1229 368 1303 417 Agi‘s
1330 382 1519 418 aggravans
1548 369 1700 405 saecum:

1277 418 1280 422 ’
1302 423 1353 454 La
1380 421 1554 455 maladetta
1579 435 1596 454 e
1618 421 1809 465 Jventnrata
1834 421 1934 467 [offa.-

1251 469 1406 510 scilicet,
1435 470 1550 506 Vallis
1578 471 1690 506 Arni:
1723 473 1806 518 Vaffi
1833 475 2008 520 caggendo.

1251 520 1355 564 idest,
1383 521 1540 556 deorsum
1569 522 1724 557 labitur:

1302 592 1318 598 -
1345 593 1361 597 -
1385 593 1403 597 -
1431 586 1446 605 e
1472 582 1587 617 quanto
1613 573 1676 606 ella
1700 573 1760 618 pi&
1787 572 1920 620 ingroffa

1253 635 1294 657 ex
1323 621 1449 657 rivulis
1474 623 1509 655 ἃ
1537 621 1617 656 aliis
1646 621 1875 659 fluminibus:

1304 675 1408 706 Tanto
1431 672 1491 717 pit)
1516 681 1609 704 trava
1634 672 1669 705 di
1695 676 1765 705 Can
1795 674 1877 716 farsi
1902 677 2005 722 Lupi.

1254 720 1369 756 Canes
1405 720 1501 755 enim
1529 721 1609 755 sunt
1635 722 1841 757 naturaliter
1867 724 2009 760 inimici

1254 773 1436 819 Luporum
1449 797 1457 805 .
1476 772 1524 805 Et
1546 769 1597 805 ita
1617 771 1759 806 Aretini
1784 773 2008 810 Florentino-

1254 834 1355 870 rum3
1380 822 1414 855 8<
1442 820 1536 870 saepe
1557 821 1821 858 momorderunt
1839 836 1897 858 eos
1915 851 1923 859 .
1946 824 2010 860 Sed

1254 873 1350 920 Lupi
1371 870 1532 907 fortiores
1545 871 1799 919 prostraverunt
1810 875 1923 910 Canes
1935 901 1943 910 .
1965 877 2011 911 Et

1254 922 1333 957 heic
1354 932 1457 961 nota,
1483 921 1634 967 Le&or‚
1662 924 1754 970 quod
1776 924 1863 959 illud
1878 952 1887 968 ‚
1916 925 2010 973 quod

1257 975 1363 1008 Poeta
1381 973 1490 1009 noster
1505 972 1582 1008 heic
1594 972 1684 1008 dicit
1701 974 1742 1008 de
1754 973 2010 1012 habitatoribus

1255 1023 1348 1067 istis,
1377 1033 1513 1072 poterat
1531 1024 1667 1067 dicere,
1695 1023 1807 1059 immo
1834 1025 1923 1061 dicit
1951 1040 2012 1075 pro

1256 1088 1380 1123 magna
1407 1084 1502 1122 parte
1520 1074 1562 1109 de
1582 1074 1840 1111 habitatoribus
1865 1077 2011 1121 Italiae,

1255 1126 1367 1160 immo
1396 1124 1539 1161 mundi.
1576 1125 1684 1160 Unde
1720 1125 1824 1161 semel
1862 1126 2011 1163 interroa

1255 1186 1375 1224 gatus,
1410 1189 1514 1224 quare
1544 1178 1674 1211 nantes
1712 1176 1870 1225 posuerat
1898 1179 2011 1225 plures

1255 1225 1494 1266 Christianos,
1522 1239 1625 1274 quam
1655 1230 1809 1276 Paganos
1837 1227 1874 1263 in
1904 1228 2011 1264 Infer-

1255 1290 1327 1316 no,
1356 1277 1507 1313 breviter
1533 1277 1738 1325 respondit,
1776 1279 1858 1326 quia
1886 1278 2010 1314 melius

1255 1326 1473 1364 Christianos
1501 1338 1629 1377 norat;
1668 1329 1702 1363 δε
1739 1330 1852 1377 plures
1891 1328 2009 1377 posue-

1255 1388 1308 1413 rat
1338 1379 1504 1422 Italicos,
1542 1379 1625 1426 quia
1662 1378 1741 1414 sunt
1777 1378 1887 1427 magis
1913 1379 2013 1426 digni

1255 1428 1346 1463 fama
1367 1430 1400 1464 8<
1431 1428 1629 1477 praviore53
1658 1429 1692 1463 &
1721 1429 1771 1464 ita
1800 1430 1911 1477 plures
1938 1432 2013 1464 Tu·

1259 1478 1357 1526 sc033
1386 1479 1420 1513 ἃ
1449 1478 1499 1513 ita
1527 1479 1641 1526 plures
1667 1478 1777 1514 Cives
1805 1479 1903 1518 suos,
1932 1479 2014 1527 quia

1257 1529 1382 1563 melius
1411 1538 1556 1563 noverat
1582 1541 1640 1564 eos
1656 1554 1665 1564 .

1306 1578 1433 1624 Discesa
1459 1579 1512 1624 poi
1537 1600 1552 1605 -
1580 1600 1596 1605 -
1622 1600 1637 1605 -
1665 1600 1681 1605 -

1256 1628 1347 1664 Heic
1387 1631 1492 1664 Poeta
1528 1628 1693 1664 describit
1728 1639 1888 1675 quartam
1929 1643 2011 1678 genr-

1257 1689 1327 1714 tem
1346 1704 1356 1718 ,
1394 1691 1482 1725 quae
1509 1679 1639 1713 ultimo
1667 1677 1845 1714 inhabitat
1873 1682 2013 1716 Vallem

1258 1729 1348 1763 Arni
1366 1755 1374 1768 ,
1403 1728 1538 1764 scilicet
1567 1727 1731 1767 Pisanos,
1768 1742 1855 1776 quos
1884 1729 2014 1766 affimi-

1257 1780 1308 1814 lat
1350 1778 1525 1824 Vulpibus
1550 1805 1558 1813 .
1608 1778 1708 1814 Sicut
1747 1779 1842 1815 enim
1882 1782 2013 1824 Vulpes

1257 1828 1465 1866 naturaliter
1503 1828 1723 1865 fraudulenta
1750 1830 1833 1865 dolo
1872 1830 1931 1865 suo
1960 1832 2014 1867 lu-

1176 1878 1179 1918 }
1229 1877 1232 1902 ¹
1257 1879 1398 1915 dificata
1425 1879 1470 1915 est
1506 1878 1602 1927 saepe
1629 1881 1769 1926 Lupum
1789 1907 1799 1924 ,
1836 1879 1888 1916 ita
1919 1881 2014 1917 Pisa-

1257 1943 1319 1965 nus
1362 1930 1605 1966 Florentinum
1627 1957 1636 1965 .
1679 1930 1777 1965 Sicut
1818 1931 1887 1978 jam
1931 1931 2014 1967 scri-

1258 1990 1355 2028 pturn
1392 1979 1437 2015 est
1473 1982 1577 2016 Cant.
1616 1982 1693 2015 XV.
1725 1980 1875 2017 Inferni.
1913 1982 2015 2018 Dicit

1257 2043 1358 2079 ergo:
1389 2032 1437 2066 Et
1456 2030 1519 2066 illa
1542 2031 1678 2073 Vallis,
1706 2030 1774 2066 five
1796 2031 1878 2067 fossa
1900 2033 2014 2068 Arni.

1308 2080 1434 2125 Discesa
1459 2082 1512 2128 poi
1534 2092 1590 2128 per
1613 2082 1671 2125 pia
1694 2082 1825 2128 pelagbi
1851 2083 1945 2129 cupi,

1258 2132 1340 2179 quia
1361 2132 1492 2167 multos
1512 2132 1667 2180 gurgites
1694 2131 1781 2168 facit
1806 2132 2014 2180 profundos.

1260 2184 1315 2217 vel
1353 2182 1535 2218 moraliter
1575 2182 1752 2230 loquendo
1795 2196 1854 2230 per
1895 2185 2015 2232 pelaga

1260 2245 1345 2281 cupa
1385 2232 1587 2282 intelligere
1629 2243 1727 2281 potes
1768 2246 1889 2270 avaros
1935 2248 2014 2284 pro-

1259 2282 1407 2332 fundos;

1309 2337 1418 2369 Tro-va
1444 2335 1473 2369 le
1496 2335 1589 2382 volpi
1614 2336 1641 2369 s)
1664 2334 1756 2381 piene
1780 2335 1817 2370 di
1838 2335 1951 2379 froda,

1310 2385 1375 2419 Che
1392 2390 1395 2391 ⁷
1411 2399 1471 2420 non
1507 2396 1624 2420 temono
1660 2386 1814 2433 ingegno,
1851 2387 1902 2420 che
1927 2385 1951 2419 λ’
1967 2397 2014 2419 oc-

1360 2447 1429 2482 cupt
1449 2462 1459 2471 .

1261 2484 1355 2531 Quia
1392 2486 1527 2522 scilicet
1553 2486 1650 2531 saepe
1677 2486 1839 2521 vicerunt
1873 2484 2016 2533 ingenia

1814 2536 1877 2570 Sed
1926 2545 2019 2572 certe

1856 2585 1970 2620 omnic⁷
