<?xml version="1.0" encoding="UTF-8"?>
<!DOCTYPE html PUBLIC "-//W3C//DTD XHTML 1.0 Transitional//EN"
    "http://www.w3.org/TR/xhtml1/DTD/xhtml1-transitional.dtd">
<html xmlns="http://www.w3.org/1999/xhtml" xml:lang="en" lang="en">
 <head>
  <title>
</title>
<meta http-equiv="Content-Type" content="text/html;charset=utf-8" />
  <meta name='ocr-system' content='tesseract 3.04.00' />
  <meta name='ocr-capabilities' content='ocr_page ocr_carea ocr_par ocr_line ocrx_word'/>
</head>
<body>
  <div class='ocr_page' id='page_1' title='image "antiquitatesital03mura_0244.png"; bbox 0 0 2216 3105; ppageno 0'>
   <div class='ocr_carea' id='block_1_1' title="bbox 376 266 1139 1478">
    <p class='ocr_par' dir='ltr' id='par_1_1' title="bbox 376 266 1139 1368">
     <span class='ocr_line' id='line_1_1' title="bbox 428 266 1135 316; baseline 0.007 -17"><span class='ocrx_word' id='word_1_1' title='bbox 428 270 454 300; x_wconf 81' lang='lat' dir='ltr'><em>S</em></span> <span class='ocrx_word' id='word_1_2' title='bbox 455 281 470 300; x_wconf 86' lang='lat' dir='ltr'><strong>e</strong></span> <span class='ocrx_word' id='word_1_3' title='bbox 489 277 600 314; x_wconf 80' lang='lat' dir='ltr'><strong>troppa</strong></span> <span class='ocrx_word' id='word_1_4' title='bbox 611 266 827 315; x_wconf 61' lang='lat' dir='ltr'><strong>somIglianza</strong></span> <span class='ocrx_word' id='word_1_5' title='bbox 846 279 905 303; x_wconf 83' lang='lat' dir='ltr'><strong>mm</strong></span> <span class='ocrx_word' id='word_1_6' title='bbox 922 269 960 304; x_wconf 84' lang='lat' dir='ltr'><strong>m&#39;</strong></span> <span class='ocrx_word' id='word_1_7' title='bbox 973 270 1115 316; x_wconf 78' lang='lat' dir='ltr'><strong>inganna</strong></span> <span class='ocrx_word' id='word_1_8' title='bbox 1127 296 1135 306; x_wconf 87' lang='lat'><strong>.</strong></span> 
     </span>
     <span class='ocr_line' id='line_1_2' title="bbox 379 317 1136 366; baseline 0.005 -15"><span class='ocrx_word' id='word_1_9' title='bbox 379 318 460 352; x_wconf 87' lang='lat' dir='ltr'><strong>Hoc</strong></span> <span class='ocrx_word' id='word_1_10' title='bbox 497 317 616 358; x_wconf 85' lang='lat' dir='ltr'><strong>dicit,</strong></span> <span class='ocrx_word' id='word_1_11' title='bbox 662 318 744 366; x_wconf 83' lang='lat' dir='ltr'><strong>quia</strong></span> <span class='ocrx_word' id='word_1_12' title='bbox 789 318 901 355; x_wconf 86' lang='lat' dir='ltr'><strong>nimia</strong></span> <span class='ocrx_word' id='word_1_13' title='bbox 943 320 1136 356; x_wconf 72' lang='lat' dir='ltr'>similitudo</span> 
     </span>
     <span class='ocr_line' id='line_1_3' title="bbox 376 366 1136 417; baseline 0.005 -15"><span class='ocrx_word' id='word_1_14' title='bbox 376 366 475 416; x_wconf 82' lang='lat' dir='ltr'>saepe</span> <span class='ocrx_word' id='word_1_15' title='bbox 517 368 650 417; x_wconf 87' lang='lat' dir='ltr'>decipit</span> <span class='ocrx_word' id='word_1_16' title='bbox 692 369 892 406; x_wconf 85' lang='lat' dir='ltr'><strong>hominem.</strong></span> <span class='ocrx_word' id='word_1_17' title='bbox 934 370 1039 416; x_wconf 74' lang='lat' dir='ltr'><strong>Quasi</strong></span> <span class='ocrx_word' id='word_1_18' title='bbox 1082 370 1136 406; x_wconf 87' lang='lat' dir='ltr'><strong>di—</strong></span> 
     </span>
     <span class='ocr_line' id='line_1_4' title="bbox 378 418 1136 461; baseline 0.004 -7"><span class='ocrx_word' id='word_1_19' title='bbox 378 429 455 454; x_wconf 84' lang='lat' dir='ltr'><strong>cat:</strong></span> <span class='ocrx_word' id='word_1_20' title='bbox 487 421 519 454; x_wconf 88' lang='lat' dir='ltr'><strong>Si</strong></span> <span class='ocrx_word' id='word_1_21' title='bbox 552 432 620 454; x_wconf 90' lang='lat' dir='ltr'><strong>non</strong></span> <span class='ocrx_word' id='word_1_22' title='bbox 650 418 773 461; x_wconf 86' lang='lat' dir='ltr'><strong>fallor,</strong></span> <span class='ocrx_word' id='word_1_23' title='bbox 801 420 942 457; x_wconf 80' lang='lat' dir='ltr'><strong>videtur</strong></span> <span class='ocrx_word' id='word_1_24' title='bbox 963 420 1073 461; x_wconf 86' lang='lat' dir='ltr'><strong>mihi,</strong></span> <span class='ocrx_word' id='word_1_25' title='bbox 1100 430 1136 456; x_wconf 79' lang='lat' dir='ltr'><strong>te</strong></span> 
     </span>
     <span class='ocr_line' id='line_1_5' title="bbox 378 469 1134 520; baseline 0.005 -17"><span class='ocrx_word' id='word_1_26' title='bbox 378 469 502 505; x_wconf 61' lang='lat' dir='ltr'><strong>vidisse</strong></span> <span class='ocrx_word' id='word_1_27' title='bbox 537 470 575 505; x_wconf 90' lang='lat' dir='ltr'><strong>in</strong></span> <span class='ocrx_word' id='word_1_28' title='bbox 613 471 688 505; x_wconf 85' lang='lat' dir='ltr'><strong>vita</strong></span> <span class='ocrx_word' id='word_1_29' title='bbox 717 484 791 506; x_wconf 81' lang='lat' dir='ltr'><strong>mea</strong></span> <span class='ocrx_word' id='word_1_30' title='bbox 819 472 855 506; x_wconf 91' lang='lat' dir='ltr'><strong>in</strong></span> <span class='ocrx_word' id='word_1_31' title='bbox 895 471 1005 520; x_wconf 87' lang='lat' dir='ltr'><strong>patria</strong></span> <span class='ocrx_word' id='word_1_32' title='bbox 1033 485 1108 507; x_wconf 90' lang='lat' dir='ltr'><strong>mea</strong></span> <span class='ocrx_word' id='word_1_33' title='bbox 1126 498 1134 507; x_wconf 93' lang='lat'><strong><em>.</em></strong></span> 
     </span>
     <span class='ocr_line' id='line_1_6' title="bbox 377 520 1136 562; baseline 0.004 -8"><span class='ocrx_word' id='word_1_34' title='bbox 377 521 425 554; x_wconf 77' lang='lat' dir='ltr'><strong>Et</strong></span> <span class='ocrx_word' id='word_1_35' title='bbox 467 533 586 556; x_wconf 79' lang='lat' dir='ltr'><strong>verum</strong></span> <span class='ocrx_word' id='word_1_36' title='bbox 632 520 741 562; x_wconf 83' lang='lat' dir='ltr'><strong>dicit,</strong></span> <span class='ocrx_word' id='word_1_37' title='bbox 788 520 826 557; x_wconf 62' lang='grc' dir='ltr'>δί</span> <span class='ocrx_word' id='word_1_38' title='bbox 867 535 937 557; x_wconf 88' lang='lat' dir='ltr'><strong>non</strong></span> <span class='ocrx_word' id='word_1_39' title='bbox 975 522 1136 557; x_wconf 81' lang='lat' dir='ltr'><strong>fallitur.</strong></span> 
     </span>
     <span class='ocr_line' id='line_1_7' title="bbox 377 569 1137 619; baseline 0.003 -14"><span class='ocrx_word' id='word_1_40' title='bbox 377 569 486 605; x_wconf 83' lang='lat' dir='ltr'><strong>Unde</strong></span> <span class='ocrx_word' id='word_1_41' title='bbox 514 573 615 606; x_wconf 84' lang='lat' dir='ltr'><strong>debes</strong></span> <span class='ocrx_word' id='word_1_42' title='bbox 637 571 781 606; x_wconf 81' lang='lat' dir='ltr'><strong>ulterius</strong></span> <span class='ocrx_word' id='word_1_43' title='bbox 810 571 915 615; x_wconf 78' lang='lat' dir='ltr'><strong>l&#39;cire,</strong></span> <span class='ocrx_word' id='word_1_44' title='bbox 943 573 1036 619; x_wconf 83' lang='lat' dir='ltr'><strong>quod</strong></span> <span class='ocrx_word' id='word_1_45' title='bbox 1057 574 1137 607; x_wconf 88' lang='lat' dir='ltr'><strong>Me-</strong></span> 
     </span>
     <span class='ocr_line' id='line_1_8' title="bbox 379 621 1137 670; baseline 0.001 -14"><span class='ocrx_word' id='word_1_46' title='bbox 379 621 496 656; x_wconf 87' lang='lat' dir='ltr'><strong>dicina</strong></span> <span class='ocrx_word' id='word_1_47' title='bbox 534 621 578 656; x_wconf 87' lang='lat' dir='ltr'><strong>est</strong></span> <span class='ocrx_word' id='word_1_48' title='bbox 615 622 712 656; x_wconf 89' lang='lat' dir='ltr'><strong>Villa</strong></span> <span class='ocrx_word' id='word_1_49' title='bbox 751 622 881 668; x_wconf 78' lang='lat' dir='ltr'><strong>groffa,</strong></span> <span class='ocrx_word' id='word_1_50' title='bbox 922 623 954 656; x_wconf 69' lang='grc' dir='ltr'><strong>ὃς</strong></span> <span class='ocrx_word' id='word_1_51' title='bbox 997 622 1137 670; x_wconf 83' lang='lat' dir='ltr'><strong>pinguis</strong></span> 
     </span>
     <span class='ocr_line' id='line_1_9' title="bbox 377 670 1138 710; baseline 0.001 -4"><span class='ocrx_word' id='word_1_52' title='bbox 377 671 473 706; x_wconf 85' lang='lat' dir='ltr'><strong>inter</strong></span> <span class='ocrx_word' id='word_1_53' title='bbox 502 672 696 706; x_wconf 82' lang='lat' dir='ltr'>Bononiam</span> <span class='ocrx_word' id='word_1_54' title='bbox 713 696 724 710; x_wconf 95' lang='lat'><strong>,</strong></span> <span class='ocrx_word' id='word_1_55' title='bbox 751 670 789 707; x_wconf 85' lang='lat'>&amp;</span> <span class='ocrx_word' id='word_1_56' title='bbox 819 673 968 707; x_wconf 84' lang='lat' dir='ltr'><strong>lmolam</strong></span> <span class='ocrx_word' id='word_1_57' title='bbox 985 698 993 706; x_wconf 84' lang='lat'><strong>.</strong></span> <span class='ocrx_word' id='word_1_58' title='bbox 1021 675 1067 707; x_wconf 87' lang='lat' dir='ltr'><strong>Et</strong></span> <span class='ocrx_word' id='word_1_59' title='bbox 1094 672 1138 707; x_wconf 85' lang='lat' dir='ltr'><strong>est</strong></span> 
     </span>
     <span class='ocr_line' id='line_1_10' title="bbox 378 720 1137 770; baseline 0 -13"><span class='ocrx_word' id='word_1_60' title='bbox 378 722 599 757; x_wconf 74' lang='lat' dir='ltr'>territorium</span> <span class='ocrx_word' id='word_1_61' title='bbox 629 734 688 770; x_wconf 87' lang='lat' dir='ltr'><strong>per</strong></span> <span class='ocrx_word' id='word_1_62' title='bbox 709 721 761 760; x_wconf 89' lang='lat' dir='ltr'><strong>se,</strong></span> <span class='ocrx_word' id='word_1_63' title='bbox 791 720 829 757; x_wconf 72' lang='grc' dir='ltr'><strong>δε</strong></span> <span class='ocrx_word' id='word_1_64' title='bbox 865 722 1012 757; x_wconf 84' lang='lat' dir='ltr'><strong>habebat</strong></span> <span class='ocrx_word' id='word_1_65' title='bbox 1048 721 1137 758; x_wconf 90' lang='lat' dir='ltr'><strong>olim</strong></span> 
     </span>
     <span class='ocr_line' id='line_1_11' title="bbox 378 771 1138 821; baseline 0.003 -15"><span class='ocrx_word' id='word_1_66' title='bbox 378 774 510 807; x_wconf 83' lang='lat' dir='ltr'><strong>Arcem</strong></span> <span class='ocrx_word' id='word_1_67' title='bbox 548 772 698 807; x_wconf 79' lang='lat' dir='ltr'><strong>fortem.</strong></span> <span class='ocrx_word' id='word_1_68' title='bbox 741 774 787 807; x_wconf 89' lang='lat' dir='ltr'><strong>Et</strong></span> <span class='ocrx_word' id='word_1_69' title='bbox 828 771 878 808; x_wconf 88' lang='lat' dir='ltr'><strong>ibi</strong></span> <span class='ocrx_word' id='word_1_70' title='bbox 907 782 1138 821; x_wconf 81' lang='lat' dir='ltr'><strong>regnaverunt</strong></span> 
     </span>
     <span class='ocr_line' id='line_1_12' title="bbox 379 823 1136 872; baseline 0.003 -15"><span class='ocrx_word' id='word_1_71' title='bbox 379 823 468 857; x_wconf 89' lang='lat' dir='ltr'><strong>olim</strong></span> <span class='ocrx_word' id='word_1_72' title='bbox 497 823 639 870; x_wconf 82' lang='lat' dir='ltr'><strong>quidam</strong></span> <span class='ocrx_word' id='word_1_73' title='bbox 671 823 846 867; x_wconf 85' lang='lat' dir='ltr'>Nobiles,</span> <span class='ocrx_word' id='word_1_74' title='bbox 883 824 916 858; x_wconf 88' lang='lat'>&amp;</span> <span class='ocrx_word' id='word_1_75' title='bbox 957 832 1136 872; x_wconf 84' lang='lat' dir='ltr'><strong>potentes,</strong></span> 
     </span>
     <span class='ocr_line' id='line_1_13' title="bbox 376 871 1139 922; baseline 0.001 -14"><span class='ocrx_word' id='word_1_76' title='bbox 376 872 439 920; x_wconf 88' lang='lat' dir='ltr'><strong>qui</strong></span> <span class='ocrx_word' id='word_1_77' title='bbox 468 873 585 908; x_wconf 68' lang='lat' dir='ltr'><strong>vocati</strong></span> <span class='ocrx_word' id='word_1_78' title='bbox 615 872 691 908; x_wconf 87' lang='lat' dir='ltr'><strong>sunt</strong></span> <span class='ocrx_word' id='word_1_79' title='bbox 712 871 902 922; x_wconf 75' lang='lat' dir='ltr'><strong>Capitanei</strong></span> <span class='ocrx_word' id='word_1_80' title='bbox 923 873 964 909; x_wconf 88' lang='lat' dir='ltr'><strong>de</strong></span> <span class='ocrx_word' id='word_1_81' title='bbox 985 873 1139 909; x_wconf 77' lang='lat' dir='ltr'><strong>Medici-</strong></span> 
     </span>
     <span class='ocr_line' id='line_1_14' title="bbox 378 923 1137 971; baseline 0.001 -12"><span class='ocrx_word' id='word_1_82' title='bbox 378 937 444 959; x_wconf 86' lang='lat' dir='ltr'><strong>na</strong></span> <span class='ocrx_word' id='word_1_83' title='bbox 474 937 622 971; x_wconf 86' lang='lat' dir='ltr'><strong>quorum</strong></span> <span class='ocrx_word' id='word_1_84' title='bbox 651 923 755 959; x_wconf 89' lang='lat' dir='ltr'><strong>hodie</strong></span> <span class='ocrx_word' id='word_1_85' title='bbox 783 926 900 960; x_wconf 84' lang='lat' dir='ltr'><strong>nullus</strong></span> <span class='ocrx_word' id='word_1_86' title='bbox 936 933 1054 960; x_wconf 76' lang='lat' dir='ltr'><strong>extat.</strong></span> <span class='ocrx_word' id='word_1_87' title='bbox 1092 927 1137 960; x_wconf 89' lang='lat' dir='ltr'><strong>Et</strong></span> 
     </span>
     <span class='ocr_line' id='line_1_15' title="bbox 378 973 1136 1011; baseline 0.001 -2"><span class='ocrx_word' id='word_1_88' title='bbox 378 975 421 1009; x_wconf 88' lang='lat' dir='ltr'><strong>de</strong></span> <span class='ocrx_word' id='word_1_89' title='bbox 449 973 511 1009; x_wconf 86' lang='lat' dir='ltr'><strong>hac</strong></span> <span class='ocrx_word' id='word_1_90' title='bbox 541 977 658 1009; x_wconf 88' lang='lat' dir='ltr'><strong>Domo</strong></span> <span class='ocrx_word' id='word_1_91' title='bbox 686 974 754 1010; x_wconf 81' lang='lat' dir='ltr'><strong>fuit</strong></span> <span class='ocrx_word' id='word_1_92' title='bbox 781 975 839 1010; x_wconf 81' lang='lat' dir='ltr'><strong>iste</strong></span> <span class='ocrx_word' id='word_1_93' title='bbox 861 977 1001 1011; x_wconf 84' lang='lat' dir='ltr'><strong>Petrus.</strong></span> <span class='ocrx_word' id='word_1_94' title='bbox 1030 977 1076 1010; x_wconf 78' lang='lat' dir='ltr'><strong>Et</strong></span> <span class='ocrx_word' id='word_1_95' title='bbox 1097 976 1136 1011; x_wconf 78' lang='lat' dir='ltr'><strong>ad</strong></span> 
     </span>
     <span class='ocr_line' id='line_1_16' title="bbox 378 1024 1137 1074; baseline 0 -14"><span class='ocrx_word' id='word_1_96' title='bbox 378 1027 534 1060; x_wconf 87' lang='lat' dir='ltr'><strong>Domum</strong></span> <span class='ocrx_word' id='word_1_97' title='bbox 564 1024 706 1060; x_wconf 86' lang='lat' dir='ltr'><strong>istorum</strong></span> <span class='ocrx_word' id='word_1_98' title='bbox 735 1025 895 1074; x_wconf 85' lang='lat' dir='ltr'><strong>pervenit</strong></span> <span class='ocrx_word' id='word_1_99' title='bbox 924 1025 1019 1073; x_wconf 84' lang='lat' dir='ltr'><strong>saepe</strong></span> <span class='ocrx_word' id='word_1_100' title='bbox 1042 1028 1137 1060; x_wconf 90' lang='lat' dir='ltr'><strong>Dan-</strong></span> 
     </span>
     <span class='ocr_line' id='line_1_17' title="bbox 379 1075 1137 1124; baseline 0.001 -13"><span class='ocrx_word' id='word_1_101' title='bbox 379 1084 450 1111; x_wconf 87' lang='lat' dir='ltr'><strong>tes.</strong></span> <span class='ocrx_word' id='word_1_102' title='bbox 480 1078 526 1111; x_wconf 90' lang='lat' dir='ltr'><strong>Et</strong></span> <span class='ocrx_word' id='word_1_103' title='bbox 554 1075 809 1124; x_wconf 84' lang='lat' dir='ltr'><strong>interrogatus,</strong></span> <span class='ocrx_word' id='word_1_104' title='bbox 838 1076 922 1124; x_wconf 83' lang='lat' dir='ltr'><strong>quid</strong></span> <span class='ocrx_word' id='word_1_105' title='bbox 953 1076 1012 1111; x_wconf 79' lang='lat' dir='ltr'><strong>fibi</strong></span> <span class='ocrx_word' id='word_1_106' title='bbox 1039 1076 1137 1112; x_wconf 87' lang='lat' dir='ltr'><strong>vide—</strong></span> 
     </span>
     <span class='ocr_line' id='line_1_18' title="bbox 378 1126 1137 1174; baseline 0 -12"><span class='ocrx_word' id='word_1_107' title='bbox 378 1135 474 1162; x_wconf 84' lang='lat' dir='ltr'><strong>retur</strong></span> <span class='ocrx_word' id='word_1_108' title='bbox 510 1126 550 1162; x_wconf 89' lang='lat' dir='ltr'><strong>de</strong></span> <span class='ocrx_word' id='word_1_109' title='bbox 587 1126 696 1162; x_wconf 86' lang='lat' dir='ltr'><strong>Curia</strong></span> <span class='ocrx_word' id='word_1_110' title='bbox 738 1127 823 1170; x_wconf 90' lang='lat' dir='ltr'><strong>illa,</strong></span> <span class='ocrx_word' id='word_1_111' title='bbox 865 1126 1068 1174; x_wconf 78' lang='lat' dir='ltr'><strong>respondit,</strong></span> <span class='ocrx_word' id='word_1_112' title='bbox 1105 1126 1137 1162; x_wconf 91' lang='lat' dir='ltr'><strong>se</strong></span> 
     </span>
     <span class='ocr_line' id='line_1_19' title="bbox 378 1176 1138 1222; baseline 0.003 -11"><span class='ocrx_word' id='word_1_113' title='bbox 378 1190 448 1212; x_wconf 89' lang='lat' dir='ltr'><strong>non</strong></span> <span class='ocrx_word' id='word_1_114' title='bbox 495 1176 618 1212; x_wconf 82' lang='lat' dir='ltr'><strong>vidiffe</strong></span> <span class='ocrx_word' id='word_1_115' title='bbox 659 1176 868 1222; x_wconf 81' lang='lat' dir='ltr'><strong>pulcriorem</strong></span> <span class='ocrx_word' id='word_1_116' title='bbox 907 1176 944 1212; x_wconf 85' lang='lat' dir='ltr'><strong>in</strong></span> <span class='ocrx_word' id='word_1_117' title='bbox 983 1179 1138 1213; x_wconf 88' lang='lat' dir='ltr'><strong>Roman-</strong></span> 
     </span>
     <span class='ocr_line' id='line_1_20' title="bbox 378 1226 1135 1267; baseline 0.003 -5"><span class='ocrx_word' id='word_1_118' title='bbox 378 1227 473 1263; x_wconf 84' lang='lat' dir='ltr'><strong>diola</strong></span> <span class='ocrx_word' id='word_1_119' title='bbox 491 1252 500 1267; x_wconf 94' lang='lat'><strong>,</strong></span> <span class='ocrx_word' id='word_1_120' title='bbox 529 1226 551 1262; x_wconf 88' lang='lat' dir='ltr'>fi</span> <span class='ocrx_word' id='word_1_121' title='bbox 579 1227 631 1263; x_wconf 91' lang='lat' dir='ltr'><strong>ibi</strong></span> <span class='ocrx_word' id='word_1_122' title='bbox 659 1228 741 1263; x_wconf 80' lang='lat' dir='ltr'><strong>effer</strong></span> <span class='ocrx_word' id='word_1_123' title='bbox 769 1227 946 1263; x_wconf 86' lang='lat' dir='ltr'><strong>modicum</strong></span> <span class='ocrx_word' id='word_1_124' title='bbox 975 1228 1135 1264; x_wconf 84' lang='lat' dir='ltr'><strong>ordinis.</strong></span> 
     </span>
     <span class='ocr_line' id='line_1_21' title="bbox 378 1278 1137 1315; baseline 0.003 -2"><span class='ocrx_word' id='word_1_125' title='bbox 378 1278 462 1313; x_wconf 82' lang='lat' dir='ltr'><strong>Ideo</strong></span> <span class='ocrx_word' id='word_1_126' title='bbox 493 1280 613 1313; x_wconf 85' lang='lat' dir='ltr'><strong>Petrus</strong></span> <span class='ocrx_word' id='word_1_127' title='bbox 641 1292 732 1314; x_wconf 85' lang='lat' dir='ltr'><strong>nunc</strong></span> <span class='ocrx_word' id='word_1_128' title='bbox 760 1278 895 1314; x_wconf 83' lang='lat' dir='ltr'><strong>reducit</strong></span> <span class='ocrx_word' id='word_1_129' title='bbox 935 1278 967 1315; x_wconf 88' lang='lat' dir='ltr'><strong>se</strong></span> <span class='ocrx_word' id='word_1_130' title='bbox 995 1279 1035 1315; x_wconf 88' lang='lat' dir='ltr'><strong>ad</strong></span> <span class='ocrx_word' id='word_1_131' title='bbox 1064 1292 1137 1315; x_wconf 82' lang='lat' dir='ltr'><strong>me—</strong></span> 
     </span>
     <span class='ocr_line' id='line_1_22' title="bbox 379 1328 884 1368; baseline 0 -4"><span class='ocrx_word' id='word_1_132' title='bbox 379 1329 552 1368; x_wconf 80' lang='lat' dir='ltr'><strong>moriam,</strong></span> <span class='ocrx_word' id='word_1_133' title='bbox 579 1328 622 1364; x_wconf 87' lang='lat' dir='ltr'><strong>fic</strong></span> <span class='ocrx_word' id='word_1_134' title='bbox 651 1328 711 1364; x_wconf 87' lang='lat' dir='ltr'><strong>fibi</strong></span> <span class='ocrx_word' id='word_1_135' title='bbox 740 1330 884 1365; x_wconf 84' lang='lat' dir='ltr'><strong>dicens:</strong></span> 
     </span>
    </p>

    <p class='ocr_par' dir='ltr' id='par_1_2' title="bbox 380 1380 1109 1478">
     <span class='ocr_line' id='line_1_23' title="bbox 429 1380 1086 1415; baseline 0 0"><span class='ocrx_word' id='word_1_136' title='bbox 429 1380 642 1415; x_wconf 77' lang='lat' dir='ltr'><strong>Rimembrati</strong></span> <span class='ocrx_word' id='word_1_137' title='bbox 667 1380 702 1414; x_wconf 82' lang='lat' dir='ltr'><strong>di</strong></span> <span class='ocrx_word' id='word_1_138' title='bbox 728 1381 802 1414; x_wconf 80' lang='lat' dir='ltr'><strong>Pier</strong></span> <span class='ocrx_word' id='word_1_139' title='bbox 828 1382 870 1414; x_wconf 77' lang='lat' dir='ltr'><strong>da</strong></span> <span class='ocrx_word' id='word_1_140' title='bbox 898 1380 1086 1415; x_wconf 67' lang='grc' dir='ltr'><em>Μειίἱείηα.</em></span> 
     </span>
     <span class='ocr_line' id='line_1_24' title="bbox 380 1430 1109 1478; baseline -0.003 -12"><span class='ocrx_word' id='word_1_141' title='bbox 380 1430 508 1466; x_wconf 84' lang='lat' dir='ltr'><strong>Utitur</strong></span> <span class='ocrx_word' id='word_1_142' title='bbox 536 1431 708 1466; x_wconf 86' lang='lat' dir='ltr'><strong>vocabulo</strong></span> <span class='ocrx_word' id='word_1_143' title='bbox 736 1431 911 1478; x_wconf 79' lang='lat' dir='ltr'><strong>regionis,</strong></span> <span class='ocrx_word' id='word_1_144' title='bbox 939 1433 973 1465; x_wconf 73' lang='lat'><strong>8&lt;</strong></span> <span class='ocrx_word' id='word_1_145' title='bbox 1001 1430 1109 1465; x_wconf 82' lang='lat' dir='ltr'><strong>dicit:</strong></span> 
     </span>
    </p>
   </div>
   <div class='ocr_carea' id='block_1_2' title="bbox 430 1481 1161 1526">
    <p class='ocr_par' dir='ltr' id='par_1_3' title="bbox 430 1481 1161 1526">
     <span class='ocr_line' id='line_1_25' title="bbox 430 1481 1161 1526; baseline -0.003 -10"><span class='ocrx_word' id='word_1_146' title='bbox 430 1485 472 1516; x_wconf 78' lang='lat' dir='ltr'><strong>Se</strong></span> <span class='ocrx_word' id='word_1_147' title='bbox 499 1481 564 1516; x_wconf 77' lang='lat' dir='ltr'><strong>mai</strong></span> <span class='ocrx_word' id='word_1_148' title='bbox 590 1483 673 1514; x_wconf 85' lang='lat' dir='ltr'><strong>torni</strong></span> <span class='ocrx_word' id='word_1_149' title='bbox 699 1495 720 1515; x_wconf 87' lang='lat' dir='ltr'><strong>a</strong></span> <span class='ocrx_word' id='word_1_150' title='bbox 745 1483 840 1514; x_wconf 83' lang='lat' dir='ltr'><strong>veder</strong></span> <span class='ocrx_word' id='word_1_151' title='bbox 866 1485 895 1514; x_wconf 92' lang='lat' dir='ltr'><strong>lo</strong></span> <span class='ocrx_word' id='word_1_152' title='bbox 922 1482 1005 1515; x_wconf 80' lang='lat' dir='ltr'><strong>dolce</strong></span> <span class='ocrx_word' id='word_1_153' title='bbox 1022 1481 1161 1526; x_wconf 74' lang='lat' dir='ltr'><strong>piano,&#39;</strong></span> 
     </span>
    </p>
   </div>
   <div class='ocr_carea' id='block_1_3' title="bbox 380 1531 1140 1629">
    <p class='ocr_par' dir='ltr' id='par_1_4' title="bbox 380 1531 1140 1629">
     <span class='ocr_line' id='line_1_26' title="bbox 382 1531 1140 1571; baseline -0.003 -4"><span class='ocrx_word' id='word_1_154' title='bbox 382 1532 539 1571; x_wconf 84' lang='lat' dir='ltr'><strong>scilicet,</strong></span> <span class='ocrx_word' id='word_1_155' title='bbox 577 1531 812 1567; x_wconf 78' lang='lat' dir='ltr'><strong>Lombardiae</strong></span> <span class='ocrx_word' id='word_1_156' title='bbox 852 1532 885 1565; x_wconf 88' lang='lat'>&amp;</span> <span class='ocrx_word' id='word_1_157' title='bbox 925 1531 1140 1565; x_wconf 80' lang='lat' dir='ltr'><strong>Romandio-</strong></span> 
     </span>
     <span class='ocr_line' id='line_1_27' title="bbox 380 1580 1139 1629; baseline -0.003 -11"><span class='ocrx_word' id='word_1_158' title='bbox 380 1584 455 1622; x_wconf 87' lang='lat' dir='ltr'><strong>lae,</strong></span> <span class='ocrx_word' id='word_1_159' title='bbox 484 1595 571 1629; x_wconf 86' lang='lat' dir='ltr'><strong>quae</strong></span> <span class='ocrx_word' id='word_1_160' title='bbox 599 1581 644 1616; x_wconf 88' lang='lat' dir='ltr'><strong>est</strong></span> <span class='ocrx_word' id='word_1_161' title='bbox 672 1591 761 1617; x_wconf 86' lang='lat' dir='ltr'><strong>terra</strong></span> <span class='ocrx_word' id='word_1_162' title='bbox 790 1583 890 1628; x_wconf 74' lang='lat' dir='ltr'><strong>plana</strong></span> <span class='ocrx_word' id='word_1_163' title='bbox 927 1580 964 1616; x_wconf 71' lang='grc' dir='ltr'><strong>ὃ(</strong></span> <span class='ocrx_word' id='word_1_164' title='bbox 1005 1581 1139 1621; x_wconf 77' lang='lat' dir='ltr'><strong>suavis,</strong></span> 
     </span>
    </p>
   </div>
   <div class='ocr_carea' id='block_1_4' title="bbox 381 1631 1171 1681">
    <p class='ocr_par' dir='ltr' id='par_1_5' title="bbox 381 1631 1171 1681">
     <span class='ocr_line' id='line_1_28' title="bbox 381 1631 1171 1681; baseline -0.003 -13"><span class='ocrx_word' id='word_1_165' title='bbox 381 1647 419 1668; x_wconf 86' lang='lat' dir='ltr'><strong>ac</strong></span> <span class='ocrx_word' id='word_1_166' title='bbox 441 1633 571 1667; x_wconf 86' lang='lat' dir='ltr'><strong>dulcis.</strong></span> <span class='ocrx_word' id='word_1_167' title='bbox 602 1634 648 1667; x_wconf 85' lang='lat' dir='ltr'><strong>Er</strong></span> <span class='ocrx_word' id='word_1_168' title='bbox 669 1632 784 1681; x_wconf 77' lang='lat' dir='ltr'><strong>tangit</strong></span> <span class='ocrx_word' id='word_1_169' title='bbox 805 1631 976 1671; x_wconf 73' lang='lat' dir='ltr'><strong>confinia,</strong></span> <span class='ocrx_word' id='word_1_170' title='bbox 999 1633 1136 1668; x_wconf 87' lang='lat' dir='ltr'><strong>dicens:</strong></span> <span class='ocrx_word' id='word_1_171' title='bbox 1168 1665 1171 1669; x_wconf 85' lang='grc'><strong>,</strong></span> 
     </span>
    </p>
   </div>
   <div class='ocr_carea' id='block_1_5' title="bbox 381 1683 1148 2538">
    <p class='ocr_par' dir='ltr' id='par_1_6' title="bbox 381 1683 1148 2538">
     <span class='ocr_line' id='line_1_29' title="bbox 431 1683 1142 1718; baseline 0 -1"><span class='ocrx_word' id='word_1_172' title='bbox 431 1684 564 1717; x_wconf 64' lang='lat' dir='ltr'><strong>Cbe‘da</strong></span> <span class='ocrx_word' id='word_1_173' title='bbox 592 1684 721 1717; x_wconf 81' lang='lat' dir='ltr'><strong>Vercelli</strong></span> <span class='ocrx_word' id='word_1_174' title='bbox 756 1698 776 1718; x_wconf 85' lang='lat' dir='ltr'><em>a</em></span> <span class='ocrx_word' id='word_1_175' title='bbox 803 1683 957 1717; x_wconf 53' lang='grc' dir='ltr'><strong>Βίανεαρὸ</strong></span> <span class='ocrx_word' id='word_1_176' title='bbox 993 1684 1142 1718; x_wconf 66' lang='lat' dir='ltr'><strong>[limina.</strong></span> 
     </span>
     <span class='ocr_line' id='line_1_30' title="bbox 383 1733 1140 1780; baseline 0 -12"><span class='ocrx_word' id='word_1_177' title='bbox 383 1736 464 1769; x_wconf 82' lang='lat' dir='ltr'><strong>Hoc</strong></span> <span class='ocrx_word' id='word_1_178' title='bbox 503 1747 564 1779; x_wconf 85' lang='lat' dir='ltr'><strong>pro</strong></span> <span class='ocrx_word' id='word_1_179' title='bbox 601 1743 701 1768; x_wconf 86' lang='lat' dir='ltr'><strong>tanto</strong></span> <span class='ocrx_word' id='word_1_180' title='bbox 729 1733 839 1772; x_wconf 83' lang='lat' dir='ltr'><strong>dicit,</strong></span> <span class='ocrx_word' id='word_1_181' title='bbox 877 1733 968 1780; x_wconf 84' lang='lat' dir='ltr'><strong>quod</strong></span> <span class='ocrx_word' id='word_1_182' title='bbox 997 1733 1140 1769; x_wconf 77' lang='lat' dir='ltr'><strong>Civitas</strong></span> 
     </span>
     <span class='ocr_line' id='line_1_31' title="bbox 382 1784 1141 1820; baseline -0.001 0"><span class='ocrx_word' id='word_1_183' title='bbox 382 1785 622 1820; x_wconf 86' lang='lat' dir='ltr'><strong>Vercellarum</strong></span> <span class='ocrx_word' id='word_1_184' title='bbox 651 1784 695 1819; x_wconf 82' lang='lat' dir='ltr'><strong>est</strong></span> <span class='ocrx_word' id='word_1_185' title='bbox 723 1784 757 1818; x_wconf 82' lang='lat' dir='ltr'><strong>in</strong></span> <span class='ocrx_word' id='word_1_186' title='bbox 788 1794 946 1819; x_wconf 68' lang='lat' dir='ltr'><strong>extremo</strong></span> <span class='ocrx_word' id='word_1_187' title='bbox 970 1785 1141 1819; x_wconf 63' lang='lat' dir='ltr'><strong>Lonibar-</strong></span> 
     </span>
     <span class='ocr_line' id='line_1_32' title="bbox 381 1833 861 1881; baseline -0.004 -11"><span class='ocrx_word' id='word_1_188' title='bbox 381 1835 484 1875; x_wconf 81' lang='lat' dir='ltr'><strong>diae,</strong></span> <span class='ocrx_word' id='word_1_189' title='bbox 510 1833 547 1870; x_wconf 66' lang='grc' dir='ltr'>ἃ</span> <span class='ocrx_word' id='word_1_190' title='bbox 580 1834 769 1869; x_wconf 61' lang='lat' dir='ltr'><strong>Marchabo</strong></span> <span class='ocrx_word' id='word_1_191' title='bbox 796 1847 861 1881; x_wconf 71' lang='lat' dir='ltr'><strong>qua</strong></span> 
     </span>
     <span class='ocr_line' id='line_1_33' title="bbox 382 1884 1142 1932; baseline -0.003 -11"><span class='ocrx_word' id='word_1_192' title='bbox 382 1885 489 1921; x_wconf 87' lang='lat' dir='ltr'><strong>minis</strong></span> <span class='ocrx_word' id='word_1_193' title='bbox 521 1885 627 1920; x_wconf 78' lang='lat' dir='ltr'><strong>Padi.</strong></span> <span class='ocrx_word' id='word_1_194' title='bbox 658 1886 757 1920; x_wconf 81' lang='lat' dir='ltr'><strong>Unde</strong></span> <span class='ocrx_word' id='word_1_195' title='bbox 785 1885 893 1921; x_wconf 77' lang='lat' dir='ltr'><strong>scias.</strong></span> <span class='ocrx_word' id='word_1_196' title='bbox 922 1885 1015 1932; x_wconf 83' lang='lat' dir='ltr'><strong>quod</strong></span> <span class='ocrx_word' id='word_1_197' title='bbox 1043 1884 1142 1919; x_wconf 66' lang='lat' dir='ltr'>Max·-</span> 
     </span>
     <span class='ocr_line' id='line_1_34' title="bbox 385 1935 1142 1983; baseline -0.001 -12"><span class='ocrx_word' id='word_1_198' title='bbox 385 1936 496 1971; x_wconf 61' lang='lat' dir='ltr'><strong>chabo</strong></span> <span class='ocrx_word' id='word_1_199' title='bbox 538 1935 606 1971; x_wconf 83' lang='lat' dir='ltr'><strong>fuit</strong></span> <span class='ocrx_word' id='word_1_200' title='bbox 647 1948 753 1971; x_wconf 67' lang='lat' dir='ltr'><strong>unum</strong></span> <span class='ocrx_word' id='word_1_201' title='bbox 799 1935 999 1975; x_wconf 82' lang='lat' dir='ltr'><strong>castellum,</strong></span> <span class='ocrx_word' id='word_1_202' title='bbox 1051 1935 1142 1983; x_wconf 83' lang='lat' dir='ltr'><strong>quod</strong></span> 
     </span>
     <span class='ocr_line' id='line_1_35' title="bbox 385 1986 1144 2034; baseline -0.001 -12"><span class='ocrx_word' id='word_1_203' title='bbox 385 1986 658 2022; x_wconf 68' lang='lat' dir='ltr'><strong>aedificaverunt</strong></span> <span class='ocrx_word' id='word_1_204' title='bbox 694 1986 824 2021; x_wconf 85' lang='lat' dir='ltr'><strong>Veneti</strong></span> <span class='ocrx_word' id='word_1_205' title='bbox 876 1987 913 2021; x_wconf 86' lang='lat' dir='ltr'><strong>in</strong></span> <span class='ocrx_word' id='word_1_206' title='bbox 951 2000 1033 2034; x_wconf 80' lang='lat' dir='ltr'><strong>agro</strong></span> <span class='ocrx_word' id='word_1_207' title='bbox 1076 1989 1144 2021; x_wconf 82' lang='lat' dir='ltr'><strong>Ra-</strong></span> 
     </span>
     <span class='ocr_line' id='line_1_36' title="bbox 386 2036 1143 2084; baseline 0 -12"><span class='ocrx_word' id='word_1_208' title='bbox 386 2048 536 2073; x_wconf 83' lang='lat' dir='ltr'><strong>vennate</strong></span> <span class='ocrx_word' id='word_1_209' title='bbox 575 2037 671 2084; x_wconf 77' lang='lat' dir='ltr'><strong>juxta</strong></span> <span class='ocrx_word' id='word_1_210' title='bbox 708 2036 822 2072; x_wconf 81' lang='lat' dir='ltr'><strong>fauces</strong></span> <span class='ocrx_word' id='word_1_211' title='bbox 864 2036 976 2078; x_wconf 79' lang='lat' dir='ltr'><strong>Padi,</strong></span> <span class='ocrx_word' id='word_1_212' title='bbox 1018 2046 1056 2072; x_wconf 87' lang='lat' dir='ltr'><strong>ut</strong></span> <span class='ocrx_word' id='word_1_213' title='bbox 1084 2037 1143 2072; x_wconf 87' lang='lat' dir='ltr'><strong>ha-</strong></span> 
     </span>
     <span class='ocr_line' id='line_1_37' title="bbox 387 2087 1143 2136; baseline -0.001 -12"><span class='ocrx_word' id='word_1_214' title='bbox 387 2090 507 2124; x_wconf 87' lang='lat' dir='ltr'><strong>berent</strong></span> <span class='ocrx_word' id='word_1_215' title='bbox 534 2088 637 2123; x_wconf 79' lang='lat' dir='ltr'><strong>illurn</strong></span> <span class='ocrx_word' id='word_1_216' title='bbox 668 2089 794 2136; x_wconf 69' lang='lat' dir='ltr'><strong>passum</strong></span> <span class='ocrx_word' id='word_1_217' title='bbox 822 2087 860 2122; x_wconf 92' lang='lat' dir='ltr'><strong>in</strong></span> <span class='ocrx_word' id='word_1_218' title='bbox 882 2087 1045 2135; x_wconf 76' lang='lat' dir='ltr'><strong>potestate</strong></span> <span class='ocrx_word' id='word_1_219' title='bbox 1066 2087 1143 2127; x_wconf 86' lang='lat' dir='ltr'><strong>sua,</strong></span> 
     </span>
     <span class='ocr_line' id='line_1_38' title="bbox 389 2138 1145 2187; baseline -0.003 -12"><span class='ocrx_word' id='word_1_220' title='bbox 389 2149 426 2175; x_wconf 81' lang='lat' dir='ltr'><strong>ut</strong></span> <span class='ocrx_word' id='word_1_221' title='bbox 455 2153 513 2187; x_wconf 83' lang='lat' dir='ltr'><strong>per</strong></span> <span class='ocrx_word' id='word_1_222' title='bbox 541 2152 661 2174; x_wconf 59' lang='lat' dir='ltr'><strong>manus</strong></span> <span class='ocrx_word' id='word_1_223' title='bbox 702 2152 821 2174; x_wconf 81' lang='lat' dir='ltr'><strong>eornm</strong></span> <span class='ocrx_word' id='word_1_224' title='bbox 858 2138 1041 2174; x_wconf 82' lang='lat' dir='ltr'><strong>transirent</strong></span> <span class='ocrx_word' id='word_1_225' title='bbox 1068 2152 1145 2173; x_wconf 87' lang='lat' dir='ltr'><strong>om-</strong></span> 
     </span>
     <span class='ocr_line' id='line_1_39' title="bbox 388 2189 1144 2236; baseline -0.003 -10"><span class='ocrx_word' id='word_1_226' title='bbox 388 2191 468 2231; x_wconf 75' lang='lat' dir='ltr'><strong>nia,</strong></span> <span class='ocrx_word' id='word_1_227' title='bbox 505 2203 591 2236; x_wconf 83' lang='lat' dir='ltr'><strong>quae</strong></span> <span class='ocrx_word' id='word_1_228' title='bbox 629 2189 848 2224; x_wconf 79' lang='lat' dir='ltr'><strong>devehuntur</strong></span> <span class='ocrx_word' id='word_1_229' title='bbox 892 2202 950 2233; x_wconf 72' lang='lat' dir='ltr'><strong>per</strong></span> <span class='ocrx_word' id='word_1_230' title='bbox 987 2203 1080 2224; x_wconf 83' lang='lat' dir='ltr'><strong>mare</strong></span> <span class='ocrx_word' id='word_1_231' title='bbox 1107 2189 1144 2224; x_wconf 89' lang='lat' dir='ltr'><strong>in</strong></span> 
     </span>
     <span class='ocr_line' id='line_1_40' title="bbox 390 2239 1147 2277; baseline -0.003 0"><span class='ocrx_word' id='word_1_232' title='bbox 390 2240 540 2277; x_wconf 89' lang='lat' dir='ltr'><strong>Padum.</strong></span> <span class='ocrx_word' id='word_1_233' title='bbox 579 2240 668 2276; x_wconf 68' lang='lat' dir='ltr'><strong>Istud</strong></span> <span class='ocrx_word' id='word_1_234' title='bbox 710 2250 824 2275; x_wconf 76' lang='lat' dir='ltr'><strong>autem</strong></span> <span class='ocrx_word' id='word_1_235' title='bbox 854 2239 1041 2275; x_wconf 80' lang='lat' dir='ltr'><strong>Castellum</strong></span> <span class='ocrx_word' id='word_1_236' title='bbox 1072 2242 1147 2275; x_wconf 91' lang='lat' dir='ltr'><strong>Do-</strong></span> 
     </span>
     <span class='ocr_line' id='line_1_41' title="bbox 389 2290 1145 2338; baseline -0.003 -12"><span class='ocrx_word' id='word_1_237' title='bbox 389 2291 503 2326; x_wconf 80' lang='lat' dir='ltr'><strong>minus</strong></span> <span class='ocrx_word' id='word_1_238' title='bbox 543 2292 713 2326; x_wconf 75' lang='lat' dir='ltr'><strong>Robertus</strong></span> <span class='ocrx_word' id='word_1_239' title='bbox 756 2290 797 2325; x_wconf 85' lang='lat' dir='ltr'><strong>de</strong></span> <span class='ocrx_word' id='word_1_240' title='bbox 841 2291 986 2325; x_wconf 86' lang='lat' dir='ltr'><strong>Polenta</strong></span> <span class='ocrx_word' id='word_1_241' title='bbox 1030 2291 1145 2338; x_wconf 84' lang='lat' dir='ltr'><strong>cepit,</strong></span> 
     </span>
     <span class='ocr_line' id='line_1_42' title="bbox 387 2340 1145 2387; baseline -0.004 -9"><span class='ocrx_word' id='word_1_242' title='bbox 387 2345 420 2378; x_wconf 69' lang='lat'><strong>8&lt;</strong></span> <span class='ocrx_word' id='word_1_243' title='bbox 449 2341 577 2376; x_wconf 70' lang='lat' dir='ltr'><strong>evertit</strong></span> <span class='ocrx_word' id='word_1_244' title='bbox 606 2355 623 2375; x_wconf 86' lang='lat' dir='ltr'><strong>a</strong></span> <span class='ocrx_word' id='word_1_245' title='bbox 652 2341 879 2376; x_wconf 69' lang='lat' dir='ltr'><strong>fundamento</strong></span> <span class='ocrx_word' id='word_1_246' title='bbox 921 2340 992 2387; x_wconf 81' lang='lat' dir='ltr'><strong>post</strong></span> <span class='ocrx_word' id='word_1_247' title='bbox 1020 2340 1145 2375; x_wconf 87' lang='lat' dir='ltr'><strong>confli—</strong></span> 
     </span>
     <span class='ocr_line' id='line_1_43' title="bbox 388 2391 1145 2439; baseline -0.001 -12"><span class='ocrx_word' id='word_1_248' title='bbox 388 2394 506 2431; x_wconf 67' lang='grc' dir='ltr'><strong>ἃωῃ,</strong></span> <span class='ocrx_word' id='word_1_249' title='bbox 534 2405 637 2439; x_wconf 70' lang='lat' dir='ltr'><strong>quen]</strong></span> <span class='ocrx_word' id='word_1_250' title='bbox 667 2401 866 2426; x_wconf 68' lang='lat' dir='ltr'><strong>receperant</strong></span> <span class='ocrx_word' id='word_1_251' title='bbox 894 2391 1022 2425; x_wconf 75' lang='lat' dir='ltr'><strong>Veneti</strong></span> <span class='ocrx_word' id='word_1_252' title='bbox 1057 2391 1145 2439; x_wconf 78' lang='lat' dir='ltr'><strong>apud</strong></span> 
     </span>
     <span class='ocr_line' id='line_1_44' title="bbox 388 2442 1146 2489; baseline -0.007 -9"><span class='ocrx_word' id='word_1_253' title='bbox 388 2442 579 2480; x_wconf 75' lang='lat' dir='ltr'><strong>Ferrariam</strong></span> <span class='ocrx_word' id='word_1_254' title='bbox 608 2443 645 2477; x_wconf 88' lang='lat' dir='ltr'><strong>in</strong></span> <span class='ocrx_word' id='word_1_255' title='bbox 674 2443 920 2477; x_wconf 75' lang='lat' dir='ltr'><strong>MCCCVIH.</strong></span> <span class='ocrx_word' id='word_1_256' title='bbox 950 2443 1039 2476; x_wconf 79' lang='lat' dir='ltr'><strong>Vult</strong></span> <span class='ocrx_word' id='word_1_257' title='bbox 1064 2455 1146 2489; x_wconf 83' lang='lat' dir='ltr'><strong>ergo</strong></span> 
     </span>
     <span class='ocr_line' id='line_1_45' title="bbox 386 2491 1148 2538; baseline -0.005 -7"><span class='ocrx_word' id='word_1_258' title='bbox 386 2495 501 2531; x_wconf 82' lang='lat' dir='ltr'><strong>dicere</strong></span> <span class='ocrx_word' id='word_1_259' title='bbox 530 2495 651 2528; x_wconf 80' lang='lat' dir='ltr'><strong>Petrus</strong></span> <span class='ocrx_word' id='word_1_260' title='bbox 680 2491 858 2528; x_wconf 53' lang='lat' dir='ltr'><strong>Aueiori:</strong></span> <span class='ocrx_word' id='word_1_261' title='bbox 899 2492 934 2527; x_wconf 83' lang='lat' dir='ltr'><strong>Si</strong></span> <span class='ocrx_word' id='word_1_262' title='bbox 963 2492 1148 2538; x_wconf 67' lang='lat' dir='ltr'><strong>contingat</strong></span> 
     </span>
    </p>
   </div>
   <div class='ocr_carea' id='block_1_6' title="bbox 866 1833 1172 1878">
    <p class='ocr_par' dir='ltr' id='par_1_7' title="bbox 866 1833 1172 1878">
     <span class='ocr_line' id='line_1_46' title="bbox 866 1833 1172 1878; baseline 0.003 -10"><span class='ocrx_word' id='word_1_263' title='bbox 866 1833 887 1868; x_wconf 80' lang='lat' dir='ltr'><strong>si</strong></span> <span class='ocrx_word' id='word_1_264' title='bbox 916 1835 951 1869; x_wconf 79' lang='lat' dir='ltr'><strong>in</strong></span> <span class='ocrx_word' id='word_1_265' title='bbox 981 1833 1049 1869; x_wconf 80' lang='lat' dir='ltr'><strong>fine</strong></span> <span class='ocrx_word' id='word_1_266' title='bbox 1078 1833 1143 1869; x_wconf 80' lang='lat' dir='ltr'><strong>flu·</strong></span> <span class='ocrx_word' id='word_1_267' title='bbox 1169 1864 1172 1878; x_wconf 73' lang='lat'><strong>,</strong></span> 
     </span>
    </p>
   </div>
   <div class='ocr_carea' id='block_1_7' title="bbox 731 208 1652 253">
    <p class='ocr_par' dir='ltr' id='par_1_8' title="bbox 731 208 1652 253">
     <span class='ocr_line' id='line_1_47' title="bbox 731 208 1652 253; baseline 0.001 -2"><span class='ocrx_word' id='word_1_268' title='bbox 731 208 981 253; x_wconf 78' lang='lat' dir='ltr'><em>COMMEN</em></span> <span class='ocrx_word' id='word_1_269' title='bbox 988 210 1032 253; x_wconf 84' lang='lat' dir='ltr'><strong>T.</strong></span> <span class='ocrx_word' id='word_1_270' title='bbox 1065 210 1127 252; x_wconf 83' lang='lat' dir='ltr'><strong>IN</strong></span> <span class='ocrx_word' id='word_1_271' title='bbox 1156 209 1382 253; x_wconf 69' lang='lat' dir='ltr'><em>DANTJS</em></span> <span class='ocrx_word' id='word_1_272' title='bbox 1411 210 1652 252; x_wconf 85' lang='lat' dir='ltr'><em>COMOED.</em></span> 
     </span>
    </p>
   </div>
   <div class='ocr_carea' id='block_1_8' title="bbox 1164 271 1207 306">
    <p class='ocr_par' dir='ltr' id='par_1_9' title="bbox 1164 271 1207 306">
     <span class='ocr_line' id='line_1_48' title="bbox 1164 271 1207 306; baseline 0 0"><span class='ocrx_word' id='word_1_273' title='bbox 1164 278 1165 300; x_wconf 54' lang='lat' dir='ltr'><strong>l</strong></span> <span class='ocrx_word' id='word_1_274' title='bbox 1174 271 1207 306; x_wconf 94' lang='lat' dir='ltr'>A</span> 
     </span>
    </p>
   </div>
   <div class='ocr_carea' id='block_1_9' title="bbox 1167 1453 1174 2117">
    <p class='ocr_par' dir='ltr' id='par_1_10' title="bbox 1167 1453 1174 2117">
     <span class='ocr_line' id='line_1_49' title="bbox 1167 1453 1174 2117; baseline 0 0"><span class='ocrx_word' id='word_1_275' title='bbox 1167 1453 1174 2117; x_wconf 95' lang='lat' dir='ltr'><strong> </strong></span> 
     </span>
    </p>
   </div>
   <div class='ocr_carea' id='block_1_10' title="bbox 390 2542 1175 2594">
    <p class='ocr_par' dir='ltr' id='par_1_11' title="bbox 390 2542 1175 2594">
     <span class='ocr_line' id='line_1_50' title="bbox 390 2542 1175 2594; baseline -0.008 -12"><span class='ocrx_word' id='word_1_276' title='bbox 390 2558 555 2594; x_wconf 81' lang='lat' dir='ltr'><strong>umquam</strong></span> <span class='ocrx_word' id='word_1_277' title='bbox 569 2573 579 2590; x_wconf 86' lang='lat'><strong>,</strong></span> <span class='ocrx_word' id='word_1_278' title='bbox 606 2553 641 2580; x_wconf 80' lang='lat' dir='ltr'><strong>te</strong></span> <span class='ocrx_word' id='word_1_279' title='bbox 662 2543 778 2580; x_wconf 80' lang='lat' dir='ltr'><strong>videre</strong></span> <span class='ocrx_word' id='word_1_280' title='bbox 799 2552 925 2579; x_wconf 80' lang='lat' dir='ltr'><strong>terram</strong></span> <span class='ocrx_word' id='word_1_281' title='bbox 946 2542 1149 2579; x_wconf 81' lang='lat' dir='ltr'><strong>aVercellis</strong></span> <span class='ocrx_word' id='word_1_282' title='bbox 1171 2569 1175 2575; x_wconf 75' lang='grc'><em>,</em></span> 
     </span>
    </p>
   </div>
   <div class='ocr_carea' id='block_1_11' title="bbox 1246 267 2004 707">
    <p class='ocr_par' dir='ltr' id='par_1_12' title="bbox 1246 267 2004 457">
     <span class='ocr_line' id='line_1_51' title="bbox 1247 267 2004 316; baseline -0.003 -12"><span class='ocrx_word' id='word_1_283' title='bbox 1247 268 1352 316; x_wconf 86' lang='lat' dir='ltr'><strong>usque</strong></span> <span class='ocrx_word' id='word_1_284' title='bbox 1381 272 1603 305; x_wconf 87' lang='lat' dir='ltr'><strong>Ravennam.</strong></span> <span class='ocrx_word' id='word_1_285' title='bbox 1647 270 1694 304; x_wconf 85' lang='lat' dir='ltr'><strong>Et</strong></span> <span class='ocrx_word' id='word_1_286' title='bbox 1730 267 1796 303; x_wconf 85' lang='lat' dir='ltr'><strong>hoc</strong></span> <span class='ocrx_word' id='word_1_287' title='bbox 1823 267 1912 303; x_wconf 78' lang='lat' dir='ltr'><strong>dicit</strong></span> <span class='ocrx_word' id='word_1_288' title='bbox 1942 270 2004 303; x_wconf 89' lang='lat' dir='ltr'><strong>Pe-</strong></span> 
     </span>
     <span class='ocr_line' id='line_1_52' title="bbox 1246 318 2003 369; baseline -0.001 -15"><span class='ocrx_word' id='word_1_289' title='bbox 1246 328 1318 355; x_wconf 85' lang='lat' dir='ltr'><strong>trus</strong></span> <span class='ocrx_word' id='word_1_290' title='bbox 1347 319 1540 369; x_wconf 73' lang='lat' dir='ltr'><strong>signanter,</strong></span> <span class='ocrx_word' id='word_1_291' title='bbox 1567 320 1650 368; x_wconf 86' lang='lat' dir='ltr'><strong>quia</strong></span> <span class='ocrx_word' id='word_1_292' title='bbox 1678 318 1750 366; x_wconf 83' lang='lat' dir='ltr'><strong>ipse</strong></span> <span class='ocrx_word' id='word_1_293' title='bbox 1777 328 1850 354; x_wconf 84' lang='lat' dir='ltr'><strong>erat</strong></span> <span class='ocrx_word' id='word_1_294' title='bbox 1877 318 2003 353; x_wconf 89' lang='lat' dir='ltr'><strong>solitus</strong></span> 
     </span>
     <span class='ocr_line' id='line_1_53' title="bbox 1246 370 2000 406; baseline -0.001 -1"><span class='ocrx_word' id='word_1_295' title='bbox 1246 379 1362 406; x_wconf 84' lang='lat' dir='ltr'><strong>texere</strong></span> <span class='ocrx_word' id='word_1_296' title='bbox 1389 371 1477 406; x_wconf 87' lang='lat' dir='ltr'><strong>retia</strong></span> <span class='ocrx_word' id='word_1_297' title='bbox 1504 371 1562 406; x_wconf 85' lang='lat' dir='ltr'><strong>sua</strong></span> <span class='ocrx_word' id='word_1_298' title='bbox 1582 372 1674 406; x_wconf 87' lang='lat' dir='ltr'><strong>inter</strong></span> <span class='ocrx_word' id='word_1_299' title='bbox 1696 370 1868 405; x_wconf 88' lang='lat' dir='ltr'><strong>Dominos</strong></span> <span class='ocrx_word' id='word_1_300' title='bbox 1889 371 2000 406; x_wconf 87' lang='lat' dir='ltr'><strong>Lom-</strong></span> 
     </span>
     <span class='ocr_line' id='line_1_54' title="bbox 1247 420 1763 457; baseline 0.002 -2"><span class='ocrx_word' id='word_1_301' title='bbox 1247 420 1383 457; x_wconf 85' lang='lat' dir='ltr'><strong>bardiae</strong></span> <span class='ocrx_word' id='word_1_302' title='bbox 1422 423 1456 456; x_wconf 78' lang='lat'><strong>8&lt;</strong></span> <span class='ocrx_word' id='word_1_303' title='bbox 1486 420 1763 457; x_wconf 84' lang='lat' dir='ltr'><strong>Romandiolae.</strong></span> 
     </span>
    </p>

    <p class='ocr_par' dir='ltr' id='par_1_13' title="bbox 1247 470 2003 707">
     <span class='ocr_line' id='line_1_55' title="bbox 1296 470 2002 519; baseline -0.004 -12"><span class='ocrx_word' id='word_1_304' title='bbox 1296 474 1328 506; x_wconf 90' lang='grc' dir='ltr'>Ε</span> <span class='ocrx_word' id='word_1_305' title='bbox 1349 471 1387 516; x_wconf 82' lang='lat' dir='ltr'><strong>fa</strong></span> <span class='ocrx_word' id='word_1_306' title='bbox 1414 471 1501 519; x_wconf 83' lang='lat' dir='ltr'><strong>saper</strong></span> <span class='ocrx_word' id='word_1_307' title='bbox 1526 487 1546 507; x_wconf 88' lang='lat' dir='ltr'><em>a</em></span> <span class='ocrx_word' id='word_1_308' title='bbox 1573 472 1585 506; x_wconf 81' lang='grc' dir='ltr'><strong><em>ἰ</em></strong></span> <span class='ocrx_word' id='word_1_309' title='bbox 1604 473 1663 506; x_wconf 80' lang='lat' dir='ltr'><strong>due</strong></span> <span class='ocrx_word' id='word_1_310' title='bbox 1683 471 1809 518; x_wconf 81' lang='lat' dir='ltr'><strong>miglior</strong></span> <span class='ocrx_word' id='word_1_311' title='bbox 1826 470 1862 504; x_wconf 76' lang='lat' dir='ltr'><strong>di</strong></span> <span class='ocrx_word' id='word_1_312' title='bbox 1882 473 2002 513; x_wconf 78' lang='lat' dir='ltr'><strong>Fano,-</strong></span> 
     </span>
     <span class='ocr_line' id='line_1_56' title="bbox 1247 521 2003 570; baseline -0.003 -13"><span class='ocrx_word' id='word_1_313' title='bbox 1247 521 1338 557; x_wconf 87' lang='lat' dir='ltr'><strong>Heic</strong></span> <span class='ocrx_word' id='word_1_314' title='bbox 1367 524 1488 557; x_wconf 87' lang='lat' dir='ltr'><strong>Petrus</strong></span> <span class='ocrx_word' id='word_1_315' title='bbox 1516 521 1686 570; x_wconf 81' lang='lat' dir='ltr'><strong>praedicit</strong></span> <span class='ocrx_word' id='word_1_316' title='bbox 1722 521 1873 556; x_wconf 60' lang='lat' dir='ltr'><strong>Auffiori</strong></span> <span class='ocrx_word' id='word_1_317' title='bbox 1902 534 2003 556; x_wconf 87' lang='lat' dir='ltr'><strong>enor-</strong></span> 
     </span>
     <span class='ocr_line' id='line_1_57' title="bbox 1247 571 2001 619; baseline 0 -13"><span class='ocrx_word' id='word_1_318' title='bbox 1247 584 1302 607; x_wconf 88' lang='lat' dir='ltr'><strong>me</strong></span> <span class='ocrx_word' id='word_1_319' title='bbox 1352 571 1486 607; x_wconf 81' lang='lat' dir='ltr'><strong>facinus</strong></span> <span class='ocrx_word' id='word_1_320' title='bbox 1507 596 1517 611; x_wconf 84' lang='lat'><em>‚</em></span> <span class='ocrx_word' id='word_1_321' title='bbox 1564 573 1657 619; x_wconf 90' lang='lat' dir='ltr'><strong>quod</strong></span> <span class='ocrx_word' id='word_1_322' title='bbox 1708 571 2001 607; x_wconf 78' lang='lat' dir='ltr'><strong>committendum</strong></span> 
     </span>
     <span class='ocr_line' id='line_1_58' title="bbox 1247 622 2002 669; baseline 0.001 -13"><span class='ocrx_word' id='word_1_323' title='bbox 1247 630 1320 656; x_wconf 88' lang='lat' dir='ltr'><strong>erat</strong></span> <span class='ocrx_word' id='word_1_324' title='bbox 1348 635 1406 669; x_wconf 90' lang='lat' dir='ltr'><strong>per</strong></span> <span class='ocrx_word' id='word_1_325' title='bbox 1434 634 1539 657; x_wconf 87' lang='lat' dir='ltr'><strong>unum</strong></span> <span class='ocrx_word' id='word_1_326' title='bbox 1567 622 1762 657; x_wconf 88' lang='lat' dir='ltr'><strong>Dominum</strong></span> <span class='ocrx_word' id='word_1_327' title='bbox 1786 622 2002 657; x_wconf 86' lang='lat' dir='ltr'><strong>Romandio-</strong></span> 
     </span>
     <span class='ocr_line' id='line_1_59' title="bbox 1247 671 2002 707; baseline 0.003 -2"><span class='ocrx_word' id='word_1_328' title='bbox 1247 672 1301 706; x_wconf 88' lang='lat' dir='ltr'><strong>lae</strong></span> <span class='ocrx_word' id='word_1_329' title='bbox 1329 680 1449 706; x_wconf 87' lang='lat' dir='ltr'><strong>contra</strong></span> <span class='ocrx_word' id='word_1_330' title='bbox 1479 671 1652 706; x_wconf 87' lang='lat' dir='ltr'><strong>Dominos</strong></span> <span class='ocrx_word' id='word_1_331' title='bbox 1681 671 1815 706; x_wconf 87' lang='lat' dir='ltr'><strong>nobiles</strong></span> <span class='ocrx_word' id='word_1_332' title='bbox 1844 672 1920 707; x_wconf 85' lang='lat' dir='ltr'><strong>suos</strong></span> <span class='ocrx_word' id='word_1_333' title='bbox 1948 672 2002 707; x_wconf 47' lang='lat' dir='ltr'><strong>vi„</strong></span> 
     </span>
    </p>
   </div>
   <div class='ocr_carea' id='block_1_12' title="bbox 1220 720 2009 2447">
    <p class='ocr_par' dir='ltr' id='par_1_14' title="bbox 1220 720 2005 1968">
     <span class='ocr_line' id='line_1_60' title="bbox 1248 720 2003 769; baseline 0.001 -14"><span class='ocrx_word' id='word_1_334' title='bbox 1248 720 1364 756; x_wconf 88' lang='lat' dir='ltr'><strong>cinos.</strong></span> <span class='ocrx_word' id='word_1_335' title='bbox 1393 723 1473 757; x_wconf 89' lang='lat' dir='ltr'><strong>Hoc</strong></span> <span class='ocrx_word' id='word_1_336' title='bbox 1501 730 1617 756; x_wconf 87' lang='lat' dir='ltr'><strong>autem</strong></span> <span class='ocrx_word' id='word_1_337' title='bbox 1646 720 1749 769; x_wconf 85' lang='lat' dir='ltr'><strong>fingit</strong></span> <span class='ocrx_word' id='word_1_338' title='bbox 1778 721 1936 764; x_wconf 55' lang='lat' dir='ltr'><strong>Aussmr,</strong></span> <span class='ocrx_word' id='word_1_339' title='bbox 1964 731 2003 756; x_wconf 79' lang='lat' dir='ltr'><strong>ut</strong></span> 
     </span>
     <span class='ocr_line' id='line_1_61' title="bbox 1247 770 2001 818; baseline 0.001 -12"><span class='ocrx_word' id='word_1_340' title='bbox 1247 771 1424 815; x_wconf 83' lang='lat' dir='ltr'><strong>ostendat,</strong></span> <span class='ocrx_word' id='word_1_341' title='bbox 1453 771 1544 818; x_wconf 79' lang='lat' dir='ltr'><strong>quod</strong></span> <span class='ocrx_word' id='word_1_342' title='bbox 1573 771 1631 806; x_wconf 88' lang='lat' dir='ltr'><strong>iste</strong></span> <span class='ocrx_word' id='word_1_343' title='bbox 1659 780 1732 807; x_wconf 86' lang='lat' dir='ltr'><strong>erat</strong></span> <span class='ocrx_word' id='word_1_344' title='bbox 1759 770 1917 806; x_wconf 83' lang='lat' dir='ltr'><strong>solicitus</strong></span> <span class='ocrx_word' id='word_1_345' title='bbox 1938 784 2001 807; x_wconf 83' lang='lat' dir='ltr'><strong>no-</strong></span> 
     </span>
     <span class='ocr_line' id='line_1_62' title="bbox 1249 820 2001 865; baseline 0 -9"><span class='ocrx_word' id='word_1_346' title='bbox 1249 821 1336 858; x_wconf 83' lang='lat' dir='ltr'><strong>scere</strong></span> <span class='ocrx_word' id='word_1_347' title='bbox 1365 821 1491 858; x_wconf 86' lang='lat' dir='ltr'><strong>secreta</strong></span> <span class='ocrx_word' id='word_1_348' title='bbox 1529 821 1793 865; x_wconf 84' lang='lat' dir='ltr'><strong>Dominorum‚</strong></span> <span class='ocrx_word' id='word_1_349' title='bbox 1830 820 1867 858; x_wconf 64' lang='lat'><strong>3&lt;</strong></span> <span class='ocrx_word' id='word_1_350' title='bbox 1903 835 2001 857; x_wconf 79' lang='lat' dir='ltr'><strong>reve—</strong></span> 
     </span>
     <span class='ocr_line' id='line_1_63' title="bbox 1247 872 2001 921; baseline 0.001 -14"><span class='ocrx_word' id='word_1_351' title='bbox 1247 873 1336 907; x_wconf 79' lang='lat' dir='ltr'><strong>lare.</strong></span> <span class='ocrx_word' id='word_1_352' title='bbox 1380 873 1461 907; x_wconf 87' lang='lat' dir='ltr'><strong>Ideo</strong></span> <span class='ocrx_word' id='word_1_353' title='bbox 1502 873 1579 908; x_wconf 88' lang='lat' dir='ltr'><strong>heic</strong></span> <span class='ocrx_word' id='word_1_354' title='bbox 1616 872 1749 921; x_wconf 80' lang='lat' dir='ltr'><strong>detegit</strong></span> <span class='ocrx_word' id='word_1_355' title='bbox 1792 885 1898 907; x_wconf 83' lang='lat' dir='ltr'><strong>unum</strong></span> <span class='ocrx_word' id='word_1_356' title='bbox 1927 886 2001 908; x_wconf 85' lang='lat' dir='ltr'><strong>ma-</strong></span> 
     </span>
     <span class='ocr_line' id='line_1_64' title="bbox 1247 921 1998 972; baseline 0.001 -15"><span class='ocrx_word' id='word_1_357' title='bbox 1247 923 1319 958; x_wconf 86' lang='lat' dir='ltr'><strong>lurn</strong></span> <span class='ocrx_word' id='word_1_358' title='bbox 1349 921 1524 959; x_wconf 83' lang='lat' dir='ltr'><strong>futurum.</strong></span> <span class='ocrx_word' id='word_1_359' title='bbox 1563 923 1620 958; x_wconf 88' lang='lat' dir='ltr'><strong>Ad</strong></span> <span class='ocrx_word' id='word_1_360' title='bbox 1663 924 1758 972; x_wconf 84' lang='lat' dir='ltr'><strong>cujus</strong></span> <span class='ocrx_word' id='word_1_361' title='bbox 1795 923 1998 971; x_wconf 79' lang='lat' dir='ltr'><strong>intelligen-</strong></span> 
     </span>
     <span class='ocr_line' id='line_1_65' title="bbox 1247 973 2001 1021; baseline 0.001 -14"><span class='ocrx_word' id='word_1_362' title='bbox 1247 973 1333 1008; x_wconf 87' lang='lat' dir='ltr'><strong>tiam</strong></span> <span class='ocrx_word' id='word_1_363' title='bbox 1362 974 1463 1009; x_wconf 77' lang='lat' dir='ltr'><strong>debes</strong></span> <span class='ocrx_word' id='word_1_364' title='bbox 1491 973 1677 1020; x_wconf 79' lang='lat' dir='ltr'><strong>praescire,</strong></span> <span class='ocrx_word' id='word_1_365' title='bbox 1719 973 1812 1021; x_wconf 86' lang='lat' dir='ltr'><strong>quod</strong></span> <span class='ocrx_word' id='word_1_366' title='bbox 1848 975 2001 1009; x_wconf 85' lang='lat' dir='ltr'><strong>Malate-</strong></span> 
     </span>
     <span class='ocr_line' id='line_1_66' title="bbox 1246 1023 2001 1070; baseline 0 -12"><span class='ocrx_word' id='word_1_367' title='bbox 1246 1023 1350 1059; x_wconf 88' lang='lat' dir='ltr'><strong>stinus</strong></span> <span class='ocrx_word' id='word_1_368' title='bbox 1379 1026 1566 1070; x_wconf 85' lang='lat' dir='ltr'><strong>Tyrannus</strong></span> <span class='ocrx_word' id='word_1_369' title='bbox 1593 1023 1630 1059; x_wconf 88' lang='lat' dir='ltr'><strong>in</strong></span> <span class='ocrx_word' id='word_1_370' title='bbox 1671 1023 1835 1059; x_wconf 85' lang='lat' dir='ltr'><strong>Civitate</strong></span> <span class='ocrx_word' id='word_1_371' title='bbox 1864 1023 2001 1059; x_wconf 85' lang='lat' dir='ltr'><strong>Arimi-</strong></span> 
     </span>
     <span class='ocr_line' id='line_1_67' title="bbox 1247 1074 2001 1123; baseline 0.001 -15"><span class='ocrx_word' id='word_1_372' title='bbox 1247 1074 1306 1118; x_wconf 89' lang='lat' dir='ltr'><strong>ni,</strong></span> <span class='ocrx_word' id='word_1_373' title='bbox 1347 1088 1451 1123; x_wconf 86' lang='lat' dir='ltr'><strong>quem</strong></span> <span class='ocrx_word' id='word_1_374' title='bbox 1489 1075 1626 1110; x_wconf 48' lang='lat' dir='ltr'><strong>Auctor</strong></span> <span class='ocrx_word' id='word_1_375' title='bbox 1666 1083 1769 1109; x_wconf 89' lang='lat' dir='ltr'><strong>vocat</strong></span> <span class='ocrx_word' id='word_1_376' title='bbox 1810 1074 2001 1109; x_wconf 79' lang='lat' dir='ltr'><strong>Mastinum</strong></span> 
     </span>
     <span class='ocr_line' id='line_1_68' title="bbox 1247 1124 2003 1173; baseline 0.003 -14"><span class='ocrx_word' id='word_1_377' title='bbox 1247 1138 1376 1160; x_wconf 89' lang='lat' dir='ltr'><strong>novum</strong></span> <span class='ocrx_word' id='word_1_378' title='bbox 1414 1125 1452 1161; x_wconf 90' lang='lat' dir='ltr'><strong>in</strong></span> <span class='ocrx_word' id='word_1_379' title='bbox 1487 1127 1593 1161; x_wconf 88' lang='lat' dir='ltr'><strong>Cant.</strong></span> <span class='ocrx_word' id='word_1_380' title='bbox 1623 1124 1867 1173; x_wconf 85' lang='lat' dir='ltr'><strong>praecedenti,</strong></span> <span class='ocrx_word' id='word_1_381' title='bbox 1908 1126 2003 1161; x_wconf 86' lang='lat' dir='ltr'><strong>ordi-</strong></span> 
     </span>
     <span class='ocr_line' id='line_1_69' title="bbox 1246 1175 2002 1224; baseline 0.003 -14"><span class='ocrx_word' id='word_1_382' title='bbox 1246 1176 1345 1211; x_wconf 89' lang='lat' dir='ltr'><strong>navit</strong></span> <span class='ocrx_word' id='word_1_383' title='bbox 1386 1175 1560 1211; x_wconf 82' lang='lat' dir='ltr'><strong>fallaciter</strong></span> <span class='ocrx_word' id='word_1_384' title='bbox 1599 1189 1705 1212; x_wconf 83' lang='lat' dir='ltr'><strong>unum</strong></span> <span class='ocrx_word' id='word_1_385' title='bbox 1735 1176 2002 1224; x_wconf 32' lang='lat' dir='ltr'><strong>‘parlamentum</strong></span> 
     </span>
     <span class='ocr_line' id='line_1_70' title="bbox 1245 1225 2002 1275; baseline -0.001 -13"><span class='ocrx_word' id='word_1_386' title='bbox 1245 1225 1282 1261; x_wconf 86' lang='lat' dir='ltr'><strong>in</strong></span> <span class='ocrx_word' id='word_1_387' title='bbox 1311 1226 1423 1266; x_wconf 88' lang='lat' dir='ltr'><strong>Vico,</strong></span> <span class='ocrx_word' id='word_1_388' title='bbox 1451 1227 1512 1275; x_wconf 86' lang='lat' dir='ltr'><strong>qui</strong></span> <span class='ocrx_word' id='word_1_389' title='bbox 1540 1226 1672 1262; x_wconf 85' lang='lat' dir='ltr'><strong>dicitur</strong></span> <span class='ocrx_word' id='word_1_390' title='bbox 1699 1226 1906 1262; x_wconf 87' lang='lat' dir='ltr'><strong>Catholica.</strong></span> <span class='ocrx_word' id='word_1_391' title='bbox 1944 1226 2002 1262; x_wconf 86' lang='lat' dir='ltr'><strong>Ad</strong></span> 
     </span>
     <span class='ocr_line' id='line_1_71' title="bbox 1245 1276 2002 1325; baseline -0.001 -13"><span class='ocrx_word' id='word_1_392' title='bbox 1245 1276 1337 1325; x_wconf 90' lang='lat' dir='ltr'><strong>quod</strong></span> <span class='ocrx_word' id='word_1_393' title='bbox 1379 1277 1552 1314; x_wconf 86' lang='lat' dir='ltr'><strong>invitavit</strong></span> <span class='ocrx_word' id='word_1_394' title='bbox 1596 1277 1682 1313; x_wconf 90' lang='lat' dir='ltr'><strong>duos</strong></span> <span class='ocrx_word' id='word_1_395' title='bbox 1709 1277 1910 1325; x_wconf 85' lang='lat' dir='ltr'><strong>praecipuos</strong></span> <span class='ocrx_word' id='word_1_396' title='bbox 1938 1276 2002 1312; x_wconf 89' lang='lat' dir='ltr'><strong>Ci—</strong></span> 
     </span>
     <span class='ocr_line' id='line_1_72' title="bbox 1246 1325 2001 1374; baseline 0 -12"><span class='ocrx_word' id='word_1_397' title='bbox 1246 1341 1303 1363; x_wconf 87' lang='lat' dir='ltr'><strong>ves</strong></span> <span class='ocrx_word' id='word_1_398' title='bbox 1345 1327 1386 1363; x_wconf 91' lang='lat' dir='ltr'><strong>de</strong></span> <span class='ocrx_word' id='word_1_399' title='bbox 1427 1328 1588 1364; x_wconf 84' lang='lat' dir='ltr'><strong>Civitate</strong></span> <span class='ocrx_word' id='word_1_400' title='bbox 1629 1327 1739 1363; x_wconf 81' lang='lat' dir='ltr'><strong>Pani.</strong></span> <span class='ocrx_word' id='word_1_401' title='bbox 1783 1325 1856 1372; x_wconf 82' lang='lat' dir='ltr'><strong>Qui</strong></span> <span class='ocrx_word' id='word_1_402' title='bbox 1893 1334 2001 1374; x_wconf 80' lang='lat' dir='ltr'><strong>quum</strong></span> 
     </span>
     <span class='ocr_line' id='line_1_73' title="bbox 1246 1376 2002 1426; baseline 0.001 -14"><span class='ocrx_word' id='word_1_403' title='bbox 1246 1378 1406 1414; x_wconf 84' lang='lat' dir='ltr'><strong>venirent</strong></span> <span class='ocrx_word' id='word_1_404' title='bbox 1433 1392 1492 1426; x_wconf 84' lang='lat' dir='ltr'><strong>per</strong></span> <span class='ocrx_word' id='word_1_405' title='bbox 1519 1391 1612 1414; x_wconf 85' lang='lat' dir='ltr'><strong>mare</strong></span> <span class='ocrx_word' id='word_1_406' title='bbox 1640 1377 1676 1413; x_wconf 88' lang='lat' dir='ltr'><strong>in</strong></span> <span class='ocrx_word' id='word_1_407' title='bbox 1704 1376 1809 1415; x_wconf 88' lang='lat' dir='ltr'><strong>navi,</strong></span> <span class='ocrx_word' id='word_1_408' title='bbox 1849 1377 1883 1411; x_wconf 74' lang='grc' dir='ltr'><strong>ὃ(</strong></span> <span class='ocrx_word' id='word_1_409' title='bbox 1926 1390 2002 1426; x_wconf 84' lang='lat' dir='ltr'><strong>per—</strong></span> 
     </span>
     <span class='ocr_line' id='line_1_74' title="bbox 1246 1428 2001 1477; baseline -0.001 -14"><span class='ocrx_word' id='word_1_410' title='bbox 1246 1428 1416 1464; x_wconf 76' lang='lat' dir='ltr'><strong>veniffent</strong></span> <span class='ocrx_word' id='word_1_411' title='bbox 1443 1428 1482 1464; x_wconf 87' lang='lat' dir='ltr'><strong>ad</strong></span> <span class='ocrx_word' id='word_1_412' title='bbox 1513 1428 1665 1477; x_wconf 81' lang='lat' dir='ltr'><strong>plagiam</strong></span> <span class='ocrx_word' id='word_1_413' title='bbox 1693 1428 1792 1476; x_wconf 84' lang='lat' dir='ltr'><strong>juxta</strong></span> <span class='ocrx_word' id='word_1_414' title='bbox 1821 1435 2001 1472; x_wconf 85' lang='lat' dir='ltr'><strong>montem,</strong></span> 
     </span>
     <span class='ocr_line' id='line_1_75' title="bbox 1245 1477 1999 1526; baseline -0.001 -12"><span class='ocrx_word' id='word_1_415' title='bbox 1245 1479 1305 1526; x_wconf 81' lang='lat' dir='ltr'><strong>qui</strong></span> <span class='ocrx_word' id='word_1_416' title='bbox 1334 1488 1480 1514; x_wconf 84' lang='lat' dir='ltr'><strong>vocatur</strong></span> <span class='ocrx_word' id='word_1_417' title='bbox 1508 1478 1673 1522; x_wconf 88' lang='lat' dir='ltr'><strong>Focaria,</strong></span> <span class='ocrx_word' id='word_1_418' title='bbox 1701 1477 1841 1514; x_wconf 70' lang='lat' dir='ltr'><strong>fnerunt</strong></span> <span class='ocrx_word' id='word_1_419' title='bbox 1870 1478 1999 1526; x_wconf 83' lang='lat' dir='ltr'><strong>praeci</strong></span> 
     </span>
     <span class='ocr_line' id='line_1_76' title="bbox 1247 1527 2002 1577; baseline -0.001 -13"><span class='ocrx_word' id='word_1_420' title='bbox 1247 1529 1350 1577; x_wconf 86' lang='lat' dir='ltr'><strong>pitati</strong></span> <span class='ocrx_word' id='word_1_421' title='bbox 1379 1529 1414 1564; x_wconf 89' lang='lat' dir='ltr'><strong>in</strong></span> <span class='ocrx_word' id='word_1_422' title='bbox 1445 1543 1558 1568; x_wconf 89' lang='lat' dir='ltr'><strong>mare,</strong></span> <span class='ocrx_word' id='word_1_423' title='bbox 1599 1530 1632 1564; x_wconf 80' lang='lat'><strong>8&lt;</strong></span> <span class='ocrx_word' id='word_1_424' title='bbox 1670 1527 1829 1563; x_wconf 78' lang='lat' dir='ltr'><strong>suffocati</strong></span> <span class='ocrx_word' id='word_1_425' title='bbox 1867 1529 1908 1563; x_wconf 88' lang='lat' dir='ltr'><strong>ab</strong></span> <span class='ocrx_word' id='word_1_426' title='bbox 1936 1528 2002 1563; x_wconf 88' lang='lat' dir='ltr'><strong>iis</strong></span> 
     </span>
     <span class='ocr_line' id='line_1_77' title="bbox 1247 1578 2001 1627; baseline -0.001 -12"><span class='ocrx_word' id='word_1_427' title='bbox 1247 1580 1307 1627; x_wconf 84' lang='lat' dir='ltr'><strong>qui</strong></span> <span class='ocrx_word' id='word_1_428' title='bbox 1335 1589 1432 1615; x_wconf 83' lang='lat' dir='ltr'><strong>erant</strong></span> <span class='ocrx_word' id='word_1_429' title='bbox 1460 1580 1498 1614; x_wconf 90' lang='lat' dir='ltr'><strong>in</strong></span> <span class='ocrx_word' id='word_1_430' title='bbox 1526 1580 1631 1623; x_wconf 84' lang='lat' dir='ltr'><strong>navi,</strong></span> <span class='ocrx_word' id='word_1_431' title='bbox 1669 1579 1752 1614; x_wconf 80' lang='lat' dir='ltr'><strong>sicut</strong></span> <span class='ocrx_word' id='word_1_432' title='bbox 1781 1578 2001 1626; x_wconf 68' lang='lat' dir='ltr'><strong>praeordina</strong></span> 
     </span>
     <span class='ocr_line' id='line_1_78' title="bbox 1220 1628 2002 1678; baseline -0.003 -13"><span class='ocrx_word' id='word_1_433' title='bbox 1220 1648 1221 1652; x_wconf 61' lang='lat'><em>=</em></span> <span class='ocrx_word' id='word_1_434' title='bbox 1247 1641 1321 1665; x_wconf 81' lang='lat' dir='ltr'><strong>tum</strong></span> <span class='ocrx_word' id='word_1_435' title='bbox 1351 1640 1422 1665; x_wconf 89' lang='lat' dir='ltr'><strong>erat</strong></span> <span class='ocrx_word' id='word_1_436' title='bbox 1451 1643 1510 1678; x_wconf 88' lang='lat' dir='ltr'><strong>per</strong></span> <span class='ocrx_word' id='word_1_437' title='bbox 1536 1629 1671 1664; x_wconf 59' lang='lat' dir='ltr'><strong>dicium</strong></span> <span class='ocrx_word' id='word_1_438' title='bbox 1714 1628 1976 1665; x_wconf 85' lang='lat' dir='ltr'><strong>Malatestinum</strong></span> <span class='ocrx_word' id='word_1_439' title='bbox 1995 1657 2002 1663; x_wconf 91' lang='lat'>.</span> 
     </span>
     <span class='ocr_line' id='line_1_79' title="bbox 1220 1678 2001 1728; baseline -0.004 -12"><span class='ocrx_word' id='word_1_440' title='bbox 1220 1710 1223 1727; x_wconf 28' lang='grc' dir='ltr'>ἱ</span> <span class='ocrx_word' id='word_1_441' title='bbox 1250 1681 1349 1716; x_wconf 82' lang='lat' dir='ltr'><strong>Dicit</strong></span> <span class='ocrx_word' id='word_1_442' title='bbox 1377 1693 1458 1728; x_wconf 84' lang='lat' dir='ltr'><strong>ergo</strong></span> <span class='ocrx_word' id='word_1_443' title='bbox 1487 1682 1608 1715; x_wconf 85' lang='lat' dir='ltr'><strong>Petrus</strong></span> <span class='ocrx_word' id='word_1_444' title='bbox 1630 1678 1803 1714; x_wconf 56' lang='lat' dir='ltr'><strong>Auctori:</strong></span> <span class='ocrx_word' id='word_1_445' title='bbox 1834 1682 1865 1714; x_wconf 89' lang='lat' dir='ltr'><em>E</em></span> <span class='ocrx_word' id='word_1_446' title='bbox 1886 1680 1925 1723; x_wconf 72' lang='lat' dir='ltr'><strong>fa</strong></span> <span class='ocrx_word' id='word_1_447' title='bbox 1946 1679 2001 1724; x_wconf 80' lang='lat' dir='ltr'><strong>sa-</strong></span> 
     </span>
     <span class='ocr_line' id='line_1_80' title="bbox 1221 1729 2004 1777; baseline 0 -13"><span class='ocrx_word' id='word_1_448' title='bbox 1221 1757 1223 1761; x_wconf 94' lang='lat'>.</span> <span class='ocrx_word' id='word_1_449' title='bbox 1245 1730 1309 1777; x_wconf 78' lang='lat' dir='ltr'><strong>per’</strong></span> <span class='ocrx_word' id='word_1_450' title='bbox 1327 1746 1346 1765; x_wconf 85' lang='lat' dir='ltr'><strong>a</strong></span> <span class='ocrx_word' id='word_1_451' title='bbox 1386 1731 1398 1764; x_wconf 83' lang='lat' dir='ltr'><em>i</em></span> <span class='ocrx_word' id='word_1_452' title='bbox 1433 1732 1494 1764; x_wconf 82' lang='lat' dir='ltr'><strong>due</strong></span> <span class='ocrx_word' id='word_1_453' title='bbox 1521 1730 1646 1776; x_wconf 72' lang='lat' dir='ltr'><strong>miglior</strong></span> <span class='ocrx_word' id='word_1_454' title='bbox 1684 1730 1721 1764; x_wconf 81' lang='lat' dir='ltr'><strong>dt&#39;</strong></span> <span class='ocrx_word' id='word_1_455' title='bbox 1757 1732 1848 1764; x_wconf 84' lang='lat' dir='ltr'><strong>Fano</strong></span> <span class='ocrx_word' id='word_1_456' title='bbox 1865 1757 1874 1774; x_wconf 84' lang='lat'><strong>,</strong></span> <span class='ocrx_word' id='word_1_457' title='bbox 1901 1729 2004 1769; x_wconf 83' lang='lat' dir='ltr'><strong>idest,</strong></span> 
     </span>
     <span class='ocr_line' id='line_1_81' title="bbox 1248 1780 2005 1828; baseline -0.001 -12"><span class='ocrx_word' id='word_1_458' title='bbox 1248 1782 1380 1816; x_wconf 76' lang='lat' dir='ltr'><strong>duobus</strong></span> <span class='ocrx_word' id='word_1_459' title='bbox 1408 1781 1586 1816; x_wconf 89' lang='lat' dir='ltr'><strong>nobilibus</strong></span> <span class='ocrx_word' id='word_1_460' title='bbox 1614 1780 1655 1816; x_wconf 92' lang='lat' dir='ltr'><strong>de</strong></span> <span class='ocrx_word' id='word_1_461' title='bbox 1691 1780 1874 1823; x_wconf 84' lang='lat' dir='ltr'><strong>Civitate,</strong></span> <span class='ocrx_word' id='word_1_462' title='bbox 1918 1794 2005 1828; x_wconf 83' lang='lat' dir='ltr'><strong>quae</strong></span> 
     </span>
     <span class='ocr_line' id='line_1_82' title="bbox 1223 1830 2004 1879; baseline 0 -13"><span class='ocrx_word' id='word_1_463' title='bbox 1223 1866 1225 1879; x_wconf 56' lang='grc'><strong>,</strong></span> <span class='ocrx_word' id='word_1_464' title='bbox 1248 1833 1379 1867; x_wconf 86' lang='lat' dir='ltr'><strong>dicitur</strong></span> <span class='ocrx_word' id='word_1_465' title='bbox 1407 1834 1562 1871; x_wconf 84' lang='lat' dir='ltr'><strong>Fanum,</strong></span> <span class='ocrx_word' id='word_1_466' title='bbox 1603 1830 1640 1866; x_wconf 89' lang='lat' dir='ltr'><strong>in</strong></span> <span class='ocrx_word' id='word_1_467' title='bbox 1677 1831 1783 1866; x_wconf 89' lang='lat' dir='ltr'><strong>litore</strong></span> <span class='ocrx_word' id='word_1_468' title='bbox 1810 1831 1922 1866; x_wconf 78' lang='lat' dir='ltr'><strong>Maris</strong></span> <span class='ocrx_word' id='word_1_469' title='bbox 1952 1833 2004 1866; x_wconf 89' lang='lat' dir='ltr'><strong>A-</strong></span> 
     </span>
     <span class='ocr_line' id='line_1_83' title="bbox 1222 1881 2005 1930; baseline 0.001 -14"><span class='ocrx_word' id='word_1_470' title='bbox 1222 1888 1224 1900; x_wconf 86' lang='lat'>¹</span> <span class='ocrx_word' id='word_1_471' title='bbox 1249 1882 1411 1923; x_wconf 50' lang='lat' dir='ltr'><strong>(nimici,</strong></span> <span class='ocrx_word' id='word_1_472' title='bbox 1457 1881 1580 1916; x_wconf 82' lang='lat' dir='ltr'><strong>distans</strong></span> <span class='ocrx_word' id='word_1_473' title='bbox 1635 1881 1677 1916; x_wconf 87' lang='lat' dir='ltr'><strong>ab</strong></span> <span class='ocrx_word' id='word_1_474' title='bbox 1727 1881 1896 1916; x_wconf 82' lang='lat' dir='ltr'><strong>Arimino</strong></span> <span class='ocrx_word' id='word_1_475' title='bbox 1945 1895 2005 1930; x_wconf 82' lang='lat' dir='ltr'><strong>per</strong></span> 
     </span>
     <span class='ocr_line' id='line_1_84' title="bbox 1253 1931 1744 1968; baseline -0.004 0"><span class='ocrx_word' id='word_1_476' title='bbox 1253 1935 1361 1968; x_wconf 79' lang='lat' dir='ltr'>XXX.</span> <span class='ocrx_word' id='word_1_477' title='bbox 1391 1932 1578 1967; x_wconf 81' lang='lat' dir='ltr'><strong>milliaria:</strong></span> <span class='ocrx_word' id='word_1_478' title='bbox 1610 1931 1744 1967; x_wconf 90' lang='lat' dir='ltr'><strong>scilicet</strong></span> 
     </span>
    </p>

    <p class='ocr_par' dir='ltr' id='par_1_15' title="bbox 1300 1981 2006 2027">
     <span class='ocr_line' id='line_1_85' title="bbox 1300 1981 2006 2027; baseline 0 -9"><span class='ocrx_word' id='word_1_479' title='bbox 1300 1987 1345 2018; x_wconf 74' lang='lat' dir='ltr'><em>A</em></span> <span class='ocrx_word' id='word_1_480' title='bbox 1366 1981 1481 2027; x_wconf 75' lang='lat' dir='ltr'><strong>Meffer</strong></span> <span class='ocrx_word' id='word_1_481' title='bbox 1506 1982 1631 2022; x_wconf 78' lang='lat' dir='ltr'><strong>Guido,</strong></span> <span class='ocrx_word' id='word_1_482' title='bbox 1673 1982 1718 2020; x_wconf 55' lang='grc' dir='ltr'><strong>εἷ)</strong></span> <span class='ocrx_word' id='word_1_483' title='bbox 1759 1995 1833 2017; x_wconf 76' lang='lat' dir='ltr'><strong>anco</strong></span> <span class='ocrx_word' id='word_1_484' title='bbox 1859 1984 1903 2017; x_wconf 71' lang='lat' dir='ltr'><strong>ad</strong></span> <span class='ocrx_word' id='word_1_485' title='bbox 1928 1986 2006 2018; x_wconf 68' lang='lat' dir='ltr'><strong>An-</strong></span> 
     </span>
    </p>

    <p class='ocr_par' dir='ltr' id='par_1_16' title="bbox 1348 2034 1503 2080">
     <span class='ocr_line' id='line_1_86' title="bbox 1348 2034 1503 2080; baseline -0.013 -12"><span class='ocrx_word' id='word_1_486' title='bbox 1348 2034 1503 2080; x_wconf 60' lang='grc' dir='ltr'><strong>ίξὶοίείίο,</strong></span> 
     </span>
    </p>

    <p class='ocr_par' dir='ltr' id='par_1_17' title="bbox 1225 2082 2009 2447">
     <span class='ocr_line' id='line_1_87' title="bbox 1252 2082 2008 2120; baseline -0.003 0"><span class='ocrx_word' id='word_1_487' title='bbox 1252 2084 1369 2120; x_wconf 84' lang='lat' dir='ltr'><strong>Guido</strong></span> <span class='ocrx_word' id='word_1_488' title='bbox 1406 2093 1479 2119; x_wconf 80' lang='lat' dir='ltr'><strong>erat</strong></span> <span class='ocrx_word' id='word_1_489' title='bbox 1521 2082 1652 2118; x_wconf 82' lang='lat' dir='ltr'><strong>nobilis</strong></span> <span class='ocrx_word' id='word_1_490' title='bbox 1689 2083 1798 2119; x_wconf 80' lang='lat' dir='ltr'><strong>Miles</strong></span> <span class='ocrx_word' id='word_1_491' title='bbox 1825 2083 1892 2119; x_wconf 86' lang='lat' dir='ltr'><strong>illo</strong></span> <span class='ocrx_word' id='word_1_492' title='bbox 1918 2092 2008 2119; x_wconf 83' lang='lat' dir='ltr'><strong>tem—</strong></span> 
     </span>
     <span class='ocr_line' id='line_1_88' title="bbox 1254 2133 2007 2184; baseline -0.001 -14"><span class='ocrx_word' id='word_1_493' title='bbox 1254 2149 1334 2184; x_wconf 87' lang='lat' dir='ltr'><strong>pore</strong></span> <span class='ocrx_word' id='word_1_494' title='bbox 1361 2134 1399 2170; x_wconf 87' lang='lat' dir='ltr'><strong>in</strong></span> <span class='ocrx_word' id='word_1_495' title='bbox 1427 2134 1520 2169; x_wconf 57' lang='lat' dir='ltr'><strong>dicia</strong></span> <span class='ocrx_word' id='word_1_496' title='bbox 1548 2133 1734 2173; x_wconf 57' lang='lat' dir='ltr'><strong>(Divitem,</strong></span> <span class='ocrx_word' id='word_1_497' title='bbox 1776 2134 1835 2182; x_wconf 73' lang='lat' dir='ltr'><strong>qui</strong></span> <span class='ocrx_word' id='word_1_498' title='bbox 1865 2144 2007 2170; x_wconf 81' lang='lat' dir='ltr'><strong>vocatus</strong></span> 
     </span>
     <span class='ocr_line' id='line_1_89' title="bbox 1253 2184 2009 2222; baseline -0.004 0"><span class='ocrx_word' id='word_1_499' title='bbox 1253 2186 1297 2222; x_wconf 86' lang='lat' dir='ltr'><strong>est</strong></span> <span class='ocrx_word' id='word_1_500' title='bbox 1325 2184 1500 2220; x_wconf 89' lang='lat' dir='ltr'><strong>Dominus</strong></span> <span class='ocrx_word' id='word_1_501' title='bbox 1527 2185 1646 2220; x_wconf 88' lang='lat' dir='ltr'><strong>Guido</strong></span> <span class='ocrx_word' id='word_1_502' title='bbox 1673 2186 1728 2219; x_wconf 86' lang='lat' dir='ltr'><strong>del</strong></span> <span class='ocrx_word' id='word_1_503' title='bbox 1756 2184 1904 2221; x_wconf 80' lang='lat' dir='ltr'><strong>Casaro.</strong></span> <span class='ocrx_word' id='word_1_504' title='bbox 1932 2188 2009 2220; x_wconf 83' lang='lat' dir='ltr'><strong>An-</strong></span> 
     </span>
     <span class='ocr_line' id='line_1_90' title="bbox 1254 2235 2007 2286; baseline -0.001 -14"><span class='ocrx_word' id='word_1_505' title='bbox 1254 2237 1418 2286; x_wconf 85' lang='lat' dir='ltr'><strong>giolellus</strong></span> <span class='ocrx_word' id='word_1_506' title='bbox 1445 2235 1514 2271; x_wconf 80' lang='lat' dir='ltr'><strong>fuit</strong></span> <span class='ocrx_word' id='word_1_507' title='bbox 1541 2235 1629 2271; x_wconf 84' lang='lat' dir='ltr'><strong>alius</strong></span> <span class='ocrx_word' id='word_1_508' title='bbox 1658 2235 1802 2271; x_wconf 88' lang='lat' dir='ltr'><strong>Nobilis</strong></span> <span class='ocrx_word' id='word_1_509' title='bbox 1820 2261 1828 2275; x_wconf 83' lang='lat'><strong>,</strong></span> <span class='ocrx_word' id='word_1_510' title='bbox 1857 2236 1917 2284; x_wconf 84' lang='lat' dir='ltr'><strong>qui</strong></span> <span class='ocrx_word' id='word_1_511' title='bbox 1946 2249 2007 2271; x_wconf 87' lang='lat' dir='ltr'><strong>vo-</strong></span> 
     </span>
     <span class='ocr_line' id='line_1_91' title="bbox 1253 2286 2006 2335; baseline -0.006 -12"><span class='ocrx_word' id='word_1_512' title='bbox 1253 2298 1349 2323; x_wconf 83' lang='lat' dir='ltr'><strong>catus</strong></span> <span class='ocrx_word' id='word_1_513' title='bbox 1390 2286 1435 2322; x_wconf 84' lang='lat' dir='ltr'><strong>est</strong></span> <span class='ocrx_word' id='word_1_514' title='bbox 1475 2287 1684 2335; x_wconf 77' lang='lat' dir='ltr'><strong>Agnolellus</strong></span> <span class='ocrx_word' id='word_1_515' title='bbox 1712 2286 1753 2321; x_wconf 87' lang='lat' dir='ltr'><strong>de</strong></span> <span class='ocrx_word' id='word_1_516' title='bbox 1780 2288 2006 2335; x_wconf 79' lang='lat' dir='ltr'><strong>Carignano:</strong></span> 
     </span>
     <span class='ocr_line' id='line_1_92' title="bbox 1254 2335 2008 2386; baseline -0.005 -12"><span class='ocrx_word' id='word_1_517' title='bbox 1254 2341 1286 2374; x_wconf 88' lang='lat'>&amp;</span> <span class='ocrx_word' id='word_1_518' title='bbox 1324 2337 1361 2373; x_wconf 81' lang='lat' dir='ltr'><strong>hi</strong></span> <span class='ocrx_word' id='word_1_519' title='bbox 1404 2337 1506 2372; x_wconf 77' lang='lat' dir='ltr'><strong>ambo</strong></span> <span class='ocrx_word' id='word_1_520' title='bbox 1545 2346 1641 2372; x_wconf 72' lang='lat' dir='ltr'><strong>erant</strong></span> <span class='ocrx_word' id='word_1_521' title='bbox 1681 2336 1858 2386; x_wconf 82' lang='lat' dir='ltr'><strong>Principes</strong></span> <span class='ocrx_word' id='word_1_522' title='bbox 1895 2335 2008 2371; x_wconf 57' lang='lat' dir='ltr'><strong>dietae</strong></span> 
     </span>
     <span class='ocr_line' id='line_1_93' title="bbox 1225 2388 1444 2447; baseline -0.015 -22"><span class='ocrx_word' id='word_1_523' title='bbox 1225 2397 1228 2447; x_wconf 69' lang='lat' dir='ltr'><strong>j</strong></span> <span class='ocrx_word' id='word_1_524' title='bbox 1254 2388 1444 2425; x_wconf 86' lang='lat' dir='ltr'><strong>Civitatis.</strong></span> 
     </span>
    </p>
   </div>
   <div class='ocr_carea' id='block_1_13' title="bbox 1218 2438 1984 2579">
    <p class='ocr_par' dir='ltr' id='par_1_18' title="bbox 1218 2438 1984 2579">
     <span class='ocr_line' id='line_1_94' title="bbox 1305 2438 1984 2484; baseline -0.006 -10"><span class='ocrx_word' id='word_1_525' title='bbox 1305 2441 1396 2481; x_wconf 80' lang='lat' dir='ltr'><strong>Che,</strong></span> <span class='ocrx_word' id='word_1_526' title='bbox 1413 2439 1446 2482; x_wconf 73' lang='lat' dir='ltr'><strong>se</strong></span> <span class='ocrx_word' id='word_1_527' title='bbox 1466 2438 1489 2472; x_wconf 80' lang='lat' dir='ltr'><strong>l’</strong></span> <span class='ocrx_word' id='word_1_528' title='bbox 1497 2439 1668 2474; x_wconf 64' lang='lat' dir='ltr'><strong>amit-eder</strong></span> <span class='ocrx_word' id='word_1_529' title='bbox 1685 2438 1741 2484; x_wconf 72' lang='lat' dir='ltr'><strong>qui</strong></span> <span class='ocrx_word' id='word_1_530' title='bbox 1759 2451 1816 2472; x_wconf 79' lang='lat' dir='ltr'><strong>non</strong></span> <span class='ocrx_word' id='word_1_531' title='bbox 1839 2438 1854 2470; x_wconf 75' lang='grc' dir='ltr'><em>ἑ</em></span> <span class='ocrx_word' id='word_1_532' title='bbox 1877 2450 1984 2475; x_wconf 62' lang='grc' dir='ltr'><strong>ἰ-,ανιο</strong></span> 
     </span>
     <span class='ocr_line' id='line_1_95' title="bbox 1218 2460 1964 2579; baseline -0.007 -54"><span class='ocrx_word' id='word_1_533' title='bbox 1218 2460 1231 2579; x_wconf 64' lang='lat' dir='ltr'><strong>l</strong></span> <span class='ocrx_word' id='word_1_534' title='bbox 1357 2466 1479 2524; x_wconf 64' lang='lat' dir='ltr'><strong>Gi&#39;ttzti</strong></span> <span class='ocrx_word' id='word_1_535' title='bbox 1497 2490 1594 2534; x_wconf 76' lang='lat' dir='ltr'><strong>faran</strong></span> <span class='ocrx_word' id='word_1_536' title='bbox 1614 2490 1688 2533; x_wconf 71' lang='lat' dir='ltr'><strong>faor</strong></span> <span class='ocrx_word' id='word_1_537' title='bbox 1700 2488 1737 2522; x_wconf 80' lang='lat' dir='ltr'><strong>di</strong></span> <span class='ocrx_word' id='word_1_538' title='bbox 1755 2489 1802 2521; x_wconf 80' lang='lat' dir='ltr'><strong>lor</strong></span> <span class='ocrx_word' id='word_1_539' title='bbox 1819 2488 1964 2532; x_wconf 67' lang='lat' dir='ltr'><strong>vasella.</strong></span> 
     </span>
    </p>
   </div>
   <div class='ocr_carea' id='block_1_14' title="bbox 1219 1392 1226 1960">
    <p class='ocr_par' dir='ltr' id='par_1_19' title="bbox 1219 1392 1226 1960">
     <span class='ocr_line' id='line_1_96' title="bbox 1219 1392 1226 1960; baseline 0 0"><span class='ocrx_word' id='word_1_540' title='bbox 1219 1392 1226 1960; x_wconf 95' lang='lat' dir='ltr'><strong> </strong></span> 
     </span>
    </p>
   </div>
   <div class='ocr_carea' id='block_1_15' title="bbox 1219 1392 1228 2139">
    <p class='ocr_par' dir='ltr' id='par_1_20' title="bbox 1219 1392 1228 2139">
     <span class='ocr_line' id='line_1_97' title="bbox 1219 1392 1228 2139; baseline 0 0"><span class='ocrx_word' id='word_1_541' title='bbox 1219 1392 1228 2139; x_wconf 95' lang='lat' dir='ltr'><strong> </strong></span> 
     </span>
    </p>
   </div>
   <div class='ocr_carea' id='block_1_16' title="bbox 1858 2588 1963 2629">
    <p class='ocr_par' dir='ltr' id='par_1_21' title="bbox 1858 2588 1963 2629">
     <span class='ocr_line' id='line_1_98' title="bbox 1858 2588 1963 2629; baseline 0 -5"><span class='ocrx_word' id='word_1_542' title='bbox 1858 2588 1963 2629; x_wconf 72' lang='lat' dir='ltr'><strong>Idest9</strong></span> 
     </span>
    </p>
   </div>
  </div>
 </body>
</html>
