2216 3105
428 214 514 269 603
713 212 1179 257 BENVENUTJ
1217 212 1662 258 JMOLENSJS
1851 224 1938 272 604

415 274 468 307 Ne
494 271 605 317 lascero
623 271 659 307 di
677 273 749 315 dir,
773 273 876 322 perch'
887 275 965 309 altri
991 288 1019 308 rz
1023 273 1122 310 '.0da

365 319 471 362 idest,
509 336 579 358 non
616 325 739 360 tacebo
776 338 906 367 unum,
943 324 1036 373 quod
1063 338 1124 360 oc-

366 373 477 408 currit
505 372 593 409 mihi
631 387 724 411 nunc
751 375 963 414 dicendum,
1001 389 1124 423 quam—

363 423 420 458 vis
448 423 507 460 iste
535 424 669 461 Tuscus
701 425 801 462 vivus
830 427 971 470 audiat,
1008 429 1042 461 δε
1071 437 1123 462 at-

366 483 463 510 tente
492 488 546 510 me
568 476 758 513 auscultet.
787 479 832 512 Et
860 477 969 512 dicit:

417 528 449 559 E
476 528 556 561 buon
583 527 655 570 sard
681 542 702 561 a
727 528 838 568 cosini,
866 549 882 554 —
907 548 924 554 -
951 548 967 554 -
993 547 1010 555 ·-

365 573 470 620 idest,
499 576 588 612 utile
616 578 683 612 erit
710 577 764 613 isti
791 577 930 612 Tusco:

417 646 433 652 —
448 648 464 653 -
479 648 495 653 -
510 649 526 653 —
551 626 681 662 s’ancor
706 627 732 661 s’
742 639 922 672 ammenta,

363 675 447 712 idest
465 710 468 715 ⁴
496 678 715 713 recordatur:

416 729 463 761 Di
488 729 552 766 cib,
580 728 631 761 che
656 742 730 762 vero
755 728 851 774 spirtu
878 728 922 762 mi
947 728 1098 772 disnoda.

365 775 481 816 mest,
518 777 611 825 ejus,
653 778 746 826 quod
785 791 880 814 mens
918 791 994 813 mea
1032 791 1123 813 nunc

363 827 556 875 praesagit,
592 828 676 875 quia
715 829 845 873 poterit
883 828 973 864 forte
1003 829 1122 877 provi-

363 876 441 913 dere
463 877 546 919 fibi
576 892 683 937 quum
705 879 745 915 fit
765 879 1013 928 expellendu53
1045 880 1122 923 vel,

363 941 429 968 ne,
457 942 563 978 quum
594 930 662 966 erit
689 931 872 978 expullus,
899 939 1044 977 quaerat
1071 944 1123 966 re—

363 978 464 1023 dire,
507 980 547 1015 ad
589 980 787 1016 faciendum
831 981 863 1016 se
899 980 1120 1029 decapitari3

364 1030 421 1065 vel
459 1031 589 1067 bonum
626 1031 720 1075 erit,
767 1041 806 1067 ut
840 1031 900 1067 det
937 1030 1121 1067 infamiam

364 1081 500 1128 Nepoti
530 1092 613 1118 tuo,

412 1133 446 1166 10
471 1133 584 1179 veggio
611 1145 663 1168 tuo
689 1133 806 1180 prote
820 1152 1002 1173 -----

362 1182 455 1217 Heic
483 1183 602 1219 Guido
628 1193 746 1219 narrat
772 1183 926 1227 fastum,
963 1183 1118 1219 futurum

363 1231 465 1273 cito,
508 1233 626 1270 dicens
667 1237 700 1269 Io
738 1248 853 1282 veggto
887 1245 940 1268 tuo
979 1234 1121 1280 Nipote‚

362 1282 518 1324 scilicet,
557 1285 780 1330 Fulcerium,
820 1285 935 1321 virum
964 1287 1044 1321 vere
1072 1285 1122 1321 fe—

363 1347 500 1370 rocem:

412 1405 428 1412 -
455 1407 471 1412 -
497 1407 513 1413 -
539 1408 556 1413 —
582 1388 633 1421 che
659 1387 795 1421 diventa

412 1437 572 1471 Caeciator
596 1438 634 1472 di
660 1437 726 1485 que’
743 1437 813 1483 lupi
839 1458 855 1463 —
882 1458 898 1462 -
925 1458 941 1462 —
969 1458 984 1463 -

362 1485 470 1527 idest,
501 1487 726 1536 persequutor
753 1487 1065 1522 Florentinorum:

411 1538 838 1583 --—-insulariva

412 1588 476 1621 Del
502 1587 584 1632 fiero
611 1589 744 1627 Fimne,
773 1609 789 1614 -
816 1608 831 1612 -
858 1608 874 1613 —
901 1607 917 1614 -

363 1636 524 1677 scilicet,
553 1639 671 1674 Arni.

455 1709 470 1714 -
498 1710 514 1714 -
540 1710 557 1715 —
583 1703 598 1723 e
624 1688 704 1723 tutti
725 1688 777 1735 gli
797 1688 983 1735 sgomenta.

361 1737 470 1776 Idest,
507 1738 698 1775 disturbat,
734 1741 782 1774 Et
818 1738 949 1774 ostendi
953 1747 994 1782 t,
1031 1751 1119 1785 quo-

361 1789 491 1831 modo,
519 1789 659 1824 dicens.

414 1841 518 1873 Vende
544 1840 578 1873 la
604 1853 694 1874 carne
721 1839 804 1883 loro,
833 1837 950 1883 essendo
975 1838 1060 1873 viva
1073 1851 1095 1880 ,-

362 1888 458 1934 Quia
486 1889 664 1925 Musattus
701 1889 923 1929 Francefius,
961 1888 1023 1936 qui
1061 1902 1119 1935 pe-

361 1940 464 1975 cunia
504 1939 560 1975 sua
597 1950 797 1988 corruperat
838 1939 1006 1975 Carolurn
1051 1938 1119 1974 fra—

361 1999 448 2025 trem
489 1990 594 2039 Regis
637 1990 803 2026 franciae
827 2018 837 2033 ‚
879 1990 940 2037 qui
978 1998 1120 2026 venerat

362 2041 581 2076 Florentiam
609 2050 790 2089 tamquam
820 2051 909 2087 part·
914 2040 1027 2084 arius,
1061 2041 1120 2076 be-

362 2103 405 2125 ne
426 2091 545 2139 potuit
563 2105 783 2140 corrumpere
808 2093 1030 2131 folcerium,
1059 2091 1120 2139 qui

362 2153 505 2178 venerat
527 2142 743 2179 Florentiam
767 2151 947 2190 tamquam
970 2142 1117 2179 Reffior:

410 2193 519 2238 Pescia
542 2194 595 2239 gli
621 2195 750 2233 ancide,
777 2206 855 2227 come
880 2193 986 2228 antica
1006 2192 1121 2227 belva.

362 2242 473 2283 mest,
512 2243 614 2280 bestia
632 2271 641 2286 ‚
677 2243 765 2279 sicut
792 2245 852 2279 bos
880 2243 918 2279 in
946 2243 1121 2279 sene5³tute

361 2293 529 2330 innocens
558 2294 667 2330 securi
697 2294 917 2341 percutitur.

610 2348 672 2381 Ad
701 2345 782 2389 Vers.
809 2347 870 2391 78.

409 2398 487 2429 Per&
508 2395 603 2441 sappi
622 2396 667 2430 ch'
681 2397 709 2430 io
728 2395 786 2439 son
814 2394 918 2429 Gut’do
936 2395 990 2429 del
1010 2397 1119 2430 Dum.

358 2444 426 2480 Vir
454 2446 625 2485 Nobilis,
663 2448 697 2482 &
734 2445 892 2482 liberalis
928 2446 969 2480 de
997 2446 1116 2482 Brete-

359 2494 484 2533 norio.

409 2548 463 2581 Fu
491 2547 516 2582 il
536 2546 657 2596 sangue
682 2548 745 2582 mio
773 2569 790 2574 -
817 2568 833 2574 -
859 2568 876 2575 -
900 2568 917 2574 ·-

1160 279 1193 314 A
1235 272 1326 309 Heic
1354 273 1494 314 Guido,
1522 274 1707 311 nominato
1735 274 1791 315 se,
1827 277 1992 313 nominat

1235 325 1395 372 culpam,
1422 326 1489 373 qua
1516 325 1593 362 heic
1622 335 1808 374 purgatur,
1845 326 1990 362 dicens:

1235 374 1260 409 il
1289 375 1411 423 sangue
1437 377 1518 416 mio,
1554 376 1664 416 idest,
1701 389 1766 425 ego
1793 375 1916 412 vivens
1953 377 1991 413 in

1236 425 1336 464 vita,
1373 427 1511 474 quando
1547 426 1683 463 scilicet
1710 427 1827 464 anima
1853 426 1990 463 sedebat

1236 475 1273 511 in
1301 475 1484 525 sanguine.

1286 547 1302 552 -
1328 548 1344 554 -
1371 548 1387 554 ·
1413 549 1430 554 -
1455 527 1488 562 d'
1504 528 1634 563 invidia
1659 530 1686 564 ,ςὶ
1714 529 1829 574 νὶανβ,

1237 576 1318 624 quia
1349 578 1480 612 invidus
1516 579 1645 613 invidiae
1680 581 1868 615 comburitur
1904 579 1989 615 intus

1237 634 1282 665 (φ
1309 638 1421 662 extra:

1287 678 1351 711 Che
1372 677 1406 721 se
1431 679 1548 712 vedum
1573 679 1674 724 aveffe
1700 693 1768 714 unm
1789 680 1871 727 farsi
1897 681 1970 715 licto

1236 740 1278 761 ex
1307 726 1425 774 aliqua
1453 728 1703 775 proiperitate:

1289 776 1372 818 VJsto
1398 791 1427 811 m
1430 776 1571 819 'avresti
1596 799 1613 804 -
1639 799 1655 805 -
1681 800 1698 806 -
1723 800 1740 806 -

1237 826 1344 866 idest,
1373 827 1491 863 videre
1519 840 1574 864 me
1602 829 1787 877 potuisses.

1287 898 1474 904 —————
1499 879 1536 912 di
1562 879 1662 914 livore
1682 880 1816 927 sparse.

1236 926 1343 967 Idest‚
1377 929 1494 964 colore
1521 928 1636 965 livido
1663 930 1850 979 respersum
1877 930 1915 967 in
1942 931 1993 967 fa-

1237 978 1314 1027 cie3
1343 979 1426 1027 quia
1453 979 1567 1016 statim
1597 981 1825 1025 pallescebam
1853 981 1993 1017 dolore.

1485 1034 1548 1065 Ad
1576 1032 1658 1076 Vers
1689 1034 1747 1077 85.

1286 1080 1398 1126 Q-uesti
1425 1082 1441 1114 ὲ
1469 1081 1608 1116 Rinier:
1635 1104 1652 1108 -
1678 1103 1695 1108 -
1720 1103 1736 1110 -·
1762 1103 1779 1108 -

1238 1131 1414 1166 Nominat
1449 1131 1583 1167 socium
1624 1132 1750 1177 suum,
1791 1130 1829 1169 δε
1866 1132 1997 1182 repetit

1236 1182 1274 1217 in
1301 1182 1645 1219 commendationem
1674 1184 1747 1232 ejus

1330 1253 1345 1259 -
1372 1253 1389 1259 -
1415 1253 1432 1259 -
1458 1233 1570 1280 ‚Quefli
1596 1235 1612 1268 ἑ
1627 1234 1650 1268 'l
1673 1234 1782 1281 pregio
1808 1247 1823 1268 e
1848 1233 1872 1268 l’
1884 1246 1971 1269 onore

1287 1285 1337 1317 De
1362 1284 1397 1318 la
1422 1287 1506 1324 Cala
1532 1286 1577 1319 da
1602 1284 1731 1320 Calboli
1747 1309 1758 1325 ‚
1785 1305 1801 1311 —
1827 1305 1844 1310 —
1870 1305 1887 1311 -
1912 1304 1928 1310 -

1236 1333 1377 1373 nobili,
1404 1335 1439 1369 &
1468 1334 1693 1371 honorabili.

1285 1404 1301 1410 —
1328 1405 1346 1411 ·-
1372 1405 1389 1411 -
1414 1405 1432 1411 -
1459 1398 1516 1419 ove
1543 1386 1633 1420 nullo

1287 1437 1385 1469 Fatto
1409 1434 1436 1468 ,τ’
1453 1436 1470 1468 ἒ
1497 1437 1570 1470 reda
1592 1436 1650 1482 poi
1674 1437 1727 1470 del
1746 1436 1805 1481 fito
1831 1436 1964 1471 valore.

1235 1485 1329 1528 Quia
1366 1485 1484 1519 nullus
1521 1485 1558 1519 in
1595 1485 1690 1520 dista
1727 1488 1845 1520 Domo
1881 1485 1993 1521 fuerat

1235 1534 1400 1569 successor
1435 1534 1534 1570 illius
1571 1535 1608 1569 in
1646 1535 1779 1570 virtute
1816 1535 1922 1582 usque
1951 1534 1993 1570 ad

1235 1594 1370 1634 tempus
1397 1584 1511 1633 illud3
1549 1584 1663 1620 immo
1689 1598 1810 1621 omnes
1845 1585 1996 1634 degene-

1234 1644 1395 1671 raverant
1410 1662 1419 1670 .

1285 1689 1317 1720 E
1341 1699 1401 1720 non
1426 1696 1487 1731 pur
1512 1687 1542 1719 lo
1563 1686 1621 1729 suo
1640 1686 1764 1733 sangae
1790 1706 1806 1712 —
1833 1707 1850 1712 -
1878 1706 1896 1713 -

1236 1736 1326 1771 Heic
1356 1735 1475 1770 Guido
1511 1736 1672 1783 deplorat
1707 1737 1902 1784 generalem
1934 1735 1992 1771 de-

1236 1785 1477 1833 pravationem
1501 1785 1690 1822 Nobilium
1715 1785 1993 1822 Romandiolae.

1236 1839 1281 1872 Et
1309 1835 1395 1872 facit
1422 1836 1765 1872 commendationem
1796 1837 1992 1871 multorum

1236 1886 1470 1922 virtuosorum
1488 1913 1499 1931 ‚
1536 1887 1661 1935 quibus
1689 1887 1772 1922 haec
1802 1886 1991 1922 Provincia

1236 1941 1339 1986 paulo
1367 1948 1446 1973 ante
1473 1937 1687 1972 abundabat
1720 1939 1767 1972 Et
1794 1936 1910 1984 primo
1937 1936 1992 1971 di-

1236 1988 1307 2028 cit,
1343 1988 1436 2035 quod
1463 1988 1579 2022 omnis
1617 1987 1800 2023 Nobilitas
1837 1989 1993 2022 Roman-

1236 2039 1350 2074 diolae
1378 2037 1422 2073 est
1458 2038 1607 2085 spoliata
1644 2037 1767 2082 bonis,
1803 2037 1994 2073 honorabi-

1236 2089 1327 2125 libus
1354 2090 1386 2124 3<
1416 2088 1651 2124 laudabilibus
1669 2116 1679 2130 ‚
1716 2087 1754 2124 &
1782 2088 1827 2124 est
1862 2088 1993 2135 repleta

1237 2139 1353 2187 pravis
1382 2139 1557 2174 moribus.
1597 2139 1697 2174 Unde
1725 2138 1838 2174 dicit:
1878 2140 1907 2172 lo
1937 2138 1996 2182 suo

1230 2192 1378 2238 sangue‚
1415 2189 1498 2225 idest
1535 2189 1656 2225 nobile
1691 2202 1798 2239 genus
1827 2187 1995 2235 Raynerii

1237 2242 1278 2277 de
1305 2241 1478 2277 Calbulo:
1509 2254 1568 2275 non
1592 2251 1655 2287 pur

1287 2313 1304 2318 -
1329 2312 1345 2318 -
1372 2313 1389 2319 -
1415 2312 1431 2317 -
1457 2293 1473 2324 ὲ
1496 2291 1579 2334 fatto
1607 2290 1732 2335 brullo,

1237 2342 1339 2382 idest,
1367 2341 1558 2377 denudatus
1575 2369 1585 2384 ‚
1612 2340 1651 2377 &
1680 2350 1906 2390 pauperatus:

1288 2393 1351 2428 Del
1377 2394 1434 2427 hen
1461 2391 1596 2434 richiesto
1622 2393 1657 2427 al
1683 2405 1757 2426 vero
1782 2412 1798 2419 —
1825 2412 1841 2418 -
1868 2411 1885 2417 -
1911 2410 1927 2415 -

1236 2443 1322 2480 idest
1338 2470 1347 2485 ,
1375 2441 1476 2478 bonis
1504 2442 1668 2477 animae:

1458 2491 1504 2531 ἔφ’
1531 2494 1565 2528 al
1590 2492 1756 2535 trastullo.

1832 2588 1918 2625 Idess
1932 2613 1939 2624 2
