2216 3105
433 186 514 226 539
744 174 1183 222 BENVENUTJ
1229 176 1642 220 JMOLENSJS
1859 197 1941 237 540

420 231 595 288 Fuggendo
620 245 642 267 a
663 232 777 280 pferde,
812 249 828 270 e
855 236 1080 284 sanguinando
1107 239 1131 274 ’l
1154 240 1199 275 =A
1239 236 1274 270 &
1302 235 1551 291 praecipitavit
1586 250 1662 273 eam
1699 250 1759 285 per
1793 238 1996 279 fenestram,

468 291 565 327 piano
581 308 590 323 ‚

370 328 478 370 idest,
515 345 533 367 a
564 332 758 380 conflens,
796 336 933 384 perdito
970 353 1060 387 equo
1090 340 1127 376 in

368 380 505 427 proelio
533 384 760 432 Campaldini
776 412 787 426 ‚
815 389 940 424 arri-vai
965 391 1000 424 Ιιὶ
1027 390 1077 426 ’ve
1103 391 1128 426 ’l

367 432 495 466 vocabol
524 433 582 478 suo
616 435 751 472 diventa
786 452 871 473 vano
891 466 900 482 ,
938 439 1048 481 idest,
1085 442 1126 477 ad

368 479 524 523 faucem,
548 497 615 531 qua
637 486 834 523 Archianus
860 487 970 524 intrat
997 490 1033 526 in
1055 493 1126 528 Ar-

367 543 474 572 num,
502 533 585 581 quia
623 534 673 571 ibi
703 537 818 585 perdit
846 551 974 575 nomen
1002 540 1099 577 suum
1118 569 1126 578 .

366 582 414 616 Et
442 582 556 619 dicit:

417 634 526 678 ‚Qui-ui
550 636 657 680 perdei
682 637 716 670 la
742 638 828 680 vista
853 652 868 672 e
893 640 928 674 la
951 643 1080 687 parola.

367 680 478 721 Idest,
504 682 540 717 in
566 683 663 721 fauce
687 686 774 722 d'ffl
804 687 983 735 fluminis,
1012 692 1125 728 vitam

417 733 481 766 Ne!
507 747 592 768 nome
617 736 654 769 di
681 738 795 773 Maria
813 739 902 784 fin).

602 788 665 820 Ad
692 789 774 833 Vers.
807 801 888 836 115.

416 834 493 868 Indi
518 836 551 870 la
580 837 693 876 Valle,
721 852 799 873 come
825 839 850 874 ’l
875 843 910 876 di
931 843 972 888 fu
991 844 1125 892 spento,

417 885 465 919 Di
493 889 720 934 PratomagnO.

363 933 457 970 Heic
485 935 586 972 debes
616 937 724 979 scire,
752 942 844 988 quod
875 945 1017 980 Pratum
1046 947 1126 981 Ma-

363 997 474 1040 gnum
493 986 539 1021 est
561 1001 628 1024 una
655 1002 777 1038 magna
803 992 1019 1034 Montanea,
1039 1010 1125 1043 quae

362 1036 496 1072 recedit
518 1051 537 1072 a
559 1038 655 1074 recPco
681 1042 771 1077 colle
793 1044 973 1089 Apennini
1000 1059 1017 1080 a
1044 1045 1125 1082 Me-

363 1085 476 1128 ridie,
503 1089 537 1123 &
567 1088 706 1126 videtur
743 1102 861 1129 tantae
898 1094 1125 1139 altitudinis,

364 1147 514 1182 quantae
541 1140 750 1188 Apenninus
767 1171 775 1178 .
804 1143 887 1180 Ideo
907 1147 965 1180 Sol
988 1145 1128 1182 videtur
1165 1138 1196 1174 C

362 1186 686 1228 tardius‚recedere
722 1193 764 1228 ab
802 1193 867 1230 illo
896 1197 1043 1232 Monte.
1081 1199 1128 1232 Et

364 1236 399 1271 in
437 1237 500 1273 isto
537 1239 667 1277 Monte
704 1243 748 1278 est
782 1244 851 1279 alia
890 1259 1015 1293 magna
1043 1249 1126 1282 Ere—

364 1301 439 1323 mus
461 1290 576 1326 Vallis
603 1293 813 1330 Umbrosae.
841 1296 923 1331 Ideo
949 1299 1053 1332 Poeta
1079 1297 1125 1332 li-

362 1338 499 1375 bentius
538 1340 624 1377 fecit
661 1345 877 1381 mentionem
915 1347 956 1382 de
1003 1350 1124 1383 Prato—

361 1401 509 1437 magno.
546 1392 640 1428 Scias
677 1394 807 1436 etiam,
845 1397 937 1444 quod
978 1399 1121 1434 Pratum

362 1439 406 1474 est
434 1441 707 1488 pulcherrimum
734 1446 890 1481 Castrum
919 1447 1012 1483 inter
1041 1450 1123 1484 Flo-

360 1490 512 1526 rentiam
537 1493 570 1527 8<
598 1492 806 1535 Pssstorium‚
831 1496 872 1531 de
897 1511 967 1544 quo
988 1497 1121 1533 dststum

361 1540 406 1575 est
435 1543 539 1577 Cant.
574 1545 704 1578 XXVI.
740 1545 895 1581 Inferni.
932 1547 988 1582 Est
1025 1549 1058 1582 3<
1088 1562 1123 1583 a—

361 1590 436 1625 liud
476 1593 646 1636 Pratum,
683 1595 775 1641 quod
813 1595 945 1632 dicitur
983 1600 1121 1642 Vetus,

361 1639 399 1675 in
420 1640 616 1678 Casentino
642 1643 740 1690 juxta
762 1647 923 1687 Arnum,
949 1661 1020 1684 non
1044 1649 1123 1684 lon-

361 1704 402 1740 ge
429 1705 448 1727 a
478 1694 582 1729 Prato
608 1693 769 1742 Magno.

599 1746 663 1779 Ad
690 1746 773 1790 Vers.
805 1759 886 1794 133·

414 1793 582 1828 RIcordati
607 1795 642 1828 di
668 1808 733 1834 me,
761 1797 812 1831 che
832 1799 889 1841 son
920 1799 953 1832 la
979 1799 1062 1833 Pia.

367 1845 470 1879 Nunc
487 1843 617 1879 ultimo
639 1847 744 1881 Po‘eta
766 1846 984 1884 subadnefflt
1002 1862 1124 1896 quem-

364 1894 441 1929 dam
487 1893 633 1930 tertium
680 1894 842 1940 spiritum
891 1898 932 1933 de
978 1913 1123 1935 numero

366 1944 641 1993 praedifflorum.
678 1948 726 1981 Et
761 1957 801 1982 ut
839 1948 993 1995 praesens
1020 1948 1123 1985 litera

367 1996 407 2032 fit
433 1995 581 2036 clarior,
605 1996 650 2032 est
669 1996 785 2044 primo
806 1997 980 2034 sciendum
995 2027 1004 2042 ‚
1030 2000 1139 2047 quod*

365 2045 482 2082 anima
510 2046 577 2094 ista*
597 2046 667 2083 fuit
693 2049 860 2096 quaedam
889 2049 1021 2085 nobilis
1050 2052 1123 2085 Do-

365 2097 461 2133 mina
489 2097 640 2133 Senensis
667 2098 708 2133 de
745 2100 860 2148 Stirpe
898 2101 1124 2136 Ptolomaeo-

366 2161 464 2188 rum,
502 2162 589 2193 quae
625 2148 696 2184 fuit
725 2162 813 2185 uxor
841 2151 1016 2200 cujusdam
1048 2154 1124 2187 No-

366 2198 449 2234 bilis
476 2198 636 2243 Militis,
660 2199 721 2248 qui
750 2211 896 2237 vocatus
924 2201 969 2237 est
996 2201 1123 2237 Domi-

366 2262 429 2284 nus
467 2251 591 2285 Nellus
621 2249 662 2285 de
700 2250 887 2287 Panoschis
917 2252 958 2287 de
996 2254 1123 2296 Petra,

364 2299 425 2346 qui
463 2309 536 2334 erat
572 2309 695 2347 potens
731 2299 769 2335 in
800 2301 986 2337 Maritima
1019 2305 1123 2338 Sena—

362 2363 464 2385 rum.
504 2350 652 2386 Accidit
689 2364 795 2399 ergo,
832 2351 926 2398 quod
953 2354 1035 2388 dum
1074 2352 1123 2388 se—

362 2401 431 2435 mel
461 2401 629 2436 coenaffet
648 2429 658 2446 ,
686 2400 724 2438 &
752 2401 812 2437 ista
840 2401 994 2438 Domina
1023 2403 1125 2438 staret

363 2451 404 2486 ad
432 2449 610 2486 fenestram
644 2450 767 2499 palatii
800 2451 836 2487 in
864 2451 1001 2489 solatiis
1030 2453 1123 2493 suis,

363 2501 505 2548 quidam
534 2500 741 2537 domicellus
768 2502 809 2538 de
841 2503 1006 2540 mandato
1035 2505 1123 2540 Nel-

362 2551 388 2587 li
429 2550 523 2601 cepit
559 2551 654 2588 istam
694 2553 888 2590 Dominam
926 2567 986 2601 per
1022 2554 1122 2603 pedes

1239 299 1327 334 quae
1354 297 1524 323 continuo
1545 298 1683 323 mortua
1705 288 1771 328 est,
1793 290 1907 326 nescio
1927 304 1995 339 qua

1240 336 1452 386 suspicione.
1488 340 1543 373 Ex
1581 339 1678 384 cujus
1716 350 1828 376 morte
1862 340 1993 377 crudeli

1239 397 1358 423 natum
1389 388 1434 423 est
1469 402 1634 438 magnum
1663 388 1783 426 odium
1821 389 1914 426 inter
1941 391 1994 427 di-

1238 437 1332 473 &um
1371 438 1566 475 Dominum
1606 440 1775 484 Nellum‚
1810 442 1845 476 δε
1874 442 1995 477 Ptolo-

1239 501 1353 524 maeos
1367 489 1542 525 consortes
1559 489 1660 539 ipsius
1677 490 1871 527 Dominae.
1889 495 1993 528 Nunc

1237 538 1278 573 ad
1315 539 1555 588 propositum.
1597 541 1660 576 Ista
1698 541 1853 577 Domina
1894 552 1995 591 rogat

1239 591 1390 625 Dantem
1405 617 1414 630 ,
1436 600 1474 624 ut
1495 600 1595 638 roget
1623 604 1683 638 pro
1703 605 1762 630 ea,
1783 591 1805 626 si
1827 605 1992 639 umquam

1238 640 1374 674 venerit
1399 638 1436 673 in
1458 639 1624 674 Tusciam
1650 641 1691 675 ad
1711 641 1910 678 Civitatem
1938 645 1995 678 Se-

1237 702 1357 723 narum
1374 715 1382 723 .
1411 687 1514 723 Dicit
1541 701 1622 736 ergo
1641 702 1649 723 :

1287 739 1415 785 Segulio
1442 737 1466 771 'l
1492 749 1576 782 terzo
1597 738 1716 785 spirito
1742 760 1758 765 —
1784 760 1801 766 -
1828 760 1844 766 —
1870 762 1886 767 -

1238 788 1407 832 Scilicet,
1444 787 1619 825 Dominae
1658 787 1761 835 Piae,
1801 789 1910 839 impie
1940 790 1993 827 in—

1236 839 1419 877 sedeciae,
1732 871 1737 879 ,

1285 910 1473 916 -----
1499 891 1533 925 al
1552 890 1702 935 secondo,

1236 939 1342 983 idest,
1368 940 1534 988 loquutus
1558 940 1604 976 est
1626 939 1808 977 succeffive
1832 941 1903 988 post
1921 941 1992 990 spi-

1235 990 1343 1026 ritum
1372 990 1590 1031 Boncontis,
1622 990 1683 1039 qui
1710 991 1912 1027 secundario
1938 994 1992 1028 lo-

1235 1051 1363 1089 quutus
1391 1040 1503 1076 fuerat
1529 1041 1601 1090 post
1630 1040 1805 1090 primum.

1285 1091 1452 1126 Ricordati
1477 1093 1514 1126 di
1539 1105 1609 1126 me:
1635 1113 1651 1119 -
1679 1113 1695 1118 -
1721 1113 1737 1118 -
1764 1113 1780 1118 -

1235 1144 1281 1176 Et
1303 1151 1341 1178 ut
1366 1141 1469 1190 poffit
1494 1142 1578 1177 bene
1599 1141 1771 1178 recordari
1793 1143 1888 1190 ejus,
1909 1157 1993 1179 con—

1236 1191 1338 1228 tinuo
1364 1194 1481 1241 tangit
1507 1192 1605 1228 suum
1633 1206 1783 1237 nomen,
1809 1194 1927 1229 locum
1953 1207 1993 1229 0-

1235 1242 1381 1291 riginis‚
1407 1244 1525 1279 locum
1551 1243 1697 1283 mortis,
1722 1245 1756 1279 &
1784 1243 1905 1279 mortis
1929 1257 1990 1280 au-

1235 1293 1389 1329 Storem:
1420 1293 1538 1329 dicens
1555 1322 1565 1338 ‚

1284 1365 1513 1371 ——————
1540 1345 1591 1379 che
1610 1345 1668 1389 son
1694 1345 1728 1379 la
1753 1344 1837 1380 Pia.

1235 1393 1297 1429 Ista
1337 1393 1491 1430 Domina
1529 1395 1718 1430 vocabatur
1757 1393 1851 1435 Pia,
1887 1407 1991 1444 quam

1235 1443 1344 1490 impie
1372 1443 1527 1479 minister
1552 1444 1647 1480 necis
1674 1443 1830 1480 oceidit.

1284 1494 1381 1528 siena
1408 1494 1451 1527 mi
1472 1494 1507 1537 fe
1517 1515 1697 1529 -----

1203 1585 1204 1588 Ἴ
1233 1543 1343 1581 Idest,
1380 1543 1503 1592 genuit
1539 1557 1617 1579 me.
1656 1543 1712 1578 Est
1747 1543 1841 1579 enim
1880 1543 1992 1592 patria

1203 1617 1205 1626 ι
1236 1593 1449 1642 principium
1477 1593 1737 1641 generationis,
1766 1594 1994 1641 quemadmc<

1203 1667 1205 1681 ι
1234 1645 1314 1679 dum
1343 1643 1387 1679 est
1416 1649 1534 1691 pater.
1571 1643 1675 1689 Quafi
1704 1642 1823 1678 dicat:
1863 1644 1913 1680 fui
1943 1644 1994 1680 fe—

1236 1694 1329 1729 mina
1358 1694 1398 1729 de
1426 1692 1592 1729 Civitate
1621 1696 1808 1736 Senatum,
1829 1693 1871 1728 de
1898 1693 1995 1741 prin-

1236 1744 1371 1792 cipibus
1399 1742 1497 1778 illius
1526 1742 1728 1778 Civitatis.

1283 1814 1470 1820 -----
1498 1794 1666 1837 Disfecemt'
1692 1796 1890 1828 Maremma.

1235 1844 1342 1887 Idest,
1385 1843 1571 1879 Maritima
1608 1847 1772 1879 Senarum
1810 1842 1990 1879 interfecit

1234 1908 1312 1930 me.
1342 1897 1388 1930 Et
1414 1907 1493 1929 ecce
1520 1894 1721 1940 quomodo-

1283 1944 1369 1986 Salfi
1394 1944 1496 1986 colui,
1493 1958 1845 1971 ---------

1234 1994 1341 2038 mest,
1382 1993 1439 2030 vir
1474 2007 1569 2030 meus
1608 1995 1692 2031 b'ene
1720 1994 1786 2030 scit
1814 1993 1873 2029 fibi
1903 1994 1992 2038 hoc,

1234 2048 1267 2081 δε
1307 2047 1393 2081 bene
1429 2044 1585 2080 conscius
1621 2045 1668 2080 est
1704 2058 1800 2079 meae
1842 2045 1991 2085 mortis,

1204 2109 1206 2117 ⁴
1235 2097 1321 2132 licet
1346 2095 1498 2134 diceret,
1539 2097 1573 2130 ὃ(
1600 2095 1670 2131 dici
1709 2095 1858 2138 faceret,
1897 2093 1991 2141 quod

1236 2161 1300 2196 ego
1328 2146 1519 2182 cecideram
1548 2145 1731 2182 casualiter
1756 2145 1797 2181 de
1827 2144 1990 2180 fenestra.

1286 2218 1474 2224 -----
1500 2198 1551 2231 che
1571 2197 1769 2233 'nnanellata
1791 2196 1866 2243 pria
1880 2219 1891 2234 ,

1235 2248 1350 2288 Idest,
1387 2247 1449 2296 qui
1483 2248 1598 2297 primo
1638 2247 1798 2297 posuerat
1838 2245 1928 2281 mihi
1955 2258 1991 2281 a-

1235 2300 1357 2335 nulum
1376 2327 1386 2343 ,

1283 2351 1484 2397 Disposando
1505 2349 1637 2386 m’avea
1656 2364 1708 2385 con
1727 2350 1762 2384 la
1775 2349 1836 2392 sua
1850 2358 1991 2393 gemma.

1236 2401 1334 2436 Sicut
1362 2401 1404 2437 fit
1431 2411 1588 2448 tempore
1616 2398 1860 2453 matrimonii..
1888 2398 1992 2452 Anu-

1238 2453 1290 2486 lus
1327 2451 1421 2487 enim
1458 2452 1545 2488 facit
1582 2452 1622 2487 ad
1651 2450 1916 2486 matrimonium
1945 2447 1990 2481 11-

1205 2538 1207 2551 ,
1237 2501 1318 2541 lud,
1345 2501 1439 2550 quod
1467 2502 1618 2539 circulus
1644 2501 1685 2537 ad
1714 2499 1891 2535 tabernam
1911 2524 1920 2531 .

1881 2547 1944 2583 affl
