2216 3105
446 192 522 232 375
757 178 1193 224 BENVENUTI
1240 180 1650 225 JMOLENSJS
1867 194 1948 243 376

384 234 631 284 Philosophia.
659 239 811 274 Secunda
840 239 967 275 fecerat
987 254 1065 276 eum
1087 241 1140 276 di—

383 285 516 325 vitem,
545 285 678 323 scilicet
700 290 900 325 Medicina.
929 291 1053 326 Tertia
1081 305 1140 327 ve-

381 349 422 370 ro
458 338 658 374 mendacem
682 366 691 382 ,
733 339 868 376 scilicet
910 341 1109 391 Astrologia
1130 369 1138 378 .

381 385 509 422 Dicam
537 401 619 437 ergo
656 403 723 426 una
752 404 830 425 cum
868 394 1045 428 Averro'e':
1084 397 1139 428 A·

372 436 527 485 strologi'a
553 439 647 482 nostri
681 451 825 488 temporis
861 444 952 477 nulla
978 444 1038 485 est.
1075 444 1137 479 Sed

380 487 495 524 statim
542 489 632 526 dicit
678 491 912 540 Astrologus:
965 495 1138 529 Averroes

381 552 452 574 non
496 539 601 576 scivit
641 541 898 590 Astrologiam.
938 543 1001 578 Sed
1040 544 1137 579 Astra

381 602 452 624 non
481 591 719 627 mentiuntur.
757 592 827 627 Cui
864 606 928 640 ego
956 593 1138 641 responde—

383 641 447 675 bo:
488 643 557 676 Des
585 641 676 677 mihi
703 642 829 685 illum,
870 643 932 689 qui
961 644 1046 679 bene
1074 643 1137 679 sci-

383 690 495 725 verit:
535 692 628 738 quod
665 704 856 740 numquam
884 693 1005 729 diebus
1041 694 1136 729 vitae

383 752 478 775 meae
505 742 658 789 aliquem
687 742 784 782 vidi,
813 756 920 792 quum
941 752 1057 780 tamen
1079 744 1138 779 ha—

383 790 518 826 buerim
555 792 745 833 notitiam,
787 794 819 828 8(
857 793 1136 829 familiaritatem

384 842 596 878 multorum.
623 845 730 879 Certe
757 843 890 884 fateor,
918 845 1011 892 quod
1039 845 1138 881 Astra

384 905 453 928 non
482 893 722 930 mentiuntur.
750 894 814 930 Sed
843 895 1020 944 Astrologi
1054 896 1138 931 bene

384 943 604 979 mentiuntur
640 944 681 980 de
717 944 849 981 Astris.
890 948 937 981 Et
964 945 1139 994 specificat

384 993 654 1042 compassionem
683 1008 866 1044 magnam,
904 1010 1008 1043 quam
1036 996 1139 1031 habe-

384 1045 442 1079 bat
470 1045 510 1079 ad
539 1045 639 1089 istos,
667 1047 700 1080 8<
729 1046 1024 1094 reprehensionem
1051 1050 1139 1082 Ver-

382 1094 465 1142 gilii
493 1095 533 1130 ad
561 1095 613 1131 se.
644 1096 744 1132 Dicit
771 1109 880 1145 ergo:
926 1099 1042 1136 Vere,
1071 1099 1140 1133 Le—

383 1145 479 1184 ἃοτ,
507 1158 574 1181 non
605 1156 761 1195 poteram
789 1157 905 1183 tenere
932 1148 1053 1183 oculos
1079 1148 1139 1183 sic-

383 1208 461 1235 cos,
488 1209 600 1232 immo

433 1250 524 1281 Certo
556 1247 745 1295 i'pi'tmgea,
776 1249 924 1296 poggi'ato
954 1251 997 1284 ad
1025 1263 1066 1283 un
1090 1248 1138 1283 de'

484 1299 599 1337 rocchi,

386 1347 490 1387 idest,
518 1348 702 1384 adhaerens
730 1349 791 1385 uni
819 1349 901 1385 saxo

435 1401 496 1433 Del
522 1401 599 1434 duro
619 1400 734 1447 scoglf'o
760 1420 989 1427 ------

384 1449 539 1490 scilicet,
567 1450 666 1485 illius
695 1450 840 1499 pontis;

434 1520 748 1526 --------
772 1502 799 1534 ,πὶ
810 1525 820 1540 ,
841 1501 892 1535 che
911 1500 946 1535 la
959 1499 1024 1535 mia
1037 1499 1138 1544 scorta

383 1549 539 1590 scilicet,
568 1550 746 1599 Vergilius

433 1601 491 1635 Mi
524 1600 627 1647 diffe:
662 1605 772 1636 «Amor
805 1599 903 1646 se’tu
935 1601 1024 1648 degli
1058 1601 1162 1638 altril

476 1650 632 1695 sciocchi'?

382 1703 428 1736 Et
457 1711 492 1735 tu
522 1702 628 1737 etiam
666 1715 699 1737 es
736 1701 777 1737 de
814 1714 958 1736 numero
985 1700 1133 1736 aliorum

382 1752 578 1791 fatuorum,
616 1752 677 1799 qui
714 1751 836 1800 injuste
874 1752 1136 1799 compatiuntur

382 1800 480 1837 istis?
519 1804 563 1836 Et
599 1812 708 1845 nota,
749 1802 841 1849 quod
879 1801 1057 1850 Vergilius
1086 1801 1136 1835 se-

382 1855 460 1888 cure
490 1862 624 1899 poterat
651 1865 790 1899 arguere
828 1854 977 1887 Dantem
1007 1852 1048 1886 de
1073 1851 1135 1886 isto

381 1916 514 1942 errore,
542 1905 624 1950 quia
652 1904 765 1937 multo
793 1903 869 1950 plus
897 1902 967 1950 ipse
988 1901 1056 1937 fuit
1076 1902 1134 1936 de-

380 1953 473 1988 ditus
495 1952 575 1988 huic
597 1953 748 1988 vanitati
770 1952 1024 1991 divinationis,
1051 1951 1134 1987 ficut

382 2011 477 2052 patet
515 2004 668 2039 maxime
709 2003 745 2039 in
787 2004 899 2039 Libro
941 2002 1134 2050 Georgico-
1158 2030 1160 2049 3

381 2067 477 2089 rum.
507 2055 588 2090 Ideo
615 2053 842 2103 cognoscebat
868 2053 900 2088 se
920 2052 1016 2101 saepe
1037 2053 1133 2088 fuiffe
1158 2057 1159 2062 ’

382 2105 592 2140 mentitum.
619 2107 666 2140 Et
695 2105 838 2152 probat,
876 2103 968 2151 quod
997 2117 1065 2139 non
1094 2102 1133 2137 fit

382 2155 665 2202 compatiendum
692 2155 847 2193 talibus,
889 2154 1032 2189 subdens
1061 2153 1133 2188 sen—

381 2206 529 2241 tentiam
558 2205 735 2244 nobilem,
762 2217 870 2251 quum
898 2204 1008 2239 dicit:

432 2257 498 2301 ‚Qui
539 2269 616 2289 vive
656 2256 690 2290 la
727 2256 815 2301 piei-3
836 2281 846 2299 ,
886 2253 1003 2301 quand’
1027 2254 1044 2286 ὲ
1078 2254 1133 2288 ben

481 2316 579 2339 '770th
595 2331 604 2340 ι

380 2354 486 2400 Quasi
522 2355 636 2390 dicat.
679 2353 751 2389 scis
786 2361 855 2393 tu,
897 2366 984 2400 quae
1024 2352 1133 2401 pietas

381 2407 482 2441 debet
518 2405 636 2440 haberi
672 2403 766 2440 istis?
805 2404 904 2438 nullo
941 2403 1045 2438 modo
1072 2404 1133 2437 do—

380 2459 450 2492 lere
477 2456 518 2492 de
547 2469 655 2504 poena
682 2466 830 2503 eorum3
873 2453 956 2488 sicut
984 2467 1000 2488 a
1030 2453 1133 2488 simili

381 2507 557 2556 loquendo
585 2505 787 2545 Catholici,
817 2517 886 2540 non
915 2505 996 2540 effet
1015 2502 1133 2552 pium,
1159 2516 1164 2543 t

1173 243 1224 281 A}
1250 238 1302 275 sed
1341 240 1489 288 impium
1527 243 1706 291 deplorare
1747 243 1899 280 animam
1932 248 2001 281 Ne-

1249 291 1343 326 ronis
1382 295 1436 327 vel
1472 295 1597 336 Judae.
1644 295 1737 342 Ergo
1778 308 1858 331 vera
1895 297 2006 343 pietas

1249 342 1312 381 est,
1352 356 1421 377 non
1452 343 1573 379 habere
1603 344 1769 392 pietatem
1798 345 1863 381 hoc
1897 347 2004 386 lom,

1249 391 1302 427 sed
1340 395 1584 430 crudelitatem
1621 406 1741 430 contra
1783 405 1854 431 tam
1884 398 2004 432 crude-

1249 444 1318 482 les,
1345 457 1492 491 quorum
1522 447 1610 480 alter
1637 446 1793 493 prodidit
1819 457 2002 487 naturam,

1249 495 1336 528 alter
1365 507 1445 529 vero
1477 496 1668 531 Dominum
1701 496 1804 545 ipsius
1840 507 2003 534 naturae.

1251 545 1301 578 Ita
1330 543 1365 578 in
1397 545 1589 591 proposito.
1628 548 1709 582 Non
1747 547 1848 583 debes
1878 549 2003 583 habere

1249 593 1518 641 compassionem
1555 609 1633 641 erga
1669 596 1771 641 istos,
1812 598 1873 645 qui
1911 599 2003 633 ultra

1249 642 1450 678 facultatem
1481 653 1622 680 naturae
1650 646 1819 681 humanae
1846 648 1883 682 in
1904 657 2003 683 tanta

1220 718 1222 744 3
1249 693 1399 741 caligine
1423 706 1534 730 rerum
1557 694 1657 742 positi
1679 697 1867 732 voluerunt
1888 696 2004 732 ascen-

1220 743 1326 778 'dere
1366 745 1502 779 coelum
1540 744 1730 785 viventes,
1772 747 1806 781 &
1844 746 2004 795 usurpare

1249 793 1309 828 fibi
1354 793 1516 830 divinum
1561 795 1719 831 officium
1740 821 1751 836 ‚
1791 797 2004 845 inquirendo

1247 843 1386 883 futura,
1416 844 1474 880 illi
1501 844 1565 880 soli
1595 846 1756 894 cognita.
1783 849 1830 882 Et
1858 850 1937 883 vere
1965 847 2004 884 in

1248 907 1317 929 uno
1345 896 1499 931 maxime
1536 909 1605 930 non
1634 906 1810 933 merentur
1846 897 2004 946 compas-

1248 944 1375 979 sionem
1393 969 1403 984 ‚
1440 946 1521 992 quia
1550 946 1628 981 sunt
1653 947 1912 984 obstinatissimi
1939 949 2004 982 ho·

1249 995 1383 1030 minum
1413 994 1448 1030 in
1479 995 1740 1043 propositosuo
1760 1022 1770 1036 ,
1807 997 1892 1033 ficut
1938 1011 2003 1045 ego

1248 1045 1322 1081 vidi
1359 1045 1396 1080 in
1434 1046 1576 1081 multis.
1619 1048 1710 1081 Nam
1752 1056 1885 1094 quanto
1927 1049 2004 1095 plus

1248 1095 1487 1136 mentiuntur,
1515 1104 1616 1131 tanto
1644 1099 1720 1144 plus
1747 1097 1870 1133 dicunt
1897 1097 1929 1133 se
1949 1097 2004 1133 di-

1247 1160 1322 1181 cei-e
1350 1159 1491 1182 verum.
1534 1147 1631 1182 Sicut
1658 1161 1723 1195 ego
1751 1148 1837 1183 novi
1865 1161 1972 1184 unum
1991 1174 2003 1192 ‚

1247 1197 1308 1243 qui
1336 1196 1471 1233 delusus
1498 1198 1532 1232 δ(
1561 1197 1721 1233 confusus
1750 1211 1808 1246 per
1835 1198 1928 1234 suam
1951 1201 2002 1234 A-

1246 1247 1468 1296 strologiam,
1518 1247 1631 1283 immo
1672 1249 1790 1296 potius
1831 1250 2004 1284 Diabole-

1247 1298 1338 1346 giam
1357 1323 1366 1337 ,
1408 1299 1490 1334 dum
1518 1297 1754 1346 increparetur
1780 1298 2002 1334 familiariter

1246 1349 1287 1382 ab
1315 1348 1452 1388 amico,
1480 1348 1590 1383 adhuc
1619 1347 1888 1396 pertinacissime
1917 1362 2001 1384 con-

1247 1399 1458 1437 tradicebat,
1476 1399 1722 1433 commendans
1737 1399 1906 1434 continuo
1923 1399 2001 1434 dul-

1246 1448 1403 1483 cedinem
1441 1448 1537 1483 istius
1573 1449 1696 1487 Artis,
1741 1461 1829 1496 quae
1867 1448 1927 1484 etsi
1955 1449 2001 1484 est

1246 1511 1350 1539 vera,
1387 1512 1456 1533 non
1494 1507 1611 1533 tamen
1647 1497 1752 1534 scita.
1792 1499 1874 1534 Ideo
1915 1499 2001 1534 bene

1246 1548 1334 1584 dicit
1355 1548 1555 1596 Vergilius:

1295 1599 1358 1633 Chi
1384 1601 1400 1632 ὲ
1423 1600 1482 1646 pic}
1504 1599 1648 1642 scelerato
1673 1599 1709 1632 di
1735 1599 1839 1637 colui,

1296 1648 1403 1683 Ch'at
1426 1649 1566 1695 giudicio
1591 1648 1686 1682 divin
1711 1649 1829 1694 paffion
1854 1652 1977 1694 porta?

1245 1698 1350 1744 Quasi
1378 1698 1494 1737 dicat,
1536 1698 1628 1742 quod
1666 1699 1782 1733 nullus
1810 1698 1855 1732 est
1881 1699 2004 1733 crude-

1245 1749 1314 1783 lior
1341 1762 1402 1787 eo,
1431 1749 1492 1795 qui
1523 1748 1702 1784 miseretur
1722 1748 1919 1793 damnatis,
1945 1749 2001 1785 di-

1246 1799 1327 1834 vina
1355 1798 1484 1847 justitia
1510 1799 1701 1834 declarata.

1489 1853 1552 1884 Ad
1579 1850 1661 1892 Verfi
1687 1849 1747 1885 61.

1294 1899 1371 1940 Susa
1399 1899 1430 1933 in
1459 1900 1556 1933 Italia
1582 1900 1665 1934 bella
1700 1899 1790 1944 giace
1815 1912 1857 1933 un
1884 1902 1966 1934 Laco
1978 1912 2000 1941 ,-

1246 1949 1335 1985 Heic
1360 1949 1536 1997 Vergilius
1559 1950 1677 1984 volens
1697 1949 1891 1993 ostendere,
1911 1962 1999 1995 quo-

1247 1999 1350 2035 modo
1378 1999 1530 2035 Mantho
1552 1999 1622 2046 post
1643 2000 1787 2047 longum
1808 1999 1998 2036 discursum

1191 2057 1198 2066 ⁴
1246 2050 1344 2085 venit
1370 2050 1408 2085 in
1436 2050 1575 2086 Italiam
1605 2050 1645 2084 ad
1674 2059 1785 2097 partes
1813 2050 1907 2088 suas,
1944 2051 2000 2085 in-

1245 2101 1377 2148 cipiens
1404 2114 1422 2135 a
1452 2101 1574 2148 longe,
1602 2100 1717 2148 primo
1744 2100 1909 2135 describit
1928 2102 1998 2137 La-

1245 2164 1322 2186 cum
1345 2153 1540 2193 Benacum,
1569 2164 1609 2185 ex
1636 2164 1706 2197 quo
1730 2150 1880 2186 nascitur
1899 2151 1997 2185 Min-

1245 2202 1318 2237 cius
1347 2200 1500 2239 fluvius,
1541 2199 1579 2236 &
1619 2203 1733 2236 Lacus
1760 2201 1995 2239 Mantuanus,

1245 2262 1283 2287 ut
1310 2251 1353 2286 sic
1381 2251 1543 2286 deveniat
1572 2251 1611 2291 ad
1640 2252 1756 2286 locum
1786 2252 1936 2299 primum
1956 2263 1996 2284 o-

1244 2302 1369 2350 riginis
1396 2301 1493 2337 suae.
1533 2301 1632 2337 Unde
1661 2311 1763 2339 nota,
1800 2301 1891 2349 quod
1920 2302 1995 2334 Au·

1244 2352 1321 2388 &or
1349 2355 1432 2387 bene
1459 2351 1583 2400 fingit.
1620 2352 1711 2399 quod
1741 2350 1917 2398 Vergilius
1944 2348 1994 2384 fa-

1245 2402 1316 2438 ciat
1356 2403 1443 2437 hanc
1479 2402 1768 2447 descriptionem,
1809 2411 1882 2435 tum
1911 2399 1994 2446 quia

1244 2452 1311 2487 fuit
1332 2452 1567 2491 Mantuanus,
1596 2462 1670 2486 tum
1690 2451 1770 2497 quia
1791 2448 1875 2484 facit
1895 2462 1993 2483 men-—

1245 2503 1378 2538 tionem
1405 2502 1446 2538 de
1473 2502 1532 2538 ista
1558 2500 1711 2536 Mantho
1737 2501 1771 2534 &
1799 2501 1894 2536 Lacu
1927 2500 1991 2533 Be-

1884 2561 1946 2583 na—
