<?xml version="1.0" encoding="UTF-8"?>
<!DOCTYPE html PUBLIC "-//W3C//DTD XHTML 1.0 Transitional//EN"
    "http://www.w3.org/TR/xhtml1/DTD/xhtml1-transitional.dtd">
<html xmlns="http://www.w3.org/1999/xhtml" xml:lang="en" lang="en">
 <head>
  <title>
</title>
<meta http-equiv="Content-Type" content="text/html;charset=utf-8" />
  <meta name='ocr-system' content='tesseract 3.04.00' />
  <meta name='ocr-capabilities' content='ocr_page ocr_carea ocr_par ocr_line ocrx_word'/>
</head>
<body>
  <div class='ocr_page' id='page_1' title='image "antiquitatesital03mura_0231.png"; bbox 0 0 2216 3105; ppageno 0'>
   <div class='ocr_carea' id='block_1_1' title="bbox 257 188 1762 250">
    <p class='ocr_par' dir='ltr' id='par_1_1' title="bbox 257 188 1762 250">
     <span class='ocr_line' id='line_1_1' title="bbox 257 188 1762 250; baseline 0.005 -21"><span class='ocrx_word' id='word_1_1' title='bbox 257 205 342 243; x_wconf 84' lang='lat'>437</span> <span class='ocrx_word' id='word_1_2' title='bbox 537 188 851 234; x_wconf 79' lang='lat' dir='ltr'>COMMENT.</span> <span class='ocrx_word' id='word_1_3' title='bbox 882 192 950 233; x_wconf 83' lang='lat' dir='ltr'>IN</span> <span class='ocrx_word' id='word_1_4' title='bbox 976 189 1202 233; x_wconf 83' lang='lat' dir='ltr'><em>DANTIS</em></span> <span class='ocrx_word' id='word_1_5' title='bbox 1230 190 1471 234; x_wconf 80' lang='lat' dir='ltr'>COMOED.</span> <span class='ocrx_word' id='word_1_6' title='bbox 1677 198 1762 250; x_wconf 77' lang='lat'>438</span> 
     </span>
    </p>
   </div>
   <div class='ocr_carea' id='block_1_2' title="bbox 202 244 968 1596">
    <p class='ocr_par' dir='ltr' id='par_1_2' title="bbox 202 244 955 437">
     <span class='ocr_line' id='line_1_2' title="bbox 204 244 953 298; baseline 0.011 -20"><span class='ocrx_word' id='word_1_7' title='bbox 204 256 286 284; x_wconf 87' lang='lat' dir='ltr'>nae,</span> <span class='ocrx_word' id='word_1_8' title='bbox 322 244 482 294; x_wconf 69' lang='lat' dir='ltr'>jastando</span> <span class='ocrx_word' id='word_1_9' title='bbox 510 247 675 283; x_wconf 81' lang='lat' dir='ltr'>anchoras</span> <span class='ocrx_word' id='word_1_10' title='bbox 712 249 789 285; x_wconf 85' lang='lat' dir='ltr'>suae</span> <span class='ocrx_word' id='word_1_11' title='bbox 817 249 887 298; x_wconf 83' lang='lat' dir='ltr'>spei</span> <span class='ocrx_word' id='word_1_12' title='bbox 917 251 953 286; x_wconf 86' lang='lat' dir='ltr'>in</span> 
     </span>
     <span class='ocr_line' id='line_1_3' title="bbox 202 295 954 343; baseline 0.012 -16"><span class='ocrx_word' id='word_1_13' title='bbox 202 295 336 334; x_wconf 84' lang='lat' dir='ltr'>Deum,</span> <span class='ocrx_word' id='word_1_14' title='bbox 372 297 406 330; x_wconf 89' lang='lat'>&amp;</span> <span class='ocrx_word' id='word_1_15' title='bbox 444 296 632 343; x_wconf 87' lang='lat' dir='ltr'>spernendo</span> <span class='ocrx_word' id='word_1_16' title='bbox 670 300 861 340; x_wconf 88' lang='lat' dir='ltr'>mundum,</span> <span class='ocrx_word' id='word_1_17' title='bbox 900 301 954 336; x_wconf 78' lang='lat' dir='ltr'>di-</span> 
     </span>
     <span class='ocr_line' id='line_1_4' title="bbox 202 347 955 395; baseline 0.008 -16"><span class='ocrx_word' id='word_1_18' title='bbox 202 355 280 380; x_wconf 88' lang='lat' dir='ltr'>cens</span> <span class='ocrx_word' id='word_1_19' title='bbox 315 358 392 380; x_wconf 89' lang='lat' dir='ltr'>cum</span> <span class='ocrx_word' id='word_1_20' title='bbox 430 347 611 395; x_wconf 85' lang='lat' dir='ltr'>Sapiente:</span> <span class='ocrx_word' id='word_1_21' title='bbox 653 352 787 385; x_wconf 79' lang='lat' dir='ltr'>Vanitas</span> <span class='ocrx_word' id='word_1_22' title='bbox 821 351 955 386; x_wconf 75' lang='lat' dir='ltr'>vanita-</span> 
     </span>
     <span class='ocr_line' id='line_1_5' title="bbox 202 395 952 437; baseline 0.012 -9"><span class='ocrx_word' id='word_1_23' title='bbox 202 405 267 429; x_wconf 82' lang='lat' dir='ltr'>tum</span> <span class='ocrx_word' id='word_1_24' title='bbox 295 395 341 434; x_wconf 56' lang='grc' dir='ltr'>ἔφ’</span> <span class='ocrx_word' id='word_1_25' title='bbox 367 397 471 431; x_wconf 81' lang='lat' dir='ltr'>omnia</span> <span class='ocrx_word' id='word_1_26' title='bbox 499 399 654 435; x_wconf 75' lang='lat' dir='ltr'><em>vanitas.</em></span> <span class='ocrx_word' id='word_1_27' title='bbox 683 401 784 436; x_wconf 89' lang='lat' dir='ltr'>Unde</span> <span class='ocrx_word' id='word_1_28' title='bbox 811 400 952 437; x_wconf 85' lang='lat' dir='ltr'>subdit:</span> 
     </span>
    </p>

    <p class='ocr_par' dir='ltr' id='par_1_3' title="bbox 204 448 961 882">
     <span class='ocr_line' id='line_1_6' title="bbox 252 448 923 495; baseline 0.013 -17"><span class='ocrx_word' id='word_1_29' title='bbox 252 448 285 479; x_wconf 90' lang='lat' dir='ltr'><em>E</em></span> <span class='ocrx_word' id='word_1_30' title='bbox 306 455 436 491; x_wconf 78' lang='lat' dir='ltr'>pentuto</span> <span class='ocrx_word' id='word_1_31' title='bbox 462 461 478 481; x_wconf 86' lang='lat' dir='ltr'>e</span> <span class='ocrx_word' id='word_1_32' title='bbox 502 448 625 495; x_wconf 67' lang='lat' dir='ltr'>confeffi</span> <span class='ocrx_word' id='word_1_33' title='bbox 651 451 695 484; x_wconf 81' lang='lat' dir='ltr'>mi</span> <span class='ocrx_word' id='word_1_34' title='bbox 722 453 857 494; x_wconf 80' lang='lat' dir='ltr'>rendei;</span> <span class='ocrx_word' id='word_1_35' title='bbox 919 480 923 483; x_wconf 13' lang='lat' dir='ltr'>a</span> 
     </span>
     <span class='ocr_line' id='line_1_7' title="bbox 204 494 957 540; baseline 0.013 -12"><span class='ocrx_word' id='word_1_36' title='bbox 204 494 297 540; x_wconf 80' lang='lat' dir='ltr'>Quia</span> <span class='ocrx_word' id='word_1_37' title='bbox 326 495 460 532; x_wconf 86' lang='lat' dir='ltr'>scilicet</span> <span class='ocrx_word' id='word_1_38' title='bbox 496 499 656 536; x_wconf 81' lang='lat' dir='ltr'>dedicavi</span> <span class='ocrx_word' id='word_1_39' title='bbox 693 514 748 536; x_wconf 86' lang='lat' dir='ltr'>me</span> <span class='ocrx_word' id='word_1_40' title='bbox 778 504 873 537; x_wconf 90' lang='lat' dir='ltr'>Deo.</span> <span class='ocrx_word' id='word_1_41' title='bbox 911 505 957 538; x_wconf 90' lang='lat' dir='ltr'>Et</span> 
     </span>
     <span class='ocr_line' id='line_1_8' title="bbox 204 545 957 599; baseline 0.012 -20"><span class='ocrx_word' id='word_1_42' title='bbox 204 545 281 581; x_wconf 88' lang='lat' dir='ltr'>heic</span> <span class='ocrx_word' id='word_1_43' title='bbox 310 554 391 581; x_wconf 89' lang='lat' dir='ltr'>nota</span> <span class='ocrx_word' id='word_1_44' title='bbox 428 549 520 594; x_wconf 90' lang='lat' dir='ltr'>quod</span> <span class='ocrx_word' id='word_1_45' title='bbox 558 550 670 597; x_wconf 87' lang='lat' dir='ltr'>prima</span> <span class='ocrx_word' id='word_1_46' title='bbox 708 565 783 599; x_wconf 90' lang='lat' dir='ltr'>pars</span> <span class='ocrx_word' id='word_1_47' title='bbox 811 552 957 588; x_wconf 83' lang='lat' dir='ltr'>Confes-</span> 
     </span>
     <span class='ocr_line' id='line_1_9' title="bbox 204 594 958 642; baseline 0.015 -14"><span class='ocrx_word' id='word_1_48' title='bbox 204 594 306 629; x_wconf 81' lang='lat' dir='ltr'>fionis</span> <span class='ocrx_word' id='word_1_49' title='bbox 333 596 376 631; x_wconf 86' lang='lat' dir='ltr'>est</span> <span class='ocrx_word' id='word_1_50' title='bbox 414 600 598 637; x_wconf 86' lang='lat' dir='ltr'>Contritio</span> <span class='ocrx_word' id='word_1_51' title='bbox 636 602 775 642; x_wconf 87' lang='lat' dir='ltr'>cordis,</span> <span class='ocrx_word' id='word_1_52' title='bbox 814 602 958 639; x_wconf 81' lang='lat' dir='ltr'>secunda</span> 
     </span>
     <span class='ocr_line' id='line_1_10' title="bbox 204 644 959 694; baseline 0.015 -15"><span class='ocrx_word' id='word_1_53' title='bbox 204 645 248 680; x_wconf 87' lang='lat' dir='ltr'>est</span> <span class='ocrx_word' id='word_1_54' title='bbox 275 644 455 684; x_wconf 82' lang='lat' dir='ltr'>Confeffio</span> <span class='ocrx_word' id='word_1_55' title='bbox 483 651 575 694; x_wconf 85' lang='lat' dir='ltr'>oris,</span> <span class='ocrx_word' id='word_1_56' title='bbox 613 653 716 688; x_wconf 87' lang='lat' dir='ltr'>tertia</span> <span class='ocrx_word' id='word_1_57' title='bbox 745 653 789 688; x_wconf 83' lang='lat' dir='ltr'>est</span> <span class='ocrx_word' id='word_1_58' title='bbox 817 654 959 690; x_wconf 77' lang='lat' dir='ltr'>satisfa-</span> 
     </span>
     <span class='ocr_line' id='line_1_11' title="bbox 206 695 959 752; baseline 0.015 -23"><span class='ocrx_word' id='word_1_59' title='bbox 206 695 279 730; x_wconf 67' lang='lat' dir='ltr'>&amp;io</span> <span class='ocrx_word' id='word_1_60' title='bbox 306 698 441 744; x_wconf 83' lang='lat' dir='ltr'>operis.</span> <span class='ocrx_word' id='word_1_61' title='bbox 469 701 509 735; x_wconf 91' lang='lat' dir='ltr'>In</span> <span class='ocrx_word' id='word_1_62' title='bbox 539 715 605 747; x_wconf 88' lang='lat' dir='ltr'>qua</span> <span class='ocrx_word' id='word_1_63' title='bbox 633 704 737 738; x_wconf 85' lang='lat' dir='ltr'>tertia</span> <span class='ocrx_word' id='word_1_64' title='bbox 767 713 861 752; x_wconf 81' lang='lat' dir='ltr'>parte</span> <span class='ocrx_word' id='word_1_65' title='bbox 888 705 959 752; x_wconf 86' lang='lat' dir='ltr'>ipse</span> 
     </span>
     <span class='ocr_line' id='line_1_12' title="bbox 206 745 961 796; baseline 0.015 -16"><span class='ocrx_word' id='word_1_66' title='bbox 206 745 320 781; x_wconf 84' lang='lat' dir='ltr'>asserit</span> <span class='ocrx_word' id='word_1_67' title='bbox 347 747 380 783; x_wconf 92' lang='lat' dir='ltr'>se</span> <span class='ocrx_word' id='word_1_68' title='bbox 406 748 617 796; x_wconf 87' lang='lat' dir='ltr'>impeditum</span> <span class='ocrx_word' id='word_1_69' title='bbox 646 767 663 788; x_wconf 91' lang='lat' dir='ltr'>a</span> <span class='ocrx_word' id='word_1_70' title='bbox 692 754 897 791; x_wconf 88' lang='lat' dir='ltr'>Bonifacio.</span> <span class='ocrx_word' id='word_1_71' title='bbox 927 758 961 790; x_wconf 91' lang='lat' dir='ltr'>I·-</span> 
     </span>
     <span class='ocr_line' id='line_1_13' title="bbox 206 796 961 850; baseline 0.016 -20"><span class='ocrx_word' id='word_1_72' title='bbox 206 796 271 831; x_wconf 90' lang='lat' dir='ltr'>deo</span> <span class='ocrx_word' id='word_1_73' title='bbox 310 800 536 846; x_wconf 81' lang='lat' dir='ltr'>conqueritur</span> <span class='ocrx_word' id='word_1_74' title='bbox 556 830 566 847; x_wconf 89' lang='lat'>,</span> <span class='ocrx_word' id='word_1_75' title='bbox 607 805 640 838; x_wconf 78' lang='lat'>8&lt;</span> <span class='ocrx_word' id='word_1_76' title='bbox 674 806 870 850; x_wconf 82' lang='lat' dir='ltr'>exclamat,</span> <span class='ocrx_word' id='word_1_77' title='bbox 898 806 961 842; x_wconf 81' lang='lat' dir='ltr'>di-</span> 
     </span>
     <span class='ocr_line' id='line_1_14' title="bbox 208 859 307 882; baseline 0 -1"><span class='ocrx_word' id='word_1_78' title='bbox 208 859 307 882; x_wconf 87' lang='lat' dir='ltr'>cens:</span> 
     </span>
    </p>

    <p class='ocr_par' dir='ltr' id='par_1_4' title="bbox 209 898 962 1044">
     <span class='ocr_line' id='line_1_15' title="bbox 257 898 960 952; baseline 0.016 -21"><span class='ocrx_word' id='word_1_79' title='bbox 257 898 333 932; x_wconf 69' lang='lat' dir='ltr'>Abi</span> <span class='ocrx_word' id='word_1_80' title='bbox 358 900 467 944; x_wconf 62' lang='lat' dir='ltr'>miser,</span> <span class='ocrx_word' id='word_1_81' title='bbox 495 903 593 947; x_wconf 49' lang='grc' dir='ltr'>[αφ]</span> <span class='ocrx_word' id='word_1_82' title='bbox 618 918 633 938; x_wconf 88' lang='lat' dir='ltr'>e</span> <span class='ocrx_word' id='word_1_83' title='bbox 655 906 787 952; x_wconf 80' lang='lat' dir='ltr'>giovato</span> <span class='ocrx_word' id='word_1_84' title='bbox 807 906 934 951; x_wconf 79' lang='lat' dir='ltr'>sarebbe</span> <span class='ocrx_word' id='word_1_85' title='bbox 951 933 960 943; x_wconf 92' lang='lat'>.</span> 
     </span>
     <span class='ocr_line' id='line_1_16' title="bbox 209 947 962 1000; baseline 0.017 -19"><span class='ocrx_word' id='word_1_86' title='bbox 209 947 312 992; x_wconf 77' lang='lat' dir='ltr'>Quali</span> <span class='ocrx_word' id='word_1_87' title='bbox 334 949 451 1000; x_wconf 76' lang='lat' dir='ltr'>dicat3</span> <span class='ocrx_word' id='word_1_88' title='bbox 481 952 639 990; x_wconf 87' lang='lat' dir='ltr'>dolenter</span> <span class='ocrx_word' id='word_1_89' title='bbox 660 956 789 992; x_wconf 85' lang='lat' dir='ltr'>refero:</span> <span class='ocrx_word' id='word_1_90' title='bbox 820 957 886 993; x_wconf 89' lang='lat' dir='ltr'>heu</span> <span class='ocrx_word' id='word_1_91' title='bbox 907 971 962 994; x_wconf 89' lang='lat' dir='ltr'>me</span> 
     </span>
     <span class='ocr_line' id='line_1_17' title="bbox 210 998 885 1044; baseline 0.019 -13"><span class='ocrx_word' id='word_1_92' title='bbox 210 998 392 1035; x_wconf 79' lang='lat' dir='ltr'>miserum!</span> <span class='ocrx_word' id='word_1_93' title='bbox 423 1002 483 1037; x_wconf 81' lang='lat' dir='ltr'>nifi</span> <span class='ocrx_word' id='word_1_94' title='bbox 514 1003 628 1041; x_wconf 71' lang='lat' dir='ltr'>fuisset</span> <span class='ocrx_word' id='word_1_95' title='bbox 657 1006 885 1044; x_wconf 88' lang='lat' dir='ltr'>Bonifacius.</span> 
     </span>
    </p>

    <p class='ocr_par' dir='ltr' id='par_1_5' title="bbox 262 1051 835 1102">
     <span class='ocr_line' id='line_1_18' title="bbox 262 1051 835 1102; baseline 0.019 -21"><span class='ocrx_word' id='word_1_96' title='bbox 262 1052 308 1082; x_wconf 81' lang='lat' dir='ltr'>Lo</span> <span class='ocrx_word' id='word_1_97' title='bbox 335 1051 482 1098; x_wconf 82' lang='lat' dir='ltr'>Principe</span> <span class='ocrx_word' id='word_1_98' title='bbox 508 1054 665 1090; x_wconf 74' lang='lat' dir='ltr'>de&#39;nuovi</span> <span class='ocrx_word' id='word_1_99' title='bbox 692 1058 835 1102; x_wconf 72' lang='lat' dir='ltr'>Farifi‘t&#39;.</span> 
     </span>
    </p>

    <p class='ocr_par' dir='ltr' id='par_1_6' title="bbox 209 1098 968 1596">
     <span class='ocr_line' id='line_1_19' title="bbox 210 1098 963 1154; baseline 0.016 -22"><span class='ocrx_word' id='word_1_100' title='bbox 210 1098 302 1133; x_wconf 88' lang='lat' dir='ltr'>Heic</span> <span class='ocrx_word' id='word_1_101' title='bbox 331 1099 462 1137; x_wconf 85' lang='lat' dir='ltr'>Comes</span> <span class='ocrx_word' id='word_1_102' title='bbox 490 1104 658 1146; x_wconf 86' lang='lat' dir='ltr'>ostendit,</span> <span class='ocrx_word' id='word_1_103' title='bbox 687 1121 791 1154; x_wconf 82' lang='lat' dir='ltr'>quare</span> <span class='ocrx_word' id='word_1_104' title='bbox 820 1108 963 1144; x_wconf 85' lang='lat' dir='ltr'>Bonifa-</span> 
     </span>
     <span class='ocr_line' id='line_1_20' title="bbox 211 1148 964 1206; baseline 0.017 -24"><span class='ocrx_word' id='word_1_105' title='bbox 211 1148 284 1183; x_wconf 87' lang='lat' dir='ltr'>cius</span> <span class='ocrx_word' id='word_1_106' title='bbox 312 1151 493 1198; x_wconf 73' lang='lat' dir='ltr'>requisivit</span> <span class='ocrx_word' id='word_1_107' title='bbox 521 1169 620 1196; x_wconf 87' lang='lat' dir='ltr'>eum,</span> <span class='ocrx_word' id='word_1_108' title='bbox 652 1159 684 1192; x_wconf 77' lang='grc' dir='ltr'>ἃ</span> <span class='ocrx_word' id='word_1_109' title='bbox 715 1158 754 1193; x_wconf 89' lang='lat' dir='ltr'>ad</span> <span class='ocrx_word' id='word_1_110' title='bbox 784 1159 888 1206; x_wconf 88' lang='lat' dir='ltr'>quid.</span> <span class='ocrx_word' id='word_1_111' title='bbox 918 1162 964 1194; x_wconf 81' lang='lat' dir='ltr'>Et</span> 
     </span>
     <span class='ocr_line' id='line_1_21' title="bbox 211 1198 963 1252; baseline 0.015 -19"><span class='ocrx_word' id='word_1_112' title='bbox 211 1198 325 1240; x_wconf 75' lang='lat' dir='ltr'>dicit,</span> <span class='ocrx_word' id='word_1_113' title='bbox 355 1201 394 1236; x_wconf 86' lang='lat' dir='ltr'>ad</span> <span class='ocrx_word' id='word_1_114' title='bbox 424 1206 691 1252; x_wconf 81' lang='lat' dir='ltr'>aggrediendum</span> <span class='ocrx_word' id='word_1_115' title='bbox 722 1209 850 1245; x_wconf 77' lang='lat' dir='ltr'>bellum</span> <span class='ocrx_word' id='word_1_116' title='bbox 881 1223 963 1244; x_wconf 86' lang='lat' dir='ltr'>con-</span> 
     </span>
     <span class='ocr_line' id='line_1_22' title="bbox 211 1251 964 1304; baseline 0.017 -21"><span class='ocrx_word' id='word_1_117' title='bbox 211 1257 264 1284; x_wconf 88' lang='lat' dir='ltr'>tra</span> <span class='ocrx_word' id='word_1_118' title='bbox 291 1251 563 1291; x_wconf 76' lang='lat' dir='ltr'>ColumnenleS.</span> <span class='ocrx_word' id='word_1_119' title='bbox 600 1259 657 1293; x_wconf 93' lang='lat' dir='ltr'>Ad</span> <span class='ocrx_word' id='word_1_120' title='bbox 697 1260 793 1304; x_wconf 83' lang='lat' dir='ltr'>cujus</span> <span class='ocrx_word' id='word_1_121' title='bbox 822 1259 871 1295; x_wconf 91' lang='lat' dir='ltr'>rei</span> <span class='ocrx_word' id='word_1_122' title='bbox 909 1260 964 1295; x_wconf 87' lang='lat' dir='ltr'>in-</span> 
     </span>
     <span class='ocr_line' id='line_1_23' title="bbox 210 1299 964 1358; baseline 0.019 -26"><span class='ocrx_word' id='word_1_123' title='bbox 210 1299 445 1345; x_wconf 78' lang='lat' dir='ltr'>telligentiam</span> <span class='ocrx_word' id='word_1_124' title='bbox 464 1317 604 1348; x_wconf 77' lang='lat' dir='ltr'>oportet</span> <span class='ocrx_word' id='word_1_125' title='bbox 620 1307 734 1354; x_wconf 85' lang='lat' dir='ltr'>primo</span> <span class='ocrx_word' id='word_1_126' title='bbox 751 1309 855 1349; x_wconf 88' lang='lat' dir='ltr'>scire,</span> <span class='ocrx_word' id='word_1_127' title='bbox 872 1310 964 1358; x_wconf 89' lang='lat' dir='ltr'>quod</span> 
     </span>
     <span class='ocr_line' id='line_1_24' title="bbox 209 1349 965 1408; baseline 0.015 -24"><span class='ocrx_word' id='word_1_128' title='bbox 209 1349 318 1384; x_wconf 89' lang='lat' dir='ltr'>Anno</span> <span class='ocrx_word' id='word_1_129' title='bbox 361 1352 507 1389; x_wconf 83' lang='lat' dir='ltr'>Domini</span> <span class='ocrx_word' id='word_1_130' title='bbox 550 1359 812 1394; x_wconf 83' lang='lat' dir='ltr'>MCCXCVH.</span> <span class='ocrx_word' id='word_1_131' title='bbox 849 1360 965 1408; x_wconf 81' lang='lat' dir='ltr'>gravis</span> 
     </span>
     <span class='ocr_line' id='line_1_25' title="bbox 210 1397 966 1458; baseline 0.017 -26"><span class='ocrx_word' id='word_1_132' title='bbox 210 1397 336 1434; x_wconf 88' lang='lat' dir='ltr'>seditio</span> <span class='ocrx_word' id='word_1_133' title='bbox 363 1413 438 1437; x_wconf 83' lang='lat' dir='ltr'>orta</span> <span class='ocrx_word' id='word_1_134' title='bbox 467 1404 510 1439; x_wconf 86' lang='lat' dir='ltr'>est</span> <span class='ocrx_word' id='word_1_135' title='bbox 549 1409 704 1443; x_wconf 81' lang='lat' dir='ltr'>Romae.</span> <span class='ocrx_word' id='word_1_136' title='bbox 743 1411 834 1444; x_wconf 90' lang='lat' dir='ltr'>Nam</span> <span class='ocrx_word' id='word_1_137' title='bbox 875 1412 966 1458; x_wconf 82' lang='lat' dir='ltr'>Papa</span> 
     </span>
     <span class='ocr_line' id='line_1_26' title="bbox 211 1449 966 1507; baseline 0.017 -25"><span class='ocrx_word' id='word_1_138' title='bbox 211 1449 434 1492; x_wconf 77' lang='lat' dir='ltr'>Bonifacius,</span> <span class='ocrx_word' id='word_1_139' title='bbox 472 1456 532 1501; x_wconf 91' lang='lat' dir='ltr'>qui</span> <span class='ocrx_word' id='word_1_140' title='bbox 564 1468 769 1504; x_wconf 73' lang='lat' dir='ltr'>conceperat</span> <span class='ocrx_word' id='word_1_141' title='bbox 797 1459 966 1507; x_wconf 86' lang='lat' dir='ltr'>implaca-</span> 
     </span>
     <span class='ocr_line' id='line_1_27' title="bbox 211 1498 966 1549; baseline 0.019 -17"><span class='ocrx_word' id='word_1_142' title='bbox 211 1498 282 1533; x_wconf 87' lang='lat' dir='ltr'>bile</span> <span class='ocrx_word' id='word_1_143' title='bbox 309 1500 428 1536; x_wconf 81' lang='lat' dir='ltr'>odium</span> <span class='ocrx_word' id='word_1_144' title='bbox 455 1514 574 1540; x_wconf 86' lang='lat' dir='ltr'>contra</span> <span class='ocrx_word' id='word_1_145' title='bbox 605 1507 686 1543; x_wconf 91' lang='lat' dir='ltr'>illos</span> <span class='ocrx_word' id='word_1_146' title='bbox 708 1507 748 1544; x_wconf 86' lang='lat' dir='ltr'>de</span> <span class='ocrx_word' id='word_1_147' title='bbox 768 1511 966 1549; x_wconf 76' lang='lat' dir='ltr'>Columna,</span> 
     </span>
     <span class='ocr_line' id='line_1_28' title="bbox 211 1549 968 1596; baseline 0.02 -14"><span class='ocrx_word' id='word_1_148' title='bbox 211 1549 292 1596; x_wconf 87' lang='lat' dir='ltr'>quia</span> <span class='ocrx_word' id='word_1_149' title='bbox 330 1553 475 1593; x_wconf 80' lang='lat' dir='ltr'>Jacobus</span> <span class='ocrx_word' id='word_1_150' title='bbox 512 1557 545 1590; x_wconf 87' lang='lat'>&amp;</span> <span class='ocrx_word' id='word_1_151' title='bbox 586 1560 705 1595; x_wconf 86' lang='lat' dir='ltr'>Petrus</span> <span class='ocrx_word' id='word_1_152' title='bbox 728 1556 811 1596; x_wconf 38' lang='lat' dir='ltr'>‘duo</span> <span class='ocrx_word' id='word_1_153' title='bbox 839 1559 968 1596; x_wconf 84' lang='lat' dir='ltr'>Cardi-</span> 
     </span>
    </p>
   </div>
   <div class='ocr_carea' id='block_1_3' title="bbox 212 1601 998 1647">
    <p class='ocr_par' dir='ltr' id='par_1_7' title="bbox 212 1601 998 1647">
     <span class='ocr_line' id='line_1_29' title="bbox 212 1601 998 1647; baseline 0.018 -14"><span class='ocrx_word' id='word_1_154' title='bbox 212 1601 304 1635; x_wconf 83' lang='lat' dir='ltr'>nales</span> <span class='ocrx_word' id='word_1_155' title='bbox 334 1601 374 1636; x_wconf 82' lang='lat' dir='ltr'>cle</span> <span class='ocrx_word' id='word_1_156' title='bbox 403 1603 464 1639; x_wconf 87' lang='lat' dir='ltr'>illa</span> <span class='ocrx_word' id='word_1_157' title='bbox 493 1608 643 1644; x_wconf 81' lang='lat' dir='ltr'>Familia</span> <span class='ocrx_word' id='word_1_158' title='bbox 670 1610 810 1647; x_wconf 88' lang='lat' dir='ltr'>fuerunt</span> <span class='ocrx_word' id='word_1_159' title='bbox 830 1621 968 1647; x_wconf 87' lang='lat' dir='ltr'>contra-</span> <span class='ocrx_word' id='word_1_160' title='bbox 996 1622 998 1633; x_wconf 82' lang='lat'><strong>⁴</strong></span> 
     </span>
    </p>
   </div>
   <div class='ocr_carea' id='block_1_4' title="bbox 212 1649 973 2618">
    <p class='ocr_par' dir='ltr' id='par_1_8' title="bbox 212 1649 973 2618">
     <span class='ocr_line' id='line_1_30' title="bbox 212 1649 969 1708; baseline 0.02 -25"><span class='ocrx_word' id='word_1_161' title='bbox 212 1649 257 1684; x_wconf 88' lang='lat' dir='ltr'>rii</span> <span class='ocrx_word' id='word_1_162' title='bbox 286 1650 322 1685; x_wconf 88' lang='lat' dir='ltr'>in</span> <span class='ocrx_word' id='word_1_163' title='bbox 352 1653 523 1690; x_wconf 68' lang='lat' dir='ltr'>eleffione</span> <span class='ocrx_word' id='word_1_164' title='bbox 551 1658 646 1708; x_wconf 65' lang='lat' dir='ltr'>ejusg</span> <span class='ocrx_word' id='word_1_165' title='bbox 680 1659 718 1696; x_wconf 70' lang='grc' dir='ltr'>ὃ(</span> <span class='ocrx_word' id='word_1_166' title='bbox 747 1661 829 1708; x_wconf 87' lang='lat' dir='ltr'>quia</span> <span class='ocrx_word' id='word_1_167' title='bbox 857 1661 969 1697; x_wconf 70' lang='lat' dir='ltr'>Sciat-</span> 
     </span>
     <span class='ocr_line' id='line_1_31' title="bbox 212 1700 969 1758; baseline 0.02 -25"><span class='ocrx_word' id='word_1_168' title='bbox 212 1712 248 1734; x_wconf 89' lang='lat' dir='ltr'>ra</span> <span class='ocrx_word' id='word_1_169' title='bbox 278 1700 318 1734; x_wconf 89' lang='lat' dir='ltr'>de</span> <span class='ocrx_word' id='word_1_170' title='bbox 346 1704 520 1740; x_wconf 80' lang='lat' dir='ltr'>Columna</span> <span class='ocrx_word' id='word_1_171' title='bbox 545 1708 686 1744; x_wconf 87' lang='lat' dir='ltr'>robavit</span> <span class='ocrx_word' id='word_1_172' title='bbox 712 1711 874 1758; x_wconf 78' lang='lat' dir='ltr'>qualdam</span> <span class='ocrx_word' id='word_1_173' title='bbox 904 1712 969 1746; x_wconf 88' lang='lat' dir='ltr'>sal—</span> 
     </span>
     <span class='ocr_line' id='line_1_32' title="bbox 215 1749 967 1803; baseline 0.02 -21"><span class='ocrx_word' id='word_1_174' title='bbox 215 1762 287 1783; x_wconf 77' lang='lat' dir='ltr'>mas</span> <span class='ocrx_word' id='word_1_175' title='bbox 316 1749 365 1786; x_wconf 85' lang='lat' dir='ltr'>sui</span> <span class='ocrx_word' id='word_1_176' title='bbox 395 1752 543 1791; x_wconf 79' lang='lat' dir='ltr'>thesauri</span> <span class='ocrx_word' id='word_1_177' title='bbox 562 1769 580 1792; x_wconf 91' lang='lat'>:.</span> <span class='ocrx_word' id='word_1_178' title='bbox 601 1760 808 1803; x_wconf 85' lang='lat' dir='ltr'>mandavit,</span> <span class='ocrx_word' id='word_1_179' title='bbox 846 1769 885 1796; x_wconf 89' lang='lat' dir='ltr'>ut</span> <span class='ocrx_word' id='word_1_180' title='bbox 912 1762 967 1797; x_wconf 88' lang='lat' dir='ltr'>illi</span> 
     </span>
     <span class='ocr_line' id='line_1_33' title="bbox 215 1800 969 1860; baseline 0.021 -28"><span class='ocrx_word' id='word_1_181' title='bbox 215 1800 418 1856; x_wconf 77' lang='lat' dir='ltr'>Cardinales</span> <span class='ocrx_word' id='word_1_182' title='bbox 465 1804 676 1853; x_wconf 80' lang='lat' dir='ltr'>deponerent</span> <span class='ocrx_word' id='word_1_183' title='bbox 723 1810 891 1860; x_wconf 84' lang='lat' dir='ltr'>Capellos</span> <span class='ocrx_word' id='word_1_184' title='bbox 936 1813 969 1846; x_wconf 78' lang='lat'>8&lt;</span> 
     </span>
     <span class='ocr_line' id='line_1_34' title="bbox 215 1849 968 1908; baseline 0.019 -25"><span class='ocrx_word' id='word_1_185' title='bbox 215 1849 360 1898; x_wconf 75' lang='lat' dir='ltr'>infignia</span> <span class='ocrx_word' id='word_1_186' title='bbox 400 1856 665 1895; x_wconf 72' lang='lat' dir='ltr'>Cardinalatus.</span> <span class='ocrx_word' id='word_1_187' title='bbox 703 1863 823 1907; x_wconf 84' lang='lat' dir='ltr'>Quos,</span> <span class='ocrx_word' id='word_1_188' title='bbox 862 1875 968 1908; x_wconf 83' lang='lat' dir='ltr'>quum</span> 
     </span>
     <span class='ocr_line' id='line_1_35' title="bbox 216 1908 970 1957; baseline 0.021 -24"><span class='ocrx_word' id='word_1_189' title='bbox 216 1913 284 1957; x_wconf 77' lang='lat' dir='ltr'>non</span> <span class='ocrx_word' id='word_1_190' title='bbox 315 1915 491 1949; x_wconf 76' lang='lat' dir='ltr'>parerent,</span> <span class='ocrx_word' id='word_1_191' title='bbox 520 1908 552 1942; x_wconf 68' lang='lat'>3:</span> <span class='ocrx_word' id='word_1_192' title='bbox 583 1920 713 1946; x_wconf 85' lang='lat' dir='ltr'>ceteros</span> <span class='ocrx_word' id='word_1_193' title='bbox 742 1912 839 1947; x_wconf 82' lang='lat' dir='ltr'>illius</span> <span class='ocrx_word' id='word_1_194' title='bbox 867 1912 970 1947; x_wconf 74' lang='lat' dir='ltr'>fami-</span> 
     </span>
     <span class='ocr_line' id='line_1_36' title="bbox 215 1952 970 1999; baseline 0.02 -14"><span class='ocrx_word' id='word_1_195' title='bbox 215 1952 284 1986; x_wconf 80' lang='lat' dir='ltr'>liae</span> <span class='ocrx_word' id='word_1_196' title='bbox 321 1953 475 1999; x_wconf 73' lang='lat' dir='ltr'>privavit</span> <span class='ocrx_word' id='word_1_197' title='bbox 514 1960 677 1996; x_wconf 83' lang='lat' dir='ltr'>omnibus</span> <span class='ocrx_word' id='word_1_198' title='bbox 714 1963 900 1998; x_wconf 84' lang='lat' dir='ltr'>Beneficiis</span> <span class='ocrx_word' id='word_1_199' title='bbox 933 1962 970 1998; x_wconf 60' lang='grc' dir='ltr'>δέ</span> 
     </span>
     <span class='ocr_line' id='line_1_37' title="bbox 216 2000 970 2060; baseline 0.02 -26"><span class='ocrx_word' id='word_1_200' title='bbox 216 2000 429 2040; x_wconf 80' lang='lat' dir='ltr'>honoribus.</span> <span class='ocrx_word' id='word_1_201' title='bbox 468 2008 598 2044; x_wconf 85' lang='lat' dir='ltr'>Eorum</span> <span class='ocrx_word' id='word_1_202' title='bbox 637 2010 775 2060; x_wconf 83' lang='lat' dir='ltr'>insuper</span> <span class='ocrx_word' id='word_1_203' title='bbox 810 2013 846 2048; x_wconf 88' lang='lat' dir='ltr'>in</span> <span class='ocrx_word' id='word_1_204' title='bbox 877 2014 970 2049; x_wconf 84' lang='lat' dir='ltr'>Urbe</span> 
     </span>
     <span class='ocr_line' id='line_1_38' title="bbox 218 2050 972 2112; baseline 0.019 -26"><span class='ocrx_word' id='word_1_205' title='bbox 218 2050 302 2087; x_wconf 84' lang='lat' dir='ltr'>fecit</span> <span class='ocrx_word' id='word_1_206' title='bbox 329 2054 420 2090; x_wconf 87' lang='lat' dir='ltr'>dirui</span> <span class='ocrx_word' id='word_1_207' title='bbox 460 2058 619 2099; x_wconf 83' lang='lat' dir='ltr'>Palatia,</span> <span class='ocrx_word' id='word_1_208' title='bbox 657 2060 694 2097; x_wconf 73' lang='grc' dir='ltr'>ὅ(</span> <span class='ocrx_word' id='word_1_209' title='bbox 732 2063 882 2099; x_wconf 85' lang='lat' dir='ltr'>Castella</span> <span class='ocrx_word' id='word_1_210' title='bbox 909 2078 972 2112; x_wconf 84' lang='lat' dir='ltr'>op—</span> 
     </span>
     <span class='ocr_line' id='line_1_39' title="bbox 218 2104 971 2158; baseline 0.016 -22"><span class='ocrx_word' id='word_1_211' title='bbox 218 2104 385 2150; x_wconf 79' lang='lat' dir='ltr'>pugnari,</span> <span class='ocrx_word' id='word_1_212' title='bbox 414 2107 445 2140; x_wconf 59' lang='grc' dir='ltr'>ὃς</span> <span class='ocrx_word' id='word_1_213' title='bbox 476 2118 574 2155; x_wconf 83' lang='lat' dir='ltr'>capta</span> <span class='ocrx_word' id='word_1_214' title='bbox 597 2112 763 2158; x_wconf 85' lang='lat' dir='ltr'>aequavit</span> <span class='ocrx_word' id='word_1_215' title='bbox 791 2113 886 2153; x_wconf 87' lang='lat' dir='ltr'>solo,</span> <span class='ocrx_word' id='word_1_216' title='bbox 915 2115 971 2149; x_wconf 88' lang='lat' dir='ltr'>vel</span> 
     </span>
     <span class='ocr_line' id='line_1_40' title="bbox 216 2153 972 2199; baseline 0.019 -13"><span class='ocrx_word' id='word_1_217' title='bbox 216 2153 364 2188; x_wconf 78' lang='lat' dir='ltr'>tradidit</span> <span class='ocrx_word' id='word_1_218' title='bbox 394 2155 553 2198; x_wconf 73' lang='lat' dir='ltr'>Ursmis.</span> <span class='ocrx_word' id='word_1_219' title='bbox 582 2170 619 2195; x_wconf 77' lang='lat' dir='ltr'>ut</span> <span class='ocrx_word' id='word_1_220' title='bbox 649 2162 804 2198; x_wconf 87' lang='lat' dir='ltr'>redderet</span> <span class='ocrx_word' id='word_1_221' title='bbox 831 2177 889 2198; x_wconf 84' lang='lat' dir='ltr'>eos</span> <span class='ocrx_word' id='word_1_222' title='bbox 916 2164 972 2199; x_wconf 87' lang='lat' dir='ltr'>in-</span> 
     </span>
     <span class='ocr_line' id='line_1_41' title="bbox 216 2202 973 2250; baseline 0.017 -13"><span class='ocrx_word' id='word_1_223' title='bbox 216 2202 313 2238; x_wconf 81' lang='lat' dir='ltr'>festos</span> <span class='ocrx_word' id='word_1_224' title='bbox 332 2206 640 2246; x_wconf 85' lang='lat' dir='ltr'>Columnenfibus.</span> <span class='ocrx_word' id='word_1_225' title='bbox 658 2214 704 2247; x_wconf 81' lang='lat' dir='ltr'>Et</span> <span class='ocrx_word' id='word_1_226' title='bbox 727 2213 867 2248; x_wconf 67' lang='lat' dir='ltr'>bannita</span> <span class='ocrx_word' id='word_1_227' title='bbox 883 2216 973 2250; x_wconf 80' lang='lat' dir='ltr'>Cru-</span> 
     </span>
     <span class='ocr_line' id='line_1_42' title="bbox 218 2255 972 2306; baseline 0.016 -17"><span class='ocrx_word' id='word_1_228' title='bbox 218 2267 254 2290; x_wconf 89' lang='lat' dir='ltr'>ce</span> <span class='ocrx_word' id='word_1_229' title='bbox 290 2255 426 2292; x_wconf 85' lang='lat' dir='ltr'>obsedit</span> <span class='ocrx_word' id='word_1_230' title='bbox 462 2259 600 2306; x_wconf 85' lang='lat' dir='ltr'>aliquot</span> <span class='ocrx_word' id='word_1_231' title='bbox 639 2262 708 2297; x_wconf 90' lang='lat' dir='ltr'>alia</span> <span class='ocrx_word' id='word_1_232' title='bbox 745 2276 863 2299; x_wconf 85' lang='lat' dir='ltr'>eorum</span> <span class='ocrx_word' id='word_1_233' title='bbox 903 2266 972 2300; x_wconf 85' lang='lat' dir='ltr'>Ca-</span> 
     </span>
     <span class='ocr_line' id='line_1_43' title="bbox 216 2304 971 2353; baseline 0.016 -14"><span class='ocrx_word' id='word_1_234' title='bbox 216 2304 304 2345; x_wconf 82' lang='lat' dir='ltr'>stra,</span> <span class='ocrx_word' id='word_1_235' title='bbox 341 2320 428 2353; x_wconf 84' lang='lat' dir='ltr'>quae</span> <span class='ocrx_word' id='word_1_236' title='bbox 458 2310 610 2345; x_wconf 84' lang='lat' dir='ltr'>tamdem</span> <span class='ocrx_word' id='word_1_237' title='bbox 639 2311 764 2349; x_wconf 88' lang='lat' dir='ltr'>habuit</span> <span class='ocrx_word' id='word_1_238' title='bbox 792 2327 870 2349; x_wconf 91' lang='lat' dir='ltr'>cum</span> <span class='ocrx_word' id='word_1_239' title='bbox 899 2328 971 2351; x_wconf 86' lang='lat' dir='ltr'>cer-</span> 
     </span>
     <span class='ocr_line' id='line_1_44' title="bbox 215 2355 973 2412; baseline 0.015 -22"><span class='ocrx_word' id='word_1_240' title='bbox 215 2355 264 2390; x_wconf 83' lang='lat' dir='ltr'>tis</span> <span class='ocrx_word' id='word_1_241' title='bbox 292 2357 425 2402; x_wconf 57' lang='lat' dir='ltr'>pactis.</span> <span class='ocrx_word' id='word_1_242' title='bbox 464 2360 602 2397; x_wconf 88' lang='lat' dir='ltr'>Deinde</span> <span class='ocrx_word' id='word_1_243' title='bbox 629 2375 699 2398; x_wconf 90' lang='lat' dir='ltr'>non</span> <span class='ocrx_word' id='word_1_244' title='bbox 729 2365 847 2400; x_wconf 85' lang='lat' dir='ltr'>valens</span> <span class='ocrx_word' id='word_1_245' title='bbox 875 2378 973 2412; x_wconf 86' lang='lat' dir='ltr'>cape-</span> 
     </span>
     <span class='ocr_line' id='line_1_45' title="bbox 214 2408 972 2464; baseline 0.013 -23"><span class='ocrx_word' id='word_1_246' title='bbox 214 2421 250 2443; x_wconf 97' lang='lat' dir='ltr'>re</span> <span class='ocrx_word' id='word_1_247' title='bbox 278 2408 453 2444; x_wconf 81' lang='lat' dir='ltr'>Praeneste</span> <span class='ocrx_word' id='word_1_248' title='bbox 480 2410 679 2448; x_wconf 82' lang='lat' dir='ltr'>Civitatem</span> <span class='ocrx_word' id='word_1_249' title='bbox 716 2413 972 2464; x_wconf 82' lang='lat' dir='ltr'>inexpugnabi-</span> 
     </span>
     <span class='ocr_line' id='line_1_46' title="bbox 214 2459 972 2513; baseline 0.015 -21"><span class='ocrx_word' id='word_1_250' title='bbox 214 2459 283 2493; x_wconf 88' lang='lat' dir='ltr'>lem</span> <span class='ocrx_word' id='word_1_251' title='bbox 303 2485 312 2500; x_wconf 83' lang='lat'>,</span> <span class='ocrx_word' id='word_1_252' title='bbox 352 2459 476 2494; x_wconf 87' lang='lat' dir='ltr'>habito</span> <span class='ocrx_word' id='word_1_253' title='bbox 504 2461 651 2498; x_wconf 77' lang='lat' dir='ltr'>consilio</span> <span class='ocrx_word' id='word_1_254' title='bbox 679 2464 843 2509; x_wconf 84' lang='lat' dir='ltr'>audivit,</span> <span class='ocrx_word' id='word_1_255' title='bbox 880 2467 972 2513; x_wconf 86' lang='lat' dir='ltr'>quod</span> 
     </span>
     <span class='ocr_line' id='line_1_47' title="bbox 215 2507 971 2563; baseline 0.013 -20"><span class='ocrx_word' id='word_1_256' title='bbox 215 2507 347 2545; x_wconf 75' lang='lat' dir='ltr'>Comes</span> <span class='ocrx_word' id='word_1_257' title='bbox 375 2509 415 2546; x_wconf 87' lang='lat' dir='ltr'>de</span> <span class='ocrx_word' id='word_1_258' title='bbox 442 2510 704 2554; x_wconf 85' lang='lat' dir='ltr'>Montefeltro,</span> <span class='ocrx_word' id='word_1_259' title='bbox 739 2515 800 2563; x_wconf 88' lang='lat' dir='ltr'>qui</span> <span class='ocrx_word' id='word_1_260' title='bbox 835 2526 908 2552; x_wconf 87' lang='lat' dir='ltr'>erat</span> <span class='ocrx_word' id='word_1_261' title='bbox 935 2516 971 2552; x_wconf 92' lang='lat' dir='ltr'>in</span> 
     </span>
     <span class='ocr_line' id='line_1_48' title="bbox 216 2559 972 2618; baseline 0.013 -24"><span class='ocrx_word' id='word_1_262' title='bbox 216 2559 348 2600; x_wconf 78' lang='lat' dir='ltr'>Ordine</span> <span class='ocrx_word' id='word_1_263' title='bbox 374 2561 559 2600; x_wconf 81' lang='lat' dir='ltr'>Minorum</span> <span class='ocrx_word' id='word_1_264' title='bbox 578 2588 589 2604; x_wconf 84' lang='lat'><em>‚</em></span> <span class='ocrx_word' id='word_1_265' title='bbox 625 2564 718 2602; x_wconf 90' lang='lat' dir='ltr'>solus</span> <span class='ocrx_word' id='word_1_266' title='bbox 754 2575 891 2616; x_wconf 83' lang='lat' dir='ltr'>poterat</span> <span class='ocrx_word' id='word_1_267' title='bbox 917 2567 972 2618; x_wconf 77' lang='lat' dir='ltr'>ip-</span> 
     </span>
    </p>
   </div>
   <div class='ocr_carea' id='block_1_5' title="bbox 992 1092 1005 2102">
    <p class='ocr_par' dir='ltr' id='par_1_9' title="bbox 992 1092 1005 2102">
     <span class='ocr_line' id='line_1_49' title="bbox 992 1092 1005 2102; baseline 0 0"><span class='ocrx_word' id='word_1_268' title='bbox 992 1092 1005 2102; x_wconf 95' lang='lat' dir='ltr'> </span> 
     </span>
    </p>
   </div>
   <div class='ocr_carea' id='block_1_6' title="bbox 996 248 1819 297">
    <p class='ocr_par' dir='ltr' id='par_1_10' title="bbox 996 248 1819 297">
     <span class='ocr_line' id='line_1_50' title="bbox 996 248 1819 297; baseline 0.005 -12"><span class='ocrx_word' id='word_1_269' title='bbox 996 253 1029 285; x_wconf 90' lang='lat' dir='ltr'>A</span> <span class='ocrx_word' id='word_1_270' title='bbox 1068 249 1140 284; x_wconf 90' lang='lat' dir='ltr'>sum</span> <span class='ocrx_word' id='word_1_271' title='bbox 1168 248 1279 284; x_wconf 85' lang='lat' dir='ltr'>facere</span> <span class='ocrx_word' id='word_1_272' title='bbox 1307 260 1505 297; x_wconf 85' lang='lat' dir='ltr'>compotem</span> <span class='ocrx_word' id='word_1_273' title='bbox 1535 251 1612 286; x_wconf 89' lang='lat' dir='ltr'>voti</span> <span class='ocrx_word' id='word_1_274' title='bbox 1642 252 1714 288; x_wconf 90' lang='lat' dir='ltr'>sui.</span> <span class='ocrx_word' id='word_1_275' title='bbox 1746 252 1819 289; x_wconf 84' lang='lat' dir='ltr'>Mi-</span> 
     </span>
    </p>
   </div>
   <div class='ocr_carea' id='block_1_7' title="bbox 1067 298 1842 2552">
    <p class='ocr_par' dir='ltr' id='par_1_11' title="bbox 1067 298 1842 2362">
     <span class='ocr_line' id='line_1_51' title="bbox 1067 298 1820 348; baseline 0.008 -15"><span class='ocrx_word' id='word_1_276' title='bbox 1067 298 1107 334; x_wconf 89' lang='lat' dir='ltr'>fit</span> <span class='ocrx_word' id='word_1_277' title='bbox 1134 312 1214 346; x_wconf 82' lang='lat' dir='ltr'>ergo</span> <span class='ocrx_word' id='word_1_278' title='bbox 1254 312 1314 345; x_wconf 83' lang='lat' dir='ltr'>pro</span> <span class='ocrx_word' id='word_1_279' title='bbox 1341 313 1403 338; x_wconf 87' lang='lat' dir='ltr'>eo,</span> <span class='ocrx_word' id='word_1_280' title='bbox 1440 313 1564 348; x_wconf 84' lang='lat' dir='ltr'>rogans</span> <span class='ocrx_word' id='word_1_281' title='bbox 1591 303 1623 336; x_wconf 84' lang='lat'>&amp;</span> <span class='ocrx_word' id='word_1_282' title='bbox 1653 302 1792 339; x_wconf 80' lang='lat' dir='ltr'>suadens</span> <span class='ocrx_word' id='word_1_283' title='bbox 1810 327 1820 342; x_wconf 86' lang='lat'><em>,</em></span> 
     </span>
     <span class='ocr_line' id='line_1_52' title="bbox 1068 350 1821 388; baseline 0.005 -4"><span class='ocrx_word' id='word_1_284' title='bbox 1068 358 1107 384; x_wconf 90' lang='lat' dir='ltr'>ut</span> <span class='ocrx_word' id='word_1_285' title='bbox 1134 350 1215 384; x_wconf 73' lang='lat' dir='ltr'>efl‘et</span> <span class='ocrx_word' id='word_1_286' title='bbox 1242 350 1311 384; x_wconf 86' lang='lat' dir='ltr'>dux</span> <span class='ocrx_word' id='word_1_287' title='bbox 1341 350 1425 384; x_wconf 85' lang='lat' dir='ltr'>belli</span> <span class='ocrx_word' id='word_1_288' title='bbox 1463 361 1584 385; x_wconf 87' lang='lat' dir='ltr'>contra</span> <span class='ocrx_word' id='word_1_289' title='bbox 1614 350 1821 388; x_wconf 65' lang='lat' dir='ltr'>Cat-dinales</span> 
     </span>
     <span class='ocr_line' id='line_1_53' title="bbox 1068 399 1822 448; baseline 0.005 -15"><span class='ocrx_word' id='word_1_290' title='bbox 1068 399 1129 434; x_wconf 83' lang='lat' dir='ltr'>fibi</span> <span class='ocrx_word' id='word_1_291' title='bbox 1157 399 1335 435; x_wconf 78' lang='lat' dir='ltr'>adverlos.</span> <span class='ocrx_word' id='word_1_292' title='bbox 1364 400 1469 444; x_wconf 80' lang='lat' dir='ltr'>Quod</span> <span class='ocrx_word' id='word_1_293' title='bbox 1498 414 1605 448; x_wconf 87' lang='lat' dir='ltr'>quum</span> <span class='ocrx_word' id='word_1_294' title='bbox 1630 403 1822 437; x_wconf 82' lang='lat' dir='ltr'>constanter</span> 
     </span>
     <span class='ocr_line' id='line_1_54' title="bbox 1069 448 1823 496; baseline 0.003 -12"><span class='ocrx_word' id='word_1_295' title='bbox 1069 458 1229 496; x_wconf 82' lang='lat' dir='ltr'>negaret,</span> <span class='ocrx_word' id='word_1_296' title='bbox 1257 450 1351 485; x_wconf 87' lang='lat' dir='ltr'>dixit</span> <span class='ocrx_word' id='word_1_297' title='bbox 1379 448 1601 486; x_wconf 86' lang='lat' dir='ltr'>Bonifacius:</span> <span class='ocrx_word' id='word_1_298' title='bbox 1631 453 1750 486; x_wconf 78' lang='lat' dir='ltr'>Saltem</span> <span class='ocrx_word' id='word_1_299' title='bbox 1778 465 1823 486; x_wconf 80' lang='lat' dir='ltr'>me</span> 
     </span>
     <span class='ocr_line' id='line_1_55' title="bbox 1069 500 1821 548; baseline 0.004 -15"><span class='ocrx_word' id='word_1_300' title='bbox 1069 500 1221 541; x_wconf 78' lang='lat' dir='ltr'>instruas,</span> <span class='ocrx_word' id='word_1_301' title='bbox 1259 503 1403 547; x_wconf 58' lang='lat' dir='ltr'>quomodo</span> <span class='ocrx_word' id='word_1_302' title='bbox 1429 514 1476 535; x_wconf 81' lang='lat' dir='ltr'>eos</span> <span class='ocrx_word' id='word_1_303' title='bbox 1496 502 1649 545; x_wconf 76' lang='lat' dir='ltr'>subjicere</span> <span class='ocrx_word' id='word_1_304' title='bbox 1682 501 1821 548; x_wconf 68' lang='lat' dir='ltr'>possum.</span> 
     </span>
     <span class='ocr_line' id='line_1_56' title="bbox 1069 550 1824 598; baseline 0.003 -13"><span class='ocrx_word' id='word_1_305' title='bbox 1069 551 1172 585; x_wconf 83' lang='lat' dir='ltr'>Tunc</span> <span class='ocrx_word' id='word_1_306' title='bbox 1193 550 1276 586; x_wconf 86' lang='lat' dir='ltr'>ille:</span> <span class='ocrx_word' id='word_1_307' title='bbox 1307 553 1420 586; x_wconf 71' lang='lat' dir='ltr'>Multa</span> <span class='ocrx_word' id='word_1_308' title='bbox 1446 553 1608 596; x_wconf 79' lang='lat' dir='ltr'>promitte.</span> <span class='ocrx_word' id='word_1_309' title='bbox 1624 556 1742 587; x_wconf 62' lang='lat' dir='ltr'>&#39;Pauca</span> <span class='ocrx_word' id='word_1_310' title='bbox 1756 554 1824 598; x_wconf 84' lang='lat' dir='ltr'>ser-</span> 
     </span>
     <span class='ocr_line' id='line_1_57' title="bbox 1068 602 1824 648; baseline 0.008 -15"><span class='ocrx_word' id='word_1_311' title='bbox 1068 614 1114 634; x_wconf 86' lang='lat' dir='ltr'>va</span> <span class='ocrx_word' id='word_1_312' title='bbox 1148 606 1187 634; x_wconf 83' lang='lat' dir='ltr'>de</span> <span class='ocrx_word' id='word_1_313' title='bbox 1219 602 1389 648; x_wconf 77' lang='lat' dir='ltr'>promrffis.</span> <span class='ocrx_word' id='word_1_314' title='bbox 1428 602 1630 638; x_wconf 83' lang='lat' dir='ltr'>Bonifacius</span> <span class='ocrx_word' id='word_1_315' title='bbox 1667 603 1824 639; x_wconf 80' lang='lat' dir='ltr'>inventis</span> 
     </span>
     <span class='ocr_line' id='line_1_58' title="bbox 1070 650 1824 692; baseline 0.005 -7"><span class='ocrx_word' id='word_1_316' title='bbox 1070 650 1320 687; x_wconf 81' lang='lat' dir='ltr'>mediatoribus</span> <span class='ocrx_word' id='word_1_317' title='bbox 1358 652 1481 692; x_wconf 88' lang='lat' dir='ltr'>dixit,</span> <span class='ocrx_word' id='word_1_318' title='bbox 1519 652 1551 688; x_wconf 88' lang='lat' dir='ltr'>se</span> <span class='ocrx_word' id='word_1_319' title='bbox 1588 653 1824 689; x_wconf 64' lang='lat' dir='ltr'>misericordia</span> 
     </span>
     <span class='ocr_line' id='line_1_59' title="bbox 1071 700 1824 750; baseline 0.005 -15"><span class='ocrx_word' id='word_1_320' title='bbox 1071 700 1231 741; x_wconf 84' lang='lat' dir='ltr'>usurum,</span> <span class='ocrx_word' id='word_1_321' title='bbox 1259 703 1450 738; x_wconf 78' lang='lat' dir='ltr'>dummodo</span> <span class='ocrx_word' id='word_1_322' title='bbox 1470 702 1621 739; x_wconf 87' lang='lat' dir='ltr'>facerent</span> <span class='ocrx_word' id='word_1_323' title='bbox 1646 704 1703 743; x_wconf 88' lang='lat' dir='ltr'>id,</span> <span class='ocrx_word' id='word_1_324' title='bbox 1731 704 1824 750; x_wconf 87' lang='lat' dir='ltr'>quod</span> 
     </span>
     <span class='ocr_line' id='line_1_60' title="bbox 1071 751 1825 800; baseline 0.005 -14"><span class='ocrx_word' id='word_1_325' title='bbox 1071 751 1206 787; x_wconf 83' lang='lat' dir='ltr'>deceret</span> <span class='ocrx_word' id='word_1_326' title='bbox 1222 752 1500 800; x_wconf 81' lang='lat' dir='ltr'>magnitudinem</span> <span class='ocrx_word' id='word_1_327' title='bbox 1523 753 1624 790; x_wconf 82' lang='lat' dir='ltr'>status</span> <span class='ocrx_word' id='word_1_328' title='bbox 1646 754 1714 790; x_wconf 86' lang='lat' dir='ltr'>sui.</span> <span class='ocrx_word' id='word_1_329' title='bbox 1735 753 1825 790; x_wconf 82' lang='lat' dir='ltr'>Car-</span> 
     </span>
     <span class='ocr_line' id='line_1_61' title="bbox 1072 801 1826 843; baseline 0.005 -7"><span class='ocrx_word' id='word_1_330' title='bbox 1072 801 1204 837; x_wconf 82' lang='lat' dir='ltr'>dinales</span> <span class='ocrx_word' id='word_1_331' title='bbox 1233 803 1403 839; x_wconf 89' lang='lat' dir='ltr'>continuo</span> <span class='ocrx_word' id='word_1_332' title='bbox 1430 804 1645 843; x_wconf 80' lang='lat' dir='ltr'>exhilarati,</span> <span class='ocrx_word' id='word_1_333' title='bbox 1682 806 1826 841; x_wconf 64' lang='lat' dir='ltr'>assumta</span> 
     </span>
     <span class='ocr_line' id='line_1_62' title="bbox 1073 851 1826 903; baseline 0.007 -17"><span class='ocrx_word' id='word_1_334' title='bbox 1073 851 1160 887; x_wconf 83' lang='lat' dir='ltr'>veste</span> <span class='ocrx_word' id='word_1_335' title='bbox 1188 853 1310 901; x_wconf 78' lang='lat' dir='ltr'>nigra,</span> <span class='ocrx_word' id='word_1_336' title='bbox 1346 854 1537 890; x_wconf 85' lang='lat' dir='ltr'>miserabili</span> <span class='ocrx_word' id='word_1_337' title='bbox 1566 856 1666 891; x_wconf 88' lang='lat' dir='ltr'>vultu</span> <span class='ocrx_word' id='word_1_338' title='bbox 1695 855 1826 903; x_wconf 85' lang='lat' dir='ltr'>suppli-</span> 
     </span>
     <span class='ocr_line' id='line_1_63' title="bbox 1073 903 1827 952; baseline 0.005 -15"><span class='ocrx_word' id='word_1_339' title='bbox 1073 916 1149 942; x_wconf 86' lang='lat' dir='ltr'>ces,</span> <span class='ocrx_word' id='word_1_340' title='bbox 1169 903 1208 938; x_wconf 89' lang='lat' dir='ltr'>ad</span> <span class='ocrx_word' id='word_1_341' title='bbox 1227 904 1326 952; x_wconf 88' lang='lat' dir='ltr'>pedes</span> <span class='ocrx_word' id='word_1_342' title='bbox 1343 905 1414 951; x_wconf 84' lang='lat' dir='ltr'>ejus</span> <span class='ocrx_word' id='word_1_343' title='bbox 1432 905 1689 952; x_wconf 86' lang='lat' dir='ltr'>procubuerunt</span> <span class='ocrx_word' id='word_1_344' title='bbox 1702 931 1710 945; x_wconf 92' lang='lat'><em>‚</em></span> <span class='ocrx_word' id='word_1_345' title='bbox 1733 905 1827 941; x_wconf 82' lang='lat' dir='ltr'>suam</span> 
     </span>
     <span class='ocr_line' id='line_1_64' title="bbox 1074 954 1828 1001; baseline 0.005 -14"><span class='ocrx_word' id='word_1_346' title='bbox 1074 955 1211 1001; x_wconf 88' lang='lat' dir='ltr'>culpam</span> <span class='ocrx_word' id='word_1_347' title='bbox 1249 954 1477 998; x_wconf 83' lang='lat' dir='ltr'>confitentes,</span> <span class='ocrx_word' id='word_1_348' title='bbox 1515 954 1552 990; x_wconf 69' lang='grc' dir='ltr'>ἃ</span> <span class='ocrx_word' id='word_1_349' title='bbox 1582 957 1721 991; x_wconf 82' lang='lat' dir='ltr'>veniam</span> <span class='ocrx_word' id='word_1_350' title='bbox 1759 956 1828 991; x_wconf 84' lang='lat' dir='ltr'>im-</span> 
     </span>
     <span class='ocr_line' id='line_1_65' title="bbox 1075 1004 1828 1054; baseline 0.005 -16"><span class='ocrx_word' id='word_1_351' title='bbox 1075 1004 1269 1051; x_wconf 86' lang='lat' dir='ltr'>plorantes.</span> <span class='ocrx_word' id='word_1_352' title='bbox 1307 1005 1509 1041; x_wconf 85' lang='lat' dir='ltr'>Bonifacius</span> <span class='ocrx_word' id='word_1_353' title='bbox 1537 1006 1611 1042; x_wconf 87' lang='lat' dir='ltr'>illis</span> <span class='ocrx_word' id='word_1_354' title='bbox 1639 1006 1828 1054; x_wconf 82' lang='lat' dir='ltr'>increpatis</span> 
     </span>
     <span class='ocr_line' id='line_1_66' title="bbox 1075 1054 1828 1106; baseline 0.004 -17"><span class='ocrx_word' id='word_1_355' title='bbox 1075 1054 1231 1099; x_wconf 72' lang='lat' dir='ltr'>promisit</span> <span class='ocrx_word' id='word_1_356' title='bbox 1257 1055 1507 1102; x_wconf 81' lang='lat' dir='ltr'>impunitatem</span> <span class='ocrx_word' id='word_1_357' title='bbox 1524 1085 1534 1101; x_wconf 86' lang='lat'>,</span> <span class='ocrx_word' id='word_1_358' title='bbox 1571 1058 1604 1092; x_wconf 85' lang='lat'>&amp;</span> <span class='ocrx_word' id='word_1_359' title='bbox 1634 1057 1749 1106; x_wconf 83' lang='lat' dir='ltr'>primo</span> <span class='ocrx_word' id='word_1_360' title='bbox 1776 1071 1828 1092; x_wconf 89' lang='lat' dir='ltr'>re-</span> 
     </span>
     <span class='ocr_line' id='line_1_67' title="bbox 1073 1104 1830 1156; baseline 0.005 -17"><span class='ocrx_word' id='word_1_361' title='bbox 1073 1104 1289 1141; x_wconf 87' lang='lat' dir='ltr'>stitutionem</span> <span class='ocrx_word' id='word_1_362' title='bbox 1307 1106 1342 1141; x_wconf 93' lang='lat' dir='ltr'>in</span> <span class='ocrx_word' id='word_1_363' title='bbox 1360 1106 1535 1156; x_wconf 84' lang='lat' dir='ltr'>integrum</span> <span class='ocrx_word' id='word_1_364' title='bbox 1548 1134 1555 1142; x_wconf 91' lang='lat'>.</span> <span class='ocrx_word' id='word_1_365' title='bbox 1576 1108 1709 1143; x_wconf 85' lang='lat' dir='ltr'>Petivit</span> <span class='ocrx_word' id='word_1_366' title='bbox 1730 1112 1830 1143; x_wconf 76' lang='lat' dir='ltr'>Prae-</span> 
     </span>
     <span class='ocr_line' id='line_1_68' title="bbox 1075 1155 1830 1203; baseline 0.007 -15"><span class='ocrx_word' id='word_1_367' title='bbox 1075 1155 1162 1190; x_wconf 79' lang='lat' dir='ltr'>neste</span> <span class='ocrx_word' id='word_1_368' title='bbox 1190 1157 1222 1190; x_wconf 75' lang='lat'>8&lt;</span> <span class='ocrx_word' id='word_1_369' title='bbox 1262 1156 1440 1193; x_wconf 89' lang='lat' dir='ltr'>obtinuit.</span> <span class='ocrx_word' id='word_1_370' title='bbox 1478 1158 1558 1203; x_wconf 55' lang='lat' dir='ltr'>Qua</span> <span class='ocrx_word' id='word_1_371' title='bbox 1593 1160 1709 1194; x_wconf 62' lang='lat' dir='ltr'>eversa</span> <span class='ocrx_word' id='word_1_372' title='bbox 1745 1158 1830 1194; x_wconf 83' lang='lat' dir='ltr'>fecit</span> 
     </span>
     <span class='ocr_line' id='line_1_69' title="bbox 1077 1204 1830 1257; baseline 0.007 -18"><span class='ocrx_word' id='word_1_373' title='bbox 1077 1204 1151 1240; x_wconf 81' lang='lat' dir='ltr'>ficri</span> <span class='ocrx_word' id='word_1_374' title='bbox 1179 1205 1376 1242; x_wconf 86' lang='lat' dir='ltr'>Civitatem</span> <span class='ocrx_word' id='word_1_375' title='bbox 1405 1208 1442 1243; x_wconf 91' lang='lat' dir='ltr'>in</span> <span class='ocrx_word' id='word_1_376' title='bbox 1471 1210 1597 1255; x_wconf 87' lang='lat' dir='ltr'>plano,</span> <span class='ocrx_word' id='word_1_377' title='bbox 1633 1223 1736 1257; x_wconf 86' lang='lat' dir='ltr'>quam</span> <span class='ocrx_word' id='word_1_378' title='bbox 1767 1223 1830 1244; x_wconf 92' lang='lat' dir='ltr'>vo—</span> 
     </span>
     <span class='ocr_line' id='line_1_70' title="bbox 1076 1256 1833 1308; baseline 0.008 -19"><span class='ocrx_word' id='word_1_379' title='bbox 1076 1256 1171 1290; x_wconf 81' lang='lat' dir='ltr'>cavit</span> <span class='ocrx_word' id='word_1_380' title='bbox 1207 1257 1403 1294; x_wconf 84' lang='lat' dir='ltr'>Civitatem</span> <span class='ocrx_word' id='word_1_381' title='bbox 1452 1260 1613 1308; x_wconf 86' lang='lat' dir='ltr'>Papalem</span> <span class='ocrx_word' id='word_1_382' title='bbox 1641 1287 1650 1295; x_wconf 95' lang='lat'>.</span> <span class='ocrx_word' id='word_1_383' title='bbox 1699 1259 1833 1295; x_wconf 87' lang='lat' dir='ltr'>Deinde</span> 
     </span>
     <span class='ocr_line' id='line_1_71' title="bbox 1077 1307 1830 1356; baseline 0.005 -15"><span class='ocrx_word' id='word_1_384' title='bbox 1077 1307 1233 1342; x_wconf 88' lang='lat' dir='ltr'>nobilem</span> <span class='ocrx_word' id='word_1_385' title='bbox 1260 1309 1294 1342; x_wconf 78' lang='lat'>8&lt;</span> <span class='ocrx_word' id='word_1_386' title='bbox 1324 1318 1502 1356; x_wconf 85' lang='lat' dir='ltr'>potentem</span> <span class='ocrx_word' id='word_1_387' title='bbox 1532 1310 1648 1345; x_wconf 90' lang='lat' dir='ltr'>virum</span> <span class='ocrx_word' id='word_1_388' title='bbox 1677 1312 1830 1345; x_wconf 84' lang='lat' dir='ltr'>Zannem</span> 
     </span>
     <span class='ocr_line' id='line_1_72' title="bbox 1077 1358 1831 1405; baseline 0.007 -13"><span class='ocrx_word' id='word_1_389' title='bbox 1077 1358 1119 1392; x_wconf 90' lang='lat' dir='ltr'>de</span> <span class='ocrx_word' id='word_1_390' title='bbox 1146 1359 1307 1393; x_wconf 89' lang='lat' dir='ltr'>Ceccano</span> <span class='ocrx_word' id='word_1_391' title='bbox 1325 1385 1334 1401; x_wconf 88' lang='lat'><strong>‚</strong></span> <span class='ocrx_word' id='word_1_392' title='bbox 1363 1359 1573 1395; x_wconf 79' lang='lat' dir='ltr'>attinentem</span> <span class='ocrx_word' id='word_1_393' title='bbox 1602 1374 1720 1396; x_wconf 89' lang='lat' dir='ltr'>eorum</span> <span class='ocrx_word' id='word_1_394' title='bbox 1739 1388 1748 1405; x_wconf 93' lang='lat'>,</span> <span class='ocrx_word' id='word_1_395' title='bbox 1778 1361 1831 1396; x_wconf 89' lang='lat' dir='ltr'>su-</span> 
     </span>
     <span class='ocr_line' id='line_1_73' title="bbox 1079 1407 1831 1459; baseline 0.008 -18"><span class='ocrx_word' id='word_1_396' title='bbox 1079 1407 1155 1442; x_wconf 84' lang='lat' dir='ltr'>bito</span> <span class='ocrx_word' id='word_1_397' title='bbox 1183 1416 1347 1454; x_wconf 84' lang='lat' dir='ltr'>captum,</span> <span class='ocrx_word' id='word_1_398' title='bbox 1375 1409 1460 1444; x_wconf 89' lang='lat' dir='ltr'>duro</span> <span class='ocrx_word' id='word_1_399' title='bbox 1489 1411 1615 1446; x_wconf 84' lang='lat' dir='ltr'>carceri</span> <span class='ocrx_word' id='word_1_400' title='bbox 1652 1412 1831 1459; x_wconf 84' lang='lat' dir='ltr'>mancipa-</span> 
     </span>
     <span class='ocr_line' id='line_1_74' title="bbox 1080 1458 1832 1511; baseline 0.008 -19"><span class='ocrx_word' id='word_1_401' title='bbox 1080 1458 1154 1493; x_wconf 86' lang='lat' dir='ltr'>vit.</span> <span class='ocrx_word' id='word_1_402' title='bbox 1183 1460 1300 1503; x_wconf 86' lang='lat' dir='ltr'>Quare</span> <span class='ocrx_word' id='word_1_403' title='bbox 1321 1459 1525 1495; x_wconf 76' lang='lat' dir='ltr'>cardinales</span> <span class='ocrx_word' id='word_1_404' title='bbox 1553 1461 1667 1496; x_wconf 89' lang='lat' dir='ltr'>territi</span> <span class='ocrx_word' id='word_1_405' title='bbox 1696 1461 1832 1511; x_wconf 81' lang='lat' dir='ltr'>fugien—</span> 
     </span>
     <span class='ocr_line' id='line_1_75' title="bbox 1080 1509 1832 1558; baseline 0.007 -15"><span class='ocrx_word' id='word_1_406' title='bbox 1080 1518 1130 1544; x_wconf 86' lang='lat' dir='ltr'>tes</span> <span class='ocrx_word' id='word_1_407' title='bbox 1167 1509 1344 1544; x_wconf 85' lang='lat' dir='ltr'>latuerunt</span> <span class='ocrx_word' id='word_1_408' title='bbox 1384 1522 1442 1557; x_wconf 87' lang='lat' dir='ltr'>per</span> <span class='ocrx_word' id='word_1_409' title='bbox 1479 1510 1616 1558; x_wconf 87' lang='lat' dir='ltr'>aliquot</span> <span class='ocrx_word' id='word_1_410' title='bbox 1653 1525 1760 1547; x_wconf 83' lang='lat' dir='ltr'>annos</span> <span class='ocrx_word' id='word_1_411' title='bbox 1797 1526 1832 1548; x_wconf 84' lang='lat' dir='ltr'>a·</span> 
     </span>
     <span class='ocr_line' id='line_1_76' title="bbox 1081 1558 1833 1607; baseline 0.007 -14"><span class='ocrx_word' id='word_1_412' title='bbox 1081 1558 1146 1607; x_wconf 88' lang='lat' dir='ltr'>pud</span> <span class='ocrx_word' id='word_1_413' title='bbox 1176 1559 1308 1594; x_wconf 88' lang='lat' dir='ltr'>amicos</span> <span class='ocrx_word' id='word_1_414' title='bbox 1345 1573 1486 1603; x_wconf 85' lang='lat' dir='ltr'>eorum,</span> <span class='ocrx_word' id='word_1_415' title='bbox 1523 1561 1573 1597; x_wconf 86' lang='lat' dir='ltr'>ita</span> <span class='ocrx_word' id='word_1_416' title='bbox 1611 1570 1650 1597; x_wconf 86' lang='lat' dir='ltr'>ut</span> <span class='ocrx_word' id='word_1_417' title='bbox 1686 1563 1833 1599; x_wconf 84' lang='lat' dir='ltr'>nescire—</span> 
     </span>
     <span class='ocr_line' id='line_1_77' title="bbox 1080 1610 1834 1659; baseline 0.007 -15"><span class='ocrx_word' id='word_1_418' title='bbox 1080 1620 1156 1648; x_wconf 84' lang='lat' dir='ltr'>tur,</span> <span class='ocrx_word' id='word_1_419' title='bbox 1193 1619 1308 1645; x_wconf 87' lang='lat' dir='ltr'>utrum</span> <span class='ocrx_word' id='word_1_420' title='bbox 1348 1610 1530 1650; x_wconf 90' lang='lat' dir='ltr'>viverent,</span> <span class='ocrx_word' id='word_1_421' title='bbox 1566 1611 1648 1659; x_wconf 84' lang='lat' dir='ltr'>quia</span> <span class='ocrx_word' id='word_1_422' title='bbox 1677 1626 1745 1648; x_wconf 88' lang='lat' dir='ltr'>non</span> <span class='ocrx_word' id='word_1_423' title='bbox 1774 1627 1834 1649; x_wconf 89' lang='lat' dir='ltr'>au—</span> 
     </span>
     <span class='ocr_line' id='line_1_78' title="bbox 1079 1660 1834 1708; baseline 0.005 -13"><span class='ocrx_word' id='word_1_424' title='bbox 1079 1660 1205 1695; x_wconf 79' lang='lat' dir='ltr'>debant</span> <span class='ocrx_word' id='word_1_425' title='bbox 1227 1674 1387 1708; x_wconf 77' lang='lat' dir='ltr'>apparere</span> <span class='ocrx_word' id='word_1_426' title='bbox 1409 1670 1468 1696; x_wconf 87' lang='lat' dir='ltr'>aut</span> <span class='ocrx_word' id='word_1_427' title='bbox 1493 1661 1525 1697; x_wconf 91' lang='lat' dir='ltr'>se</span> <span class='ocrx_word' id='word_1_428' title='bbox 1546 1663 1747 1698; x_wconf 85' lang='lat' dir='ltr'>nominare.</span> <span class='ocrx_word' id='word_1_429' title='bbox 1770 1666 1834 1699; x_wconf 79' lang='lat' dir='ltr'>Pa-</span> 
     </span>
     <span class='ocr_line' id='line_1_79' title="bbox 1080 1710 1835 1758; baseline 0.007 -14"><span class='ocrx_word' id='word_1_430' title='bbox 1080 1724 1120 1758; x_wconf 91' lang='lat' dir='ltr'>pa</span> <span class='ocrx_word' id='word_1_431' title='bbox 1157 1710 1237 1745; x_wconf 85' lang='lat' dir='ltr'>istos</span> <span class='ocrx_word' id='word_1_432' title='bbox 1275 1720 1452 1758; x_wconf 81' lang='lat' dir='ltr'>tamquam</span> <span class='ocrx_word' id='word_1_433' title='bbox 1490 1712 1617 1748; x_wconf 89' lang='lat' dir='ltr'>iterum</span> <span class='ocrx_word' id='word_1_434' title='bbox 1654 1715 1798 1749; x_wconf 82' lang='lat' dir='ltr'>rebelles</span> <span class='ocrx_word' id='word_1_435' title='bbox 1824 1741 1835 1758; x_wconf 90' lang='lat'>,</span> 
     </span>
     <span class='ocr_line' id='line_1_80' title="bbox 1080 1760 1836 1808; baseline 0.007 -13"><span class='ocrx_word' id='word_1_436' title='bbox 1080 1760 1248 1808; x_wconf 82' lang='lat' dir='ltr'>relapsos,</span> <span class='ocrx_word' id='word_1_437' title='bbox 1277 1760 1366 1796; x_wconf 83' lang='lat' dir='ltr'>infra</span> <span class='ocrx_word' id='word_1_438' title='bbox 1394 1775 1522 1798; x_wconf 87' lang='lat' dir='ltr'>annum</span> <span class='ocrx_word' id='word_1_439' title='bbox 1552 1763 1733 1799; x_wconf 84' lang='lat' dir='ltr'>bannivit.</span> <span class='ocrx_word' id='word_1_440' title='bbox 1762 1763 1836 1800; x_wconf 87' lang='lat' dir='ltr'>Ce-</span> 
     </span>
     <span class='ocr_line' id='line_1_81' title="bbox 1080 1810 1835 1849; baseline 0.005 -4"><span class='ocrx_word' id='word_1_441' title='bbox 1080 1810 1147 1845; x_wconf 88' lang='lat' dir='ltr'>teri</span> <span class='ocrx_word' id='word_1_442' title='bbox 1175 1810 1215 1846; x_wconf 86' lang='lat' dir='ltr'>de</span> <span class='ocrx_word' id='word_1_443' title='bbox 1243 1810 1379 1846; x_wconf 83' lang='lat' dir='ltr'>familia</span> <span class='ocrx_word' id='word_1_444' title='bbox 1407 1813 1694 1848; x_wconf 79' lang='lat' dir='ltr'>Columnenfium</span> <span class='ocrx_word' id='word_1_445' title='bbox 1733 1813 1835 1849; x_wconf 81' lang='lat' dir='ltr'>divifi</span> 
     </span>
     <span class='ocr_line' id='line_1_82' title="bbox 1081 1860 1835 1912; baseline 0.005 -17"><span class='ocrx_word' id='word_1_446' title='bbox 1081 1860 1159 1896; x_wconf 89' lang='lat' dir='ltr'>sunt</span> <span class='ocrx_word' id='word_1_447' title='bbox 1200 1874 1259 1908; x_wconf 85' lang='lat' dir='ltr'>per</span> <span class='ocrx_word' id='word_1_448' title='bbox 1304 1862 1461 1910; x_wconf 79' lang='lat' dir='ltr'>regiones</span> <span class='ocrx_word' id='word_1_449' title='bbox 1503 1863 1652 1899; x_wconf 76' lang='lat' dir='ltr'>diversas</span> <span class='ocrx_word' id='word_1_450' title='bbox 1679 1892 1688 1907; x_wconf 90' lang='lat'>,</span> <span class='ocrx_word' id='word_1_451' title='bbox 1731 1864 1835 1912; x_wconf 89' lang='lat' dir='ltr'>usque</span> 
     </span>
     <span class='ocr_line' id='line_1_83' title="bbox 1081 1911 1836 1960; baseline 0.007 -15"><span class='ocrx_word' id='word_1_452' title='bbox 1081 1925 1150 1958; x_wconf 90' lang='lat' dir='ltr'>quo</span> <span class='ocrx_word' id='word_1_453' title='bbox 1179 1911 1380 1948; x_wconf 72' lang='lat' dir='ltr'>Bonifacius</span> <span class='ocrx_word' id='word_1_454' title='bbox 1408 1922 1527 1960; x_wconf 82' lang='lat' dir='ltr'>captus</span> <span class='ocrx_word' id='word_1_455' title='bbox 1548 1925 1620 1949; x_wconf 89' lang='lat' dir='ltr'>arte</span> <span class='ocrx_word' id='word_1_456' title='bbox 1648 1928 1714 1960; x_wconf 91' lang='lat' dir='ltr'>qua</span> <span class='ocrx_word' id='word_1_457' title='bbox 1743 1916 1836 1960; x_wconf 81' lang='lat' dir='ltr'>cepit</span> 
     </span>
     <span class='ocr_line' id='line_1_84' title="bbox 1081 1962 1837 2010; baseline 0.005 -14"><span class='ocrx_word' id='word_1_458' title='bbox 1081 1962 1190 2000; x_wconf 89' lang='lat' dir='ltr'>alios,</span> <span class='ocrx_word' id='word_1_459' title='bbox 1219 1975 1277 2010; x_wconf 85' lang='lat' dir='ltr'>per</span> <span class='ocrx_word' id='word_1_460' title='bbox 1304 1963 1472 1998; x_wconf 70' lang='lat' dir='ltr'>Sciat-ram</span> <span class='ocrx_word' id='word_1_461' title='bbox 1497 1964 1538 1999; x_wconf 91' lang='lat' dir='ltr'>de</span> <span class='ocrx_word' id='word_1_462' title='bbox 1565 1963 1766 2007; x_wconf 81' lang='lat' dir='ltr'>Columna,</span> <span class='ocrx_word' id='word_1_463' title='bbox 1796 1965 1837 2000; x_wconf 73' lang='lat' dir='ltr'>fx-</span> 
     </span>
     <span class='ocr_line' id='line_1_85' title="bbox 1082 2012 1838 2050; baseline 0.005 -4"><span class='ocrx_word' id='word_1_464' title='bbox 1082 2025 1160 2046; x_wconf 87' lang='lat' dir='ltr'>nem</span> <span class='ocrx_word' id='word_1_465' title='bbox 1175 2012 1267 2047; x_wconf 82' lang='lat' dir='ltr'>vitae</span> <span class='ocrx_word' id='word_1_466' title='bbox 1285 2012 1476 2048; x_wconf 79' lang='lat' dir='ltr'>infeliciter</span> <span class='ocrx_word' id='word_1_467' title='bbox 1488 2015 1714 2050; x_wconf 81' lang='lat' dir='ltr'>terminavit.</span> <span class='ocrx_word' id='word_1_468' title='bbox 1733 2017 1838 2050; x_wconf 87' lang='lat' dir='ltr'>Nunc</span> 
     </span>
     <span class='ocr_line' id='line_1_86' title="bbox 1082 2062 1838 2100; baseline 0.004 -3"><span class='ocrx_word' id='word_1_469' title='bbox 1082 2062 1123 2097; x_wconf 87' lang='lat' dir='ltr'>ad</span> <span class='ocrx_word' id='word_1_470' title='bbox 1150 2062 1289 2097; x_wconf 80' lang='lat' dir='ltr'>literam</span> <span class='ocrx_word' id='word_1_471' title='bbox 1307 2089 1315 2097; x_wconf 91' lang='lat'>.</span> <span class='ocrx_word' id='word_1_472' title='bbox 1346 2063 1448 2098; x_wconf 79' lang='lat' dir='ltr'>Dicit</span> <span class='ocrx_word' id='word_1_473' title='bbox 1474 2066 1628 2100; x_wconf 87' lang='lat' dir='ltr'>Comes:</span> <span class='ocrx_word' id='word_1_474' title='bbox 1671 2069 1715 2100; x_wconf 81' lang='lat' dir='ltr'>Lo</span> <span class='ocrx_word' id='word_1_475' title='bbox 1741 2067 1838 2100; x_wconf 83' lang='lat' dir='ltr'>Prin—</span> 
     </span>
     <span class='ocr_line' id='line_1_87' title="bbox 1082 2112 1840 2163; baseline 0.007 -17"><span class='ocrx_word' id='word_1_476' title='bbox 1082 2113 1146 2158; x_wconf 81' lang='lat' dir='ltr'>cipe</span> <span class='ocrx_word' id='word_1_477' title='bbox 1171 2112 1330 2147; x_wconf 81' lang='lat' dir='ltr'>de’nuovi</span> <span class='ocrx_word' id='word_1_478' title='bbox 1357 2115 1503 2153; x_wconf 76' lang='lat' dir='ltr'>Farifet&#39;,</span> <span class='ocrx_word' id='word_1_479' title='bbox 1532 2115 1615 2149; x_wconf 88' lang='lat' dir='ltr'>idest</span> <span class='ocrx_word' id='word_1_480' title='bbox 1644 2118 1755 2163; x_wconf 85' lang='lat' dir='ltr'>Papa,</span> <span class='ocrx_word' id='word_1_481' title='bbox 1783 2129 1840 2151; x_wconf 85' lang='lat' dir='ltr'>ca-</span> 
     </span>
     <span class='ocr_line' id='line_1_88' title="bbox 1084 2163 1842 2213; baseline 0.008 -17"><span class='ocrx_word' id='word_1_482' title='bbox 1084 2172 1144 2210; x_wconf 87' lang='lat' dir='ltr'>put</span> <span class='ocrx_word' id='word_1_483' title='bbox 1167 2164 1403 2199; x_wconf 80' lang='lat' dir='ltr'>Praelatorum</span> <span class='ocrx_word' id='word_1_484' title='bbox 1424 2163 1462 2200; x_wconf 85' lang='lat'>&amp;</span> <span class='ocrx_word' id='word_1_485' title='bbox 1483 2164 1727 2206; x_wconf 83' lang='lat' dir='ltr'>Clericorum,</span> <span class='ocrx_word' id='word_1_486' title='bbox 1756 2180 1842 2213; x_wconf 81' lang='lat' dir='ltr'>quos</span> 
     </span>
     <span class='ocr_line' id='line_1_89' title="bbox 1083 2213 1841 2252; baseline 0.007 -5"><span class='ocrx_word' id='word_1_487' title='bbox 1083 2213 1222 2248; x_wconf 64' lang='lat' dir='ltr'>Aufflor</span> <span class='ocrx_word' id='word_1_488' title='bbox 1249 2223 1352 2249; x_wconf 84' lang='lat' dir='ltr'>vocat</span> <span class='ocrx_word' id='word_1_489' title='bbox 1389 2227 1500 2250; x_wconf 87' lang='lat' dir='ltr'>novos</span> <span class='ocrx_word' id='word_1_490' title='bbox 1539 2215 1738 2252; x_wconf 76' lang='lat' dir='ltr'>Pharisaeos</span> <span class='ocrx_word' id='word_1_491' title='bbox 1768 2231 1841 2252; x_wconf 84' lang='lat' dir='ltr'>mc-</span> 
     </span>
     <span class='ocr_line' id='line_1_90' title="bbox 1084 2263 1292 2312; baseline 0.005 -14"><span class='ocrx_word' id='word_1_492' title='bbox 1084 2263 1263 2311; x_wconf 85' lang='lat' dir='ltr'>taphorice</span> <span class='ocrx_word' id='word_1_493' title='bbox 1280 2276 1292 2312; x_wconf 80' lang='lat'>3</span> 
     </span>
     <span class='ocr_line' id='line_1_91' title="bbox 1134 2315 1791 2362; baseline 0.008 -15"><span class='ocrx_word' id='word_1_494' title='bbox 1134 2316 1277 2348; x_wconf 68' lang='lat' dir='ltr'>Avendo</span> <span class='ocrx_word' id='word_1_495' title='bbox 1298 2328 1414 2362; x_wconf 56' lang='lat' dir='ltr'>guerra</span> <span class='ocrx_word' id='word_1_496' title='bbox 1439 2315 1534 2362; x_wconf 77' lang='lat' dir='ltr'>preffb</span> <span class='ocrx_word' id='word_1_497' title='bbox 1561 2331 1581 2351; x_wconf 87' lang='lat' dir='ltr'>a</span> <span class='ocrx_word' id='word_1_498' title='bbox 1607 2321 1765 2353; x_wconf 77' lang='lat' dir='ltr'>Laterano</span> <span class='ocrx_word' id='word_1_499' title='bbox 1781 2346 1791 2360; x_wconf 82' lang='lat'>‚</span> 
     </span>
    </p>

    <p class='ocr_par' dir='ltr' id='par_1_12' title="bbox 1085 2363 1841 2552">
     <span class='ocr_line' id='line_1_92' title="bbox 1085 2363 1839 2416; baseline 0.008 -18"><span class='ocrx_word' id='word_1_500' title='bbox 1085 2363 1189 2403; x_wconf 81' lang='lat' dir='ltr'>idest,</span> <span class='ocrx_word' id='word_1_501' title='bbox 1226 2378 1305 2400; x_wconf 86' lang='lat' dir='ltr'>curn</span> <span class='ocrx_word' id='word_1_502' title='bbox 1343 2367 1654 2411; x_wconf 82' lang='lat' dir='ltr'>Columnenfibus,</span> <span class='ocrx_word' id='word_1_503' title='bbox 1692 2382 1839 2416; x_wconf 85' lang='lat' dir='ltr'>quorum</span> 
     </span>
     <span class='ocr_line' id='line_1_93' title="bbox 1087 2414 1841 2466; baseline 0.008 -18"><span class='ocrx_word' id='word_1_504' title='bbox 1087 2414 1208 2450; x_wconf 89' lang='lat' dir='ltr'>domus</span> <span class='ocrx_word' id='word_1_505' title='bbox 1232 2415 1309 2451; x_wconf 88' lang='lat' dir='ltr'>sunt</span> <span class='ocrx_word' id='word_1_506' title='bbox 1330 2417 1428 2464; x_wconf 82' lang='lat' dir='ltr'>juxta</span> <span class='ocrx_word' id='word_1_507' title='bbox 1450 2419 1684 2454; x_wconf 83' lang='lat' dir='ltr'>Lateranum.</span> <span class='ocrx_word' id='word_1_508' title='bbox 1715 2422 1761 2454; x_wconf 82' lang='lat' dir='ltr'>Et</span> <span class='ocrx_word' id='word_1_509' title='bbox 1782 2433 1841 2466; x_wconf 76' lang='lat' dir='ltr'>ag-</span> 
     </span>
     <span class='ocr_line' id='line_1_94' title="bbox 1087 2466 1841 2517; baseline 0.007 -19"><span class='ocrx_word' id='word_1_510' title='bbox 1087 2473 1208 2511; x_wconf 80' lang='lat' dir='ltr'>gravat</span> <span class='ocrx_word' id='word_1_511' title='bbox 1234 2466 1321 2501; x_wconf 88' lang='lat' dir='ltr'>istud</span> <span class='ocrx_word' id='word_1_512' title='bbox 1351 2467 1503 2508; x_wconf 84' lang='lat' dir='ltr'>bellum,</span> <span class='ocrx_word' id='word_1_513' title='bbox 1541 2476 1719 2517; x_wconf 84' lang='lat' dir='ltr'>tamquam</span> <span class='ocrx_word' id='word_1_514' title='bbox 1748 2469 1841 2516; x_wconf 86' lang='lat' dir='ltr'>inju-</span> 
     </span>
     <span class='ocr_line' id='line_1_95' title="bbox 1087 2514 1365 2552; baseline 0.007 -2"><span class='ocrx_word' id='word_1_515' title='bbox 1087 2514 1198 2552; x_wconf 88' lang='lat' dir='ltr'>stum:</span> <span class='ocrx_word' id='word_1_516' title='bbox 1227 2515 1365 2552; x_wconf 82' lang='lat' dir='ltr'>dicens:</span> 
     </span>
    </p>
   </div>
   <div class='ocr_carea' id='block_1_8' title="bbox 1672 2572 1790 2604">
    <p class='ocr_par' dir='ltr' id='par_1_13' title="bbox 1672 2572 1790 2604">
     <span class='ocr_line' id='line_1_96' title="bbox 1672 2572 1790 2604; baseline 0.008 -1"><span class='ocrx_word' id='word_1_517' title='bbox 1672 2572 1704 2603; x_wconf 84' lang='lat' dir='ltr'><em>E</em></span> <span class='ocrx_word' id='word_1_518' title='bbox 1731 2582 1790 2604; x_wconf 79' lang='lat' dir='ltr'>non</span> 
     </span>
    </p>
   </div>
  </div>
 </body>
</html>
