2216 3105
439 226 519 275 567
742 217 1182 262 BENVENUTI
1220 217 1632 262 IMOLENSIS
1835 211 1933 280 ³368

374 276 447 325 ipse
474 277 623 313 Carolus
651 276 759 313 etiam
780 279 946 314 'mortuus
974 277 1065 326 quafi
1096 278 1133 313 in
1169 279 1202 313 A
1241 277 1292 326 gil
1317 277 1503 314 Ecclesiae.
1532 278 1607 324 Qui
1634 279 1766 327 maj0ra
1793 277 1942 322 fecisset,
1970 282 1995 316 si

376 340 447 364 uno
474 340 566 363 anno
592 327 686 363 dieta
714 328 755 364 de
782 328 879 364 causa
896 355 904 364 .
940 329 1047 364 Unde
1074 328 1133 363 de·
1242 329 1312 363 no'n
1342 328 1511 364 habuisset
1547 329 1723 365 fortunam
1753 329 1927 366 adversam
1956 331 1995 367 in

376 379 435 414 bes
462 377 569 422 scire,
597 378 690 427 quod
717 377 868 415 Carolus
895 380 1133 415 revertebatur
1242 377 1332 422 fine,
1359 389 1398 415 ut
1422 379 1557 416 dicetur
1584 381 1685 429 plene
1714 380 1861 416 Paradisi
1889 383 1994 418 Cant.

375 429 418 465 de
447 428 634 465 Provincia
663 443 741 465 cum
779 443 906 479 magno
943 440 1131 479 apparatu,
1243 430 1343 465 VIII.

375 481 409 515 &
438 492 517 516 cum
545 493 670 529 magna
697 481 817 521 claffe,
855 489 893 516 ut
919 480 987 516 iret
1013 481 1051 516 in
1079 480 1132 516 Si·
1292 479 1336 514 D‘
1352 481 1426 528 ogni
1451 483 1543 516 valor
1565 484 1654 530 port&
1680 483 1766 518 cinta
1791 483 1825 517 la
1851 484 1962 519 corda.

375 529 524 575 tiliam,
560 532 595 566 &
622 530 789 566 obfideret
816 530 1030 567 Messanam.
1068 530 1132 566 Sed
1242 529 1354 575 Idest,
1391 532 1474 581 quia
1509 531 1572 568 ille
1611 535 1730 568 Petrus
1758 532 1825 568 fuit
1854 533 1995 582 cingulo

374 581 413 617 in
443 581 540 617 brevi
567 580 819 623 omnibusyfibi
847 581 985 617 adverse
1010 581 1133 617 ceden-
1241 581 1401 617 Militiae
1441 582 1621 618 decoratus
1641 608 1651 622 ‚
1699 593 1849 618 armatus
1896 584 1996 619 omni

374 632 492 671 tibus,
513 631 674 680 concepit
694 640 831 666 tantum
850 631 1029 671 dolorem,
1050 631 1132 679 qui,
1241 629 1386 666 scientia
1414 631 1521 672 belli,
1549 631 1587 666 ὅ(
1613 632 1798 680 disciplina
1825 633 1994 669 militari.

374 691 416 719 ut
443 681 616 725 creditur,
651 681 722 716 fuit
759 680 857 716 causa
893 681 1133 717 accelerandae
1292 684 1323 715 Ε
1345 681 1380 724 se
1406 685 1456 715 Re
1482 682 1558 726 dopo
1584 683 1692 715 hai-—
1708 702 1755 709 -—

374 732 520 768 mortis.
550 734 641 768 Nam
669 731 781 779 postea
806 741 963 767 mortuus
984 732 1029 767 est
1049 734 1131 766 VH.
1176 737 1203 770 Β
1242 730 1334 765 Heic
1361 731 1536 765 Sordellus
1564 731 1725 766 nominat
1753 732 1824 780 post
1852 734 1994 768 Petrum

373 781 529 827 Januarii
549 781 606 817 die
628 780 785 829 sequenti
808 781 878 829 post
898 781 1130 829 Epiphaniam
1242 780 1356 815 filium
1385 781 1458 828 ejus
1492 780 1788 829 primogenitum,
1818 795 1996 818 commen-

372 835 483 870 Anno
526 831 674 867 Domini
715 834 1011 868 MCCLXXXV.
1053 846 1131 868 cum
1242 831 1324 866 dans
1353 843 1458 869 eum,
1494 832 1528 866 δε
1556 833 1757 880 vituperans
1793 831 1935 868 fratrem
1961 846 1997 869 e-

373 898 454 920 vera
494 882 712 932 poenitentia
749 881 787 918 (Sc
825 882 1064 926 contritione,
1097 884 1130 918 δε
1242 882 1319 929 jus.
1347 881 1450 917 Unde
1477 881 1590 917 dicit:

373 935 526 983 sepultus
555 933 599 970 est
628 933 805 982 Neapoli.
842 936 947 970 Nunc
981 934 1022 969 ad
1049 933 1129 969 lite·
1293 931 1518 967 Ben’andava
1541 933 1565 967 il
1588 934 1680 968 valor
1697 934 1733 968 di
1750 934 1826 979 vafh
1846 934 1879 968 in
1899 934 1996 979 vaso.

372 998 468 1023 ram:
492 984 667 1020 Sordellus
687 983 852 1020 describit
873 986 1014 1020 Petrum
1036 998 1131 1033 prae·
1242 981 1349 1021 Idest,
1378 982 1463 1018 bene
1490 983 1792 1019 transfundebatur
1817 984 1929 1020 virtus
1955 984 1997 1019 de

373 1037 509 1073 dietum
547 1036 588 1071 ab
623 1033 749 1070 habitu
786 1035 942 1083 corporis
980 1037 1014 1070 &
1056 1035 1132 1070 ani·
1242 1041 1338 1081 patre
1366 1033 1402 1068 in
1431 1033 1573 1078 filium,
1600 1034 1624 1071 fi

372 1087 447 1126 mi,
474 1085 610 1121 scilicet
635 1099 654 1120 a
678 1085 831 1124 virtute,
858 1084 895 1120 ἃ
921 1085 980 1120 dat
1004 1085 1066 1121 fibi
1094 1086 1130 1120 in
1292 1087 1339 1118 Lo
1361 1084 1558 1130 giovinetco,
1594 1085 1644 1119 che
1671 1095 1749 1119 retro
1774 1099 1795 1121 a
1821 1085 1870 1120 lui
1888 1084 1997 1127 stede.

373 1137 506 1174 socium
541 1137 709 1172 Carolum
747 1135 990 1183 praedi&um‚
1027 1149 1130 1183 quem
1241 1132 1398 1174 scilicet,
1426 1134 1650 1183 Alphonsus‚

374 1187 540 1224 describit
577 1187 617 1222 ab
654 1185 777 1222 habitu
815 1186 993 1236 corporis.
1031 1186 1131 1222 Dicit
1169 1186 1201 1224 C
1291 1205 1306 1211 -
1323 1189 1478 1231 --ssrpRe
1504 1190 1581 1232 dopo
1606 1187 1655 1220 lui
1676 1185 1751 1231 foffe
1778 1187 1921 1233 rimqfh:

374 1251 480 1288 ergo:
1240 1234 1343 1274 idest,
1371 1235 1614 1283 supervixisset
1634 1236 1767 1272 diutius
1795 1237 1831 1272 in
1855 1240 1995 1285 Regno-

424 1289 511 1336 „Quel
537 1289 587 1324 che
611 1299 671 1336 par
696 1289 724 1322 si
750 1289 937 1328 membrum,
954 1309 969 1314 -
985 1309 1000 1314 -
1018 1309 1032 1315 —
1050 1310 1066 1316 -
1155 1272 1160 1323 Ι
1243 1285 1343 1321 Unde
1371 1298 1453 1322 nota
1470 1313 1480 1327 ‚
1517 1286 1610 1334 quod
1649 1296 1806 1335 tempore
1845 1286 1993 1324 mortis³

373 1340 510 1376 scilicet
524 1367 533 1384 ,
563 1341 683 1375 Petrus
713 1341 787 1374 Rex
816 1341 1021 1387 Aragonum
1039 1365 1048 1374 .
1084 1340 1131 1373 Et
1242 1337 1363 1372 Petrus
1383 1336 1530 1385 reliquit
1549 1337 1586 1372 in
1607 1337 1810 1372 testamento
1831 1337 1996 1386 Alphen-

372 1391 452 1427 heic
480 1399 590 1429 nota,
618 1389 711 1438 quod
739 1389 797 1424 hic
827 1392 948 1424 Petrus
977 1389 1044 1424 fuit
1070 1402 1130 1424 va·
1239 1386 1312 1421 sum
1359 1387 1635 1435 primogenitum
1684 1390 1813 1435 Regem
1857 1390 1995 1435 Arago-

371 1440 595 1478 lorofiffimus
613 1443 747 1489 Regum
764 1439 1047 1475 Occidentalium
1070 1439 1128 1474 suo
1238 1436 1344 1480 niae,
1380 1439 1414 1472 δε
1452 1438 1617 1480 Jacobum
1656 1439 1701 1472 11.
1740 1440 1869 1486 Regem
1907 1437 1996 1472 Sici-

371 1501 552 1540 tempore‚
580 1490 824 1526 strenuissimus
845 1490 881 1525 in
903 1489 1029 1532 armis,
1058 1489 1129 1524 for—
1237 1486 1326 1521 liae.
1354 1487 1417 1522 Sed
1440 1487 1643 1524 Alphonsus
1666 1501 1784 1534 parum
1808 1487 1902 1522 vixit
1925 1486 1995 1534 post

370 1543 525 1579 midatus
564 1540 743 1590 plusquam
781 1539 909 1587 aliquis
948 1542 1080 1587 Regum
1111 1553 1128 1575 a
1239 1545 1387 1571 mortem
1417 1536 1549 1584 patris.
1586 1539 1639 1571 Ex
1668 1550 1738 1583 quo
1774 1537 1920 1580 Jacobus
1948 1535 1994 1571 H.

370 1591 579 1630 Christianis
616 1590 654 1626 ὅ(
682 1604 700 1626 a
738 1589 939 1628 Saracenis,
976 1589 1127 1625 confide-
1239 1586 1343 1621 frater
1371 1586 1524 1622 succeffit
1551 1587 1588 1622 in
1620 1589 1739 1635 Regno
1768 1587 1994 1635 Aragoniae,

368 1652 448 1680 rato
485 1654 631 1691 paupere
667 1642 700 1675 &
738 1653 846 1687 parvo
885 1641 1006 1687 Regno
1043 1639 1126 1675 suo.
1169 1641 1200 1674 D
1238 1638 1271 1671 ὅ(
1313 1636 1509 1672 Fridericus
1560 1637 1684 1672 tertius
1726 1636 1831 1671 frater
1872 1636 1995 1672 habuit

368 1696 418 1729 Et
457 1692 516 1728 dat
561 1691 623 1727 fibi
674 1690 807 1726 socium
851 1689 1124 1726 valentissimum
1241 1690 1397 1735 Regnum
1435 1687 1601 1737 Siciliae.
1642 1687 1725 1722 Ideo
1766 1688 1870 1721 Poeta
1906 1687 1995 1722 dicit

367 1745 515 1780 dicens:
1239 1737 1493 1785 improperium
1522 1736 1664 1771 istorum
1694 1736 1866 1772 duorum.

420 1817 437 1822 -
452 1816 467 1821 -
485 1815 501 1820 -
516 1814 532 1820 -
558 1807 573 1827 e
599 1794 650 1827 che
675 1791 858 1830 s’accordu,
1290 1788 1354 1821 Che
1380 1800 1440 1821 non
1460 1786 1493 1828 st
1514 1797 1607 1834 puote
1633 1787 1685 1820 dir
1703 1788 1741 1820 de
1764 1786 1879 1822 l'altre
1898 1788 1996 1830 rede„-

367 1845 455 1881 licet
482 1844 520 1879 in
549 1843 622 1878 vita
661 1841 900 1879 discordaffet‚
939 1840 1020 1888 quia
1049 1853 1125 1875 mo—
1239 1837 1331 1885 quod
1361 1837 1504 1885 probat,
1533 1837 1615 1885 quia

366 1895 413 1931 do
441 1894 519 1930 sunt
556 1893 593 1929 in
631 1894 710 1927 loco
748 1891 1006 1939 poenitentiae:
1046 1891 1124 1926 ideo
1280 1891 1411 1932 sacoma
1437 1902 1452 1922 e
1479 1888 1633 1933 Federigo
1660 1888 1763 1921 hanno
1790 1887 1803 1920 i
1829 1887 1968 1922 Remi.

366 1944 575 1982 remiserunt
601 1943 663 1978 fibi
691 1942 837 1991 injurias
853 1969 861 1977 .
1239 1939 1344 1983 Quod
1366 1938 1611 1973 hereditarium
1635 1937 1679 1972 est
1699 1937 1905 1972 fortuitum.
1930 1937 1993 1973 Sed

419 1995 589 2031 Cantando
613 2007 664 2028 con
692 1993 771 2027 colui
795 1993 851 2027 dal
877 1992 1007 2036 maschio
1033 1992 1124 2036 naso.
1288 1989 1352 2023 Del
1379 1988 1518 2035 retaggio
1544 1988 1669 2034 miglior
1705 1986 1808 2033 neffun
1842 1989 1992 2034 poffiede.

367 2046 480 2085 Idest,
519 2058 595 2081 curn
636 2044 768 2080 Carolo
805 2044 831 2077 I.
867 2042 967 2079 virili
1004 2043 1124 2077 valde.
1238 2038 1334 2084 Quia
1361 2038 1487 2074 neuter
1510 2038 1649 2074 istorum
1671 2037 1817 2073 duorum
1848 2037 1993 2085 poffidet

366 2099 415 2133 Et
441 2095 520 2132 heic
547 2104 654 2138 nota,
682 2092 774 2141 quod
802 2092 861 2128 iste
889 2094 1037 2129 Carolus
1058 2092 1125 2127 fuit
1169 2093 1196 2125 E
1238 2089 1279 2124 de
1307 2089 1499 2125 hereditate
1536 2099 1676 2137 paterna
1707 2087 1899 2136 virtutemg,
1941 2085 1995 2122 scd

366 2146 515 2196 magnus
542 2144 581 2181 ὃ(
609 2145 849 2183 membrums,
887 2144 1004 2178 colore
1031 2144 1125 2178 olea·
1239 2138 1441 2188 Alphonsus
1469 2138 1644 2175 virtuosus
1678 2138 1745 2173 fuit
1784 2138 1874 2183 patri
1902 2137 1995 2173 fimi-

365 2197 452 2245 gino
471 2224 480 2240 ‚
517 2197 551 2231 δ(
580 2207 707 2244 magno
735 2193 842 2238 naso,
879 2193 1004 2229 ferocis
1032 2192 1125 2241 aspe-
1210 2203 1215 2273 Ι
1238 2190 1306 2233 lis,
1334 2190 1367 2225 &
1389 2190 1540 2225 nobilis.
1569 2190 1742 2225 Sordellus
1763 2202 1805 2225 ex
1827 2189 1892 2223 hoc
1919 2189 1994 2224 sub-

1238 2240 1354 2289 jungit
1380 2241 1536 2276 nobilem
1567 2240 1775 2276 sententiam
1802 2238 1941 2274 dicens:

1210 2277 1214 2380 1
1288 2292 1383 2326 Rade
1408 2292 1494 2325 volte
1520 2292 1637 2338 risurge
1660 2301 1716 2337 per
1741 2290 1769 2324 li
1794 2289 1875 2324 rami

1289 2340 1455 2376 L’umana
1478 2343 1652 2388 probitate.
1682 2363 1697 2367 —
1725 2362 1740 2367 -
1768 2362 1783 2366 -
1810 2361 1826 2366 —

1238 2391 1339 2430 idest,
1379 2392 1490 2428 virtus
1518 2406 1535 2428 a
1562 2392 1702 2431 radice,
1739 2390 1824 2426 ficut
1851 2404 1869 2425 a
1897 2397 1991 2438 patre

1237 2442 1274 2478 in
1303 2441 1421 2478 filios.
1459 2445 1507 2478 Et
1534 2443 1578 2478 est
1613 2442 1729 2482 ratio,
1766 2441 1848 2487 quia
1876 2439 1991 2475 anima

1238 2505 1307 2527 non
1335 2493 1380 2528 est
1406 2507 1425 2529 a
1453 2503 1602 2538 trunco,
1640 2492 1694 2528 sed
1723 2505 1741 2527 a
1769 2493 1844 2526 Deo
1862 2516 1870 2524 .
1908 2490 1992 2526 Ideo

365 2248 466 2290 etus,
493 2245 625 2296 rigidus
650 2245 688 2281 in
716 2244 867 2293 justitia,
895 2245 1047 2279 multum
1070 2256 1124 2278 vi-

366 2298 504 2346 gilans,
533 2309 653 2345 parum
680 2295 881 2333 dormiens,
920 2294 1043 2330 solitus
1071 2293 1125 2329 di„

367 2361 467 2390 cere,
503 2345 596 2394 quod
623 2345 830 2381 dormiendo
859 2344 1021 2393 perdebat
1048 2353 1124 2378 tan-

367 2407 446 2434 turn
474 2397 671 2444 temporis3
708 2395 852 2443 cupidus
880 2394 977 2442 regni
1005 2395 1038 2428 δε
1068 2407 1125 2441 pe-

367 2446 520 2493 cuniae;
551 2447 675 2493 probus
693 2473 703 2488 ‚
731 2445 793 2480 alti
825 2444 963 2483 cordis,
993 2443 1125 2487 audax,

367 2497 408 2534 &
431 2496 608 2544 constans3
638 2509 741 2531 verax
770 2495 807 2530 in
836 2493 1029 2543 promissis,
1056 2504 1126 2529 tar-

367 2548 558 2594 diloquus,
586 2558 775 2592 numquam
806 2545 956 2580 nimium
984 2545 1126 2587 ridens,
1241 2542 1408 2591 assignans
1437 2544 1569 2580 causam
1587 2568 1596 2582 ‚
1623 2542 1739 2578 dicit:

366 2597 526 2634 honestus
553 2595 590 2631 ὃς
618 2595 825 2632 Catholicus
843 2622 852 2640 ‚
890 2608 1033 2644 magnus
1061 2608 1120 2643 pu-
1155 2594 1159 2631 ἓ
1207 2586 1211 2631 Ῐ
1753 2611 1883 2617 -----

2204 571 2216 1031 ..-.-m-m—-——n;ss-an.¹-—-uki
2209 536 2216 546 a
2207 514 2213 526 ⁴¹
2210 491 2212 494 -
2210 442 2213 454 *-
