2216 3105
278 220 365 262 297
573 200 873 244 COMMENT.
905 202 971 243 ,FN
999 199 1224 243 DANTJS
1251 197 1493 241 COMQED.

226 263 370 300 consilio
406 259 553 296 Domini
592 260 744 296 Musatti
782 259 977 298 Francefii,

228 312 364 350 Militis
389 310 607 350 Florentini‚
635 310 697 358 qui
722 319 863 346 venerat
891 310 978 344 sem-

224 376 288 412 per
322 362 434 396 secum
471 361 512 396 de
549 360 694 407 Francia
734 361 772 396 in
813 360 978 399 Italiam,

226 411 264 448 &
292 411 360 446 suis
387 411 540 460 expensis
567 411 781 447 conduxerat
808 423 886 446 eum
905 439 913 454 ‚
942 408 979 445 ἃ

227 470 425 510 corruperat
452 461 588 510 magnis
615 461 716 496 donis
744 463 777 496 ὃς
806 460 979 499 denariis,

229 511 313 558 quia
339 521 412 546 erat
440 511 732 559 pecuniofiffimus
760 512 797 547 in
826 511 980 558 partibus

225 561 389 597 Galliae.
427 564 524 598 Ante
551 575 633 610 ergo
659 575 763 609 quam
792 570 981 608 revertere-

228 620 287 647 tur
327 611 496 651 domum,
542 613 691 648 Carolus
731 611 816 647 fecit
856 612 982 647 armari

227 669 368 710 gentem
396 661 512 706 suam,
548 663 582 698 δε
619 662 819 698 introduxit
856 662 982 697 Domi-

230 725 315 747 num
351 712 510 748 Curfium
538 713 579 748 de

229 771 318 809 quot
345 763 468 798 amicis
496 762 584 799 suis.
613 765 717 798 Tunc
744 763 886 810 qnidam
910 765 983 797 Do-

230 812 347 847 minus
376 813 531 848 Schiatta
558 813 599 849 de
630 813 881 851 Cancelleriis,
912 812 984 848 Ca-

229 863 389 911 pitaneus
430 863 649 903 Florentiae,
687 877 764 899 curn
803 866 911 899 CCC.
950 878 983 899 e-

231 913 390 959 quitibus
414 940 424 956 ‚
467 914 633 949 offerebat
671 913 703 949 se
733 914 910 949 Prioribus
947 913 984 949 &

185 991 187 993 .
231 963 388 998 Circulis
415 963 465 998 ire
485 964 526 998 ad
553 963 759 1004 capiendum
792 964 984 999 Dominum

232 1012 420 1048 Curfium.
457 1013 521 1048 Sed
557 1013 732 1049 Dominus
770 1015 896 1049 Verius
933 1015 987 1049 di-

164 1070 173 1101 '12
231 1062 314 1098 xit:
357 1063 508 1097 Permitte
548 1066 672 1097 tantiam
714 1064 814 1111 ipfism
854 1065 986 1099 venire.

233 1111 445 1148 Confidebat
472 1113 566 1148 enim
599 1113 636 1148 in
664 1113 782 1150 favore
809 1113 845 1150 ἃ
874 1114 987 1150 furore

235 1162 388 1210 Populi.
419 1165 573 1210 Populus
600 1173 715 1199 autem
744 1175 816 1200 erat
844 1165 911 1200 fine
933 1179 988 1200 ca-

233 1212 307 1260 pite
329 1221 424 1248 totus
444 1213 604 1249 territus.
634 1216 680 1249 Et
703 1215 875 1250 breviter:
898 1218 988 1251 Cur-

234 1262 299 1296 sius
321 1261 387 1297 fine
408 1262 613 1305 refistentia,
641 1265 874 1300 clamantibus
897 1265 985 1301 suis:

184 1310 188 1323 ³
234 1311 336 1345 Vivat
363 1312 516 1345 Dominus
541 1312 690 1354 Curfius,
712 1314 782 1349 ivit
807 1315 847 1349 ad
876 1329 989 1351 carce-

234 1374 309 1402 res,
347 1361 581 1410 liberavitque
609 1363 786 1411 captivos.
823 1366 906 1410 Quo
934 1375 989 1400 tu—

184 1427 185 1430 *
231 1412 349 1447 multu
387 1413 522 1448 Priores
556 1412 721 1449 timentes
745 1414 922 1462 ·fugerunt
950 1416 989 1450 de

237 1461 393 1497 Palatio.
422 1465 468 1497 Et
488 1463 531 1498 fic
551 1463 737 1498 discursum
760 1465 805 1499 est
832 1464 871 1500 ad
895 1478 989 1512 prae—

231 1511 310 1546 dam
350 1512 391 1547 ad
428 1512 550 1548 domos
579 1515 777 1557 Alborum,
814 1514 851 1550 ὅ(
890 1515 990 1550 dura—

231 1561 288 1596 vit
316 1562 472 1610 quinque
509 1564 630 1599 diebus
659 1578 736 1600 cum
767 1579 890 1613 magna
917 1566 990 1601 rui—

231 1624 301 1646 na.
337 1612 471 1648 Deinde
500 1614 599 1662 pestis
636 1614 719 1650 haec
757 1616 916 1651 traniivit
953 1616 989 1651 in

232 1660 461 1697 Comitatum
491 1677 569 1699 cum
598 1665 732 1712 magnis
760 1665 932 1701 incendiis
956 1668 989 1701 δ(

236 1712 544 1759 populationibus.
572 1713 621 1749 Iis
648 1716 746 1750 rebus
774 1716 893 1763 gellis,
920 1719 991 1752 Ca-

236 1762 332 1796 rolus
369 1761 801 1800 reformavit‘Civitatem
840 1780 901 1813 pro
931 1766 990 1802 suo

237 1812 355 1846 velle.
392 1814 438 1847 Et
464 1813 665 1850 Cardinalis
700 1817 842 1851 Marcus
870 1817 911 1851 de
939 1818 991 1852 Α-

237 1861 418 1908 quasparta
449 1863 547 1899 venit
584 1866 799 1901 Florentiam
820 1894 829 1910 ,
866 1866 927 1914 qui
956 1881 991 1902 a-

237 1912 286 1946 lia
313 1912 392 1947 vice
419 1912 530 1949 fuerat
557 1915 631 1959 ibi,
668 1914 705 1951 ἃ
734 1929 802 1951 non
833 1927 992 1965 potuerat

239 1975 448 2011 componere
469 1966 604 2000 Partes.
633 1968 679 2000 Et
699 1965 784 2002 fecit
805 1966 878 2003 fieri
902 1969 992 2003 mul-

237 2020 291 2047 tas
333 2026 430 2060 paces
466 2016 500 2049 8<
537 2015 749 2052 affinitates.
794 2019 839 2052 Et
876 2018 1018 2057 voluit,

841 2069 903 2103 Sed
927 2069 993 2103 Ni—
1017 2098 1018 2102 ,
1042 2073 1050 2082 ⁴

239 2111 315 2160 gri,
351 2113 412 2160 qui
440 2125 536 2150 erant
565 2116 695 2160 fortes,
732 2131 802 2153 non
832 2118 992 2166 permise-
1016 2119 1019 2144 ἶ

240 2061 399 2099 ordinare
421 2064 538 2100 officia
560 2067 794 2102 communiter
804 2095 812 2102 .

204 2200 206 2202 ,
237 2171 344 2197 runt.
388 2164 494 2199 Unde
530 2165 601 2213 ipse
637 2167 795 2203 turbatus
832 2168 992 2213 recessit,

207 2217 209 2220 ⁴
240 2211 277 2248 ἃ
299 2212 429 2249 dimifit
450 2215 645 2251 Civitatem
664 2217 908 2254 interdi&3m.
930 2222 993 2254 Pa·
1016 2226 1018 2241 '

239 2276 316 2298 rum
345 2277 410 2311 pax
439 2260 598 2301 duravit.
627 2269 720 2302 Nam
750 2267 869 2303 Simon
899 2268 992 2304 filius
1016 2260 1018 2272 Ι

810 2319 994 2365 quemdam
1016 2349 1018 2356 ,

240 2313 389 2349 Domini
437 2315 549 2355 Cursii
590 2316 768 2352 interfecit

238 2363 434 2399 Dominum
464 2366 654 2402 Nicolaum
684 2367 725 2403 de
752 2366 932 2412 Circulis,
960 2371 993 2405 &
1016 2377 1018 2386 ⁴

236 2415 438 2451 vulneratus
465 2417 506 2451 ab
527 2430 568 2452 eo
596 2417 755 2457 deceffit,
785 2419 844 2466 qui
873 2420 993 2455 Simon

236 2475 309 2500 erat
337 2466 475 2513 juvenis
504 2467 785 2504 valentiffimus.
820 2471 1019 2513 Tamdemff

237 2516 350 2564 aliqui
379 2516 460 2552 Viri
498 2518 674 2566 praecipui
702 2518 743 2554 de
773 2522 872 2555 Parte
900 2516 1018 2556 Alba³

236 2566 361 2610 citati,
398 2567 565 2603 timentes
594 2582 816 2617 comparere,
855 2571 995 2606 receffe-

288 2619 375 2651 Tom.
395 2620 456 2653 III.

618 712 767 748 Donatis
803 726 881 748 cum
919 713 984 748 ali-
1022 705 1062 742 ΡΞ

1027 1158 1056 1192 (⁸)

1700 197 1783 251 298

1013 262 1045 294 A
1081 267 1184 302 runt,
1213 258 1275 293 alii
1303 257 1492 300 Aretium5
1529 254 1592 291 alii
1620 255 1735 297 Pisas,
1773 255 1837 291 alii

1084 308 1292 351 Pistorium‚
1329 308 1390 355 qui
1425 305 1648 341 adhaeserunt
1684 305 1836 342 Gibelli-

1083 359 1136 394 nis
1164 358 1324 394 exulibus
1351 358 1393 392 de
1429 356 1636 400 Florentia,
1672 356 1712 391 de
1748 371 1836 405 quo—

1084 422 1159 444 rum
1188 421 1333 453 numero
1361 407 1429 455 fuit
1458 409 1613 455 Dantes.
1643 408 1689 441 Et
1716 420 1834 442 eorum

1085 461 1174 495 bona
1210 452 1405 494 confiscata
1432 456 1510 492 sunt
1546 469 1605 504 per
1641 458 1837 493 Caro‘lum.

1084 512 1130 545 Et
1158 509 1200 544 fic
1228 509 1310 544 vide
1327 536 1336 552 ‚
1371 507 1549 555 quomodo
1577 506 1645 542 fuit
1672 507 1839 542 destruffla

1086 573 1160 608 pars
1197 559 1339 606 superba
1366 559 1541 594 Alborum
1579 571 1638 600 per
1668 557 1840 593 Carolum

1087 611 1166 646 Sine
1211 612 1322 645 Terra
1367 608 1403 644 in
1446 607 1648 643 MCC-CH.
1690 607 1842 644 Carolus

1087 660 1209 696 deinde
1238 673 1316 695 cum
1346 660 1500 694 Roberto
1528 658 1605 694 filio
1632 657 1756 694 Caroli
1795 659 1841 694 Π.

1087 711 1156 746 ivit
1193 711 1231 746 in
1268 710 1425 746 Siciliam
1465 722 1542 744 cum
1581 722 1704 758 magna
1742 711 1841 745 class:

1088 761 1124 797 ἅ
1155 760 1336 797 numeroso
1364 760 1540 796 exercitu.
1570 759 1631 794 Sed
1660 760 1740 794 inde
1768 761 1842 795 ciro

1088 811 1221 848 receffit
1259 825 1337 846 cum
1375 811 1468 857 turpi
1507 823 1615 857 pace,
1651 811 1684 844 8<
1713 810 1846 847 redivit

1090 863 1126 898 in
1165 863 1346 897 franciam
1370 889 1379 905 ‚
1418 860 1551 909 perdita
1588 873 1711 908 magna
1749 871 1844 908 parte

1092 913 1228 948 suorum
1272 912 1455 954 militum,
1501 910 1586 946 licut
1627 911 1764 947 dicetur
1804 912 1846 948 ad

1091 962 1197 999 Cant.
1227 965 1302 997 XX.
1334 961 1550 1010 purgatorii.

1343 1016 1404 1048 esd
1425 1012 1506 1055 Veis]
1532 1024 1592 1059 79.

1142 1063 1321 1102 Farinam,
1349 1077 1364 1097 e
1380 1062 1403 1096 'l
1430 1063 1584 1109 Teggiaio
1611 1083 1798 1091 —————

1093 1114 1254 1149 Farinata
1282 1113 1350 1148 fuit
1387 1113 1628 1161 magnanimus
1670 1114 1779 1149 Miles
1807 1114 1849 1151 de

1094 1164 1235 1199 Ubertis
1262 1163 1303 1198 de
1332 1163 1532 1202 Florentia,
1572 1164 1728 1212 princeps
1768 1167 1851 1201 Par-

1092 1214 1138 1249 tis
1165 1213 1393 1262 Gibellinae3
1433 1213 1474 1249 de
1511 1214 1608 1261 cujus
1649 1214 1782 1250 virtute
1810 1214 1849 1251 &

1092 1265 1190 1312 gestis
1218 1264 1355 1299 dicetur
1382 1263 1517 1311 plenius
1545 1266 1648 1299 Cant.
1678 1267 1718 1299 X.
1747 1265 1849 1314 hujus

1092 1314 1219 1350 Libri.
1247 1314 1439 1361 Teghiajus
1468 1314 1598 1349 nobilis
1635 1313 1672 1350 ἃ
1701 1316 1850 1364 prudens

1093 1364 1200 1399 Miles
1228 1364 1269 1399 de
1297 1364 1498 1403 Adimaris,
1540 1364 1581 1400 de
1617 1366 1713 1408 cujus
1742 1366 1850 1401 confi-

1092 1414 1142 1449 lio
1170 1414 1305 1449 dicetur
1331 1413 1420 1450 infra
1449 1416 1552 1450 Cant.
1590 1417 1686 1450 XVI.
1722 1416 1850 1453 Infern-

1094 1466 1138 1499 Et
1166 1463 1275 1499 dicit:

1142 1534 1413 1542 -------
1440 1516 1490 1549 ebe
1511 1516 1569 1559 fur
1593 1518 1620 1548 ,τὲ
1647 1518 1761 1561 degni.

1093 1563 1227 1599 scilicet
1264 1563 1396 1600 honore
1445 1564 1482 1600 ὃς
1519 1566 1643 1601 laude.
1680 1569 1727 1602 Et
1768 1578 1852 1605 nota

1094 1614 1186 1662 quod
1214 1614 1324 1662 aliqui
1355 1615 1431 1650 heic
1459 1615 1606 1655 dicunt,
1645 1618 1737 1664 quod
1775 1622 1852 1654 Au-

1093 1665 1168 1700 &or
1196 1666 1355 1712 loquitur
1381 1666 1515 1701 ironice
1543 1667 1615 1702 ibi:
1660 1668 1751 1715 quod
1795 1682 1852 1715 pe—

1095 1715 1188 1751 nitus
1209 1715 1253 1751 est
1273 1715 1394 1750 falsum
1409 1743 1416 1750 .
1445 1716 1540 1762 Quia
1565 1718 1650 1752 licet
1671 1717 1735 1753 fint
1756 1719 1853 1755 dam-

1095 1766 1167 1800 nati
1211 1777 1351 1814 propter
1387 1766 1503 1813 aliqua
1541 1767 1629 1802 vitia
1668 1770 1852 1809 enormia,

1095 1825 1212 1851 tamen
1250 1815 1328 1851 sunt
1371 1817 1562 1852 laudabiles
1603 1816 1641 1853 δε
1670 1818 1787 1853 famosi
1816 1821 1854 1855 in

1096 1866 1253 1909 mundo,
1295 1866 1385 1902 unde
1417 1867 1550 1903 Auffior
1577 1867 1662 1903 facit
1690 1880 1853 1918 magnam

1096 1916 1437 1952 commendationem
1464 1918 1505 1954 de
1527 1918 1575 1953 eis
1596 1918 1632 1953 in
1654 1920 1742 1955 locis
1764 1920 1850 1956 suis.

1345 1970 1405 2002 Aa
1433 1968 1514 2013 Vers.
1544 1972 1601 2004 80.

1137 2021 1256 2063 suropo
1289 2018 1463 2057 Russsf'nxei
1489 2040 1504 2043 -
1531 2040 1546 2044 -
1573 2041 1590 2045 -
1614 2041 1632 2046 -
1660 2042 1674 2046 -
1701 2042 1717 2046 -
1744 2042 1758 2046 -
1785 2043 1801 2047 -

1069 2061 1071 2108 ᾗ
1097 2067 1158 2102 Iste
1185 2067 1253 2102 fuit
1281 2068 1389 2102 Miles
1418 2068 1563 2114 prudens
1604 2068 1641 2104 ὅ(
1669 2071 1850 2109 liberalis,

1069 2112 1071 2161 s
1095 2130 1165 2152 non
1193 2127 1310 2153 tamen
1340 2119 1505 2157 Nobilis,
1541 2118 1596 2154 sed
1627 2121 1783 2169 Plebejus
1811 2123 1852 2158 de

1095 2167 1225 2203 humili
1252 2181 1396 2216 genere,
1432 2168 1474 2204 de
1501 2183 1572 2217 quo
1599 2170 1735 2208 dicetur
1762 2172 1852 2208 infra

1095 2217 1202 2254 Cant.
1227 2221 1323 2254 xvi.

1146 2290 1502 2297 ---------
1530 2270 1579 2305 e’l
1606 2273 1716 2317 Mosca
1731 2300 1738 2308 .

1070 2322 1072 2368 J
1096 2318 1157 2354 Iste
1185 2318 1252 2355 fuit
1282 2320 1425 2356 Nobilis
1454 2320 1563 2356 Miles
1591 2323 1632 2357 de
1655 2324 1852 2360 Lambertis

1070 2387 1071 2415 g
1094 2369 1135 2404 de
1163 2370 1367 2408 Florentia.
1406 2371 1448 2406 de
1489 2385 1558 2418 quo
1599 2372 1735 2409 dicetur
1763 2375 1854 2410 infra

1070 2421 1071 2429 ¹
1094 2422 1198 2455 Cant.
1222 2423 1389 2455 XXVIH.
1410 2420 1448 2456 ἃ.
1473 2421 1581 2457 dicit:
1613 2422 1659 2460 ὁ*
1682 2424 1740 2468 fa,
1767 2425 1851 2458 ch'io

1070 2470 1121 2503 ¹[Ji
1156 2471 1301 2514 conofca:
1342 2471 1437 2515 Quia
1474 2485 1545 2507 non
1583 2472 1660 2508 sunt
1704 2483 1855 2522 praeter-

1096 2520 1262 2556 mittendi
1290 2520 1448 2556 filentio.

1166 2623 1198 2654 V
1742 2625 1803 2659 Ad
