2216 3105
403 214 480 258 315

684 199 1149 245 BENVENUTI
1186 201 1636 245 IMOLENSIS

1827 213 1908 261 316

338 258 368 294 ci
399 256 542 297 sancti,
585 257 719 295 rediens
761 274 780 295 a
821 262 974 297 Tunitio
1017 275 1095 298 cum
1133 264 1166 297 A
1209 260 1390 308 Philippus
1419 260 1513 297 filius
1541 262 1627 298 dieti
1665 262 1864 307 Ludovici,
1901 262 1962 311 qui

337 309 472 346 Carolo
502 312 595 356 Rege
623 311 785 350 Siciliae,
824 313 1030 359 pervenisset
1058 313 1094 347 in
1122 312 1124 356 l

335 360 477 397 Ityliam
506 360 546 395 ad
575 359 771 397 Civitatem
802 363 978 401 viterbii,
1006 364 1096 399 Gui—
1122 362 1124 421 J

336 412 382 446 do
427 412 468 446 de
513 410 728 447 Monteforti
775 412 868 448 filius
914 415 1092 454 Simonis,
1121 427 1123 454 A

335 461 514 497 interfecit
543 462 653 506 ipsum
680 463 897 502 Hennam,
925 465 956 498 &
980 464 1089 511 ipsum
1121 457 1123 486 l

335 513 460 547 deinde
489 511 637 546 metum
655 536 664 550 ‚
704 513 924 547 membratim
965 515 1092 549 lacera-
1120 490 1123 555 l

333 563 411 602 vit,
450 564 556 597 Anno
596 562 741 596 Domini
780 565 1002 599 MCCLXX.
1046 567 1092 599 E-

335 613 482 648 duardus
524 612 618 646 enim
656 626 672 646 a
715 614 868 647 Tunitio
915 614 1091 648 transierat

334 665 438 699 Acon
481 662 516 697 in
545 661 728 696 subsidium
770 664 899 697 Terrae
927 663 1090 702 Smstze,

336 715 393 748 nbi
424 711 545 747 mansit
573 713 748 756 triennio,
778 711 815 747 ὅ(
837 713 894 747 isle
916 716 1089 749 Henricus

334 767 572 798 revertebatur
612 775 690 797 cum
729 762 807 797 aliis
837 765 1008 811 Regibus,
1052 774 1089 799 ut

332 813 460 849 rediret
489 813 523 848 in
548 812 738 860 Angliam,
768 813 864 860 cujus
901 824 997 861 pater
1026 815 1089 849 Ri-

332 863 452 899 cardus
479 862 608 898 elegius
637 874 708 898 erat
731 865 803 897 Rex
828 866 1087 907 Romanorum,

332 913 487 961 deposito
525 913 702 949 friderico
740 916 784 947 11.
816 914 934 949 Guido
971 924 1084 950 autern

332 963 657 999 excommunicatus
685 978 703 999 a
730 965 902 1012 Gregorio
934 967 1022 1013 Papa
1045 968 1085 1000 X.

331 1015 484 1050 tamdem
526 1015 668 1049 veniens
710 1014 751 1050 ad
794 1015 975 1054 mandata,
1017 1025 1087 1050 tra-

330 1065 424 1100 ditus
451 1065 496 1100 est
523 1065 673 1104 carceri,
701 1079 718 1100 a
747 1078 816 1112 quo
846 1075 960 1100 tamen
981 1065 1087 1100 evasit

330 1115 366 1150 in
409 1124 584 1151 terrenum
626 1114 727 1162 ipsius
765 1116 908 1150 Caroli.
949 1117 1085 1151 Tamen

329 1164 484 1200 finaliter
539 1175 696 1201 mortuus
736 1165 781 1201 est
817 1167 908 1200 mala
954 1172 1086 1201 morte.

327 1217 374 1250 Et
411 1215 558 1251 ulterius
600 1216 754 1251 breviter
803 1215 847 1251 est
889 1215 1086 1256 sciendum,

327 1266 419 1313 quod
458 1266 577 1301 Guido
618 1266 659 1301 de
697 1266 912 1302 Monteforti
942 1280 1086 1315 magnus

327 1318 455 1352 Comes
484 1316 632 1352 adhaesit
660 1315 793 1351 Carolo
832 1317 923 1352 Duci
966 1318 1086 1353 Ande-

326 1367 476 1414 gaviae,
513 1367 611 1402 fratri
640 1367 816 1402 Ludovici
848 1367 951 1413 Regis
981 1371 1086 1402 Fran-

328 1417 423 1459 ciae,
464 1416 500 1452 ὃ(
538 1417 574 1452 in
605 1417 701 1452 brevi
738 1417 848 1451 sanstus
877 1418 921 1452 est
949 1417 1008 1453 fibi
1038 1417 1086 1452 fa-

326 1466 581 1502 miliarissimus
608 1466 646 1503 δὲ
677 1466 887 1506 cariffimus,
925 1467 985 1512 qui
1014 1478 1086 1502 erat

325 1517 382 1552 vir
419 1517 483 1552 alti
526 1518 662 1556 cordis,
706 1517 821 1565 magni
851 1517 1009 1557 consilii,
1047 1516 1084 1553 ὅ(

328 1581 472 1614 magnae
516 1567 731 1613 probitatis.
782 1567 927 1602 Accidit
977 1581 1085 1616 ergo,

326 1618 419 1664 quod
449 1631 556 1664 quum
585 1619 734 1653 Carolus
763 1617 958 1665 praediElus
981 1632 1084 1653 voca—

326 1677 382 1702 tus
424 1668 466 1702 ab
509 1667 659 1703 Ecclesia
701 1669 738 1703 in
781 1668 922 1703 Italiam
965 1678 1084 1704 contra

328 1716 553 1753 Manfredum
597 1721 726 1767 Regem
748 1743 758 1757 ‚
806 1720 916 1753 vellet
965 1719 1084 1754 venire

328 1770 476 1802 Romam
515 1781 574 1816 per
611 1782 703 1804 mare
731 1768 772 1803 ad
802 1770 953 1816 Papam,
989 1783 1084 1803 com-

327 1817 418 1853 misit
455 1818 509 1853 isti
548 1832 691 1854 uxorem
734 1818 849 1858 suam,
890 1821 924 1853 ὃς
963 1832 1084 1854 omnes

326 1868 402 1904 §uos
419 1893 428 1907 ‚
456 1867 494 1904 δί
522 1878 637 1904 totum
665 1869 859 1904 exercitum
888 1869 1082 1905 ducendum

327 1932 386 1966 per
426 1928 579 1966 terram.
623 1920 697 1965 Qui
742 1918 926 1967 magnifice
967 1929 1083 1955 totum

325 1969 439 2008 fecit,
465 1971 498 2004 8<
528 1983 606 2005 cum
635 1971 766 2006 Carolo
794 1969 924 2010 semper
950 1969 1018 2005 fuit
1046 1970 1082 2006 in

328 2019 491 2055 omnibus
519 2021 642 2060 bellis,
680 2020 845 2068 periculis
881 2021 914 2054 8(
952 2020 1083 2056 labori-

328 2070 412 2109 bus,
439 2071 472 2105 &
501 2069 569 2106 fuit
597 2084 720 2119 magna
750 2084 825 2118 pars
853 2070 1082 2106 viffloriarum

329 2120 421 2168 ejus.
450 2123 674 2169 Quapropter
700 2122 849 2156 Carolus
876 2121 992 2156 victor
1016 2124 1082 2156 Re—

1132 719 1156 751 Β

329 2170 389 2218 gni
418 2171 570 2215 Apuliae
597 2173 629 2206 &
660 2172 801 2207 Siciliae
836 2171 920 2206 fecit
948 2172 1083 2207 Guido-
1125 2200 1128 2201 ν

329 2232 407 2254 nem
432 2221 613 2256 Vicarium
636 2221 731 2257 suum
755 2221 792 2256 in
813 2221 964 2261 Tuscia,
986 2222 1083 2269 cujus

328 2270 547 2305 vicariatum
576 2272 723 2306 habebat
750 2273 791 2305 ab
812 2271 980 2307 Ecclesia.
1010 2274 1083 2307 Ac-

327 2320 414 2355 cidit
454 2321 599 2361 deinde,
650 2322 743 2370 quod
783 2320 935 2356 Carolus
977 2321 1082 2357 semel

328 2372 425 2407 venit
463 2373 662 2407 Viterbium
692 2385 771 2407 cum
809 2372 930 2407 multis
958 2373 1081 2408 rebus.

325 2423 396 2467 Qui
440 2424 678 2459 revertebatur
715 2423 758 2457 de
797 2423 889 2457 ultra
931 2435 1025 2457 mare
1062 2436 1080 2457 a

326 2472 500 2511 Tunitio,
537 2473 596 2509 ubi
634 2473 837 2509 Ludovicus
874 2472 980 2508 frater
1006 2472 1080 2520 ejus

325 2533 397 2559 erat
423 2533 581 2560 mortuus
600 2551 607 2559 .
635 2526 730 2560 inter
757 2524 844 2559 alios
874 2526 981 2572 Reges
1007 2533 1078 2560 erat

1129 1616 1166 1663 5³„

1207 321 1345 358 portans
1373 312 1441 347 offa
1470 312 1576 359 patris
1614 312 1685 353 sui,
1722 315 1962 350 revertebatur

1204 361 1240 395 in
1271 361 1445 409 patriam,
1473 362 1607 399 scilicet
1635 364 1671 399 in
1699 364 1884 413 Galliam;
1913 367 1959 400 Et

1204 412 1378 447 Henricus
1406 412 1499 448 filius
1528 413 1670 450 Ricardi
1696 415 1819 463 Regis.
1849 418 1958 462 Reges

1203 462 1256 496 isti
1296 462 1449 498 fecerunt
1486 477 1618 499 moram
1660 465 1797 512 aliquot
1837 465 1957 501 diebus

1204 512 1379 552 viterbii,
1409 513 1467 549 ubi
1497 524 1579 549 tunc
1605 515 1748 550 vacabat
1772 516 1871 551 Sedes
1893 518 1957 551 Pa-

1203 564 1311 609 paliS‚
1338 573 1377 598 ut
1406 563 1582 604 facerent,
1610 566 1702 612 quod
1730 566 1955 606 Cardinales,

1201 613 1261 659 qui
1289 622 1386 647 erant
1413 613 1450 648 in
1478 614 1670 654 discordia,
1698 616 1866 664 eligerent
1891 630 1955 651 no-

1202 674 1283 696 vum
1313 664 1461 708 Papam.
1489 665 1593 698 Tunc
1613 666 1860 712 pertractatum
1886 666 1954 702 fuit

1200 711 1307 746 nimis
1332 721 1432 746 atrox
1454 711 1606 753 facinus,
1634 714 1693 749 sub
1714 715 1863 750 custodia
1887 719 1952 750 Re-

1200 761 1252 808 gis
1293 763 1435 797 Caroli.
1488 765 1578 798 Nam
1629 777 1736 812 quum
1779 766 1953 801 Henricus

1200 811 1392 859 praediElus
1420 812 1501 848 esset
1537 813 1574 848 in
1602 828 1668 849 una
1711 814 1861 850 Ecclesia
1889 816 1956 851 Vi—

1200 862 1301 897 terbii
1319 887 1329 901 ‚
1370 864 1451 898 dum
1492 864 1686 900 elevaretur
1713 867 1849 913 Corpus
1879 879 1954 913 pre—

1198 911 1416 947 tiofiffimum
1446 914 1591 949 Domini
1621 915 1722 950 nostri
1750 915 1825 958 Jesu
1846 916 1952 951 Chri—

1197 961 1255 1001 sti,
1283 964 1401 997 Guido
1427 965 1555 999 Comes
1579 964 1845 1007 Montisfortis,
1870 976 1952 1002 tunc

1200 1012 1360 1047 Vicarius
1405 1014 1528 1049 Caroli
1577 1015 1615 1049 in
1655 1015 1806 1053 Tuscia.
1848 1029 1952 1052 manu

1198 1063 1335 1109 propria
1363 1076 1442 1098 cum
1472 1077 1635 1099 mucrone
1663 1065 1773 1112 impie
1814 1066 1952 1101 transfi-

1198 1113 1251 1148 xit
1280 1114 1474 1148 Henricum
1505 1114 1717 1162 praedic‘lum
1736 1139 1746 1154 ‚
1773 1113 1812 1150 &
1838 1115 1955 1151 muni-

1198 1173 1251 1198 tus
1280 1175 1382 1211 gente
1410 1164 1552 1211 pedestri
1580 1164 1618 1200 &
1659 1166 1826 1213 equestri,
1868 1165 1954 1201 fecit

1197 1215 1312 1262 pejus.
1344 1216 1434 1250 Nam
1464 1215 1546 1250 dum
1575 1229 1661 1251 unus
1697 1230 1739 1251 ex
1778 1215 1954 1252 militibus

1198 1264 1264 1300 suis
1293 1264 1469 1313 petiiffet.
1513 1267 1605 1311 Quid
1625 1266 1760 1310 fecisti?
1802 1266 1873 1314 ipse
1900 1280 1954 1302 re-

1194 1315 1353 1363 spondit:
1385 1316 1461 1350 feci
1485 1330 1583 1350 meam
1602 1316 1806 1350 vlndiffam.
1833 1319 1879 1352 Et
1905 1317 1952 1351 il·-

1194 1367 1229 1400 lo
1257 1366 1469 1413 replicante:
1500 1368 1665 1412 ,memodo
1696 1366 1813 1408 fecistis
1838 1367 1951 1400 vindi-

1194 1414 1276 1450 t7am
1302 1417 1458 1460 vestram,
1500 1431 1593 1463 quum
1616 1427 1708 1464 pater
1733 1417 1830 1459 vester
1851 1417 1952 1460 fuerit

1165 1465 1314 1499 ·traf1⁷us
1348 1478 1404 1511 per
1440 1468 1599 1512 capillos?
1635 1467 1805 1502 continuo
1832 1467 1950 1502 Guido

1194 1515 1344 1550 reversus
1375 1515 1411 1550 in
1439 1516 1651 1559 Ecclesiam,
1693 1517 1785 1563 cepit
1813 1516 1947 1552 dietum

1164 1567 1166 1571 ¹
1195 1565 1386 1601 Henricum
1426 1579 1483 1612 per
1523 1567 1697 1614 capillos,
1736 1567 1769 1601 8<
1799 1567 1949 1614 turpiter

1164 1616 1300 1652 'traxit
1351 1615 1456 1663 usque
1506 1626 1604 1652 extra
1644 1616 1857 1651 Ecclesiam.
1901 1619 1947 1652 Et

1192 1666 1374 1701 commisso
1401 1676 1472 1702 tam
1500 1666 1671 1701 horrendo
1698 1665 1882 1714 sacrilegio
1908 1666 1945 1702 &

1164 1711 1408 1758 {homicidim
1450 1716 1555 1751 evasit
1592 1715 1703 1764 sospes
1738 1715 1774 1750 in
1803 1716 1947 1751 Mariti—

1193 1780 1284 1801 mam
1313 1766 1348 1800 in
1378 1767 1500 1801 Terris
1526 1765 1686 1801 Comitis
1715 1765 1809 1801 Ruffi
1839 1765 1946 1802 soceri

1164 1811 1267 1852 ⁴sui.
1305 1818 1359 1850 Ex
1397 1816 1462 1851 hoc
1499 1815 1592 1851 faeto
1620 1825 1694 1852 tota
1731 1815 1843 1852 Curia
1881 1815 1948 1852 fuit

1193 1867 1292 1902 valde
1329 1867 1485 1902 turbata.
1532 1865 1742 1902 Infamantes
1785 1865 1821 1901 ὃ(
1852 1865 1946 1902 vitu-

1193 1926 1350 1964 perantes
1375 1918 1543 1952 Carolum
1561 1941 1571 1955 ‚
1600 1917 1788 1964 arguebant
1818 1916 1879 1951 fic:
1910 1918 1947 1951 si

1192 1968 1323 2002 Carolus
1354 1967 1420 2010 fuit
1449 1966 1536 2010 fafJi
1570 1967 1726 2011 conscius,
1773 1968 1949 2013 nequffme

1164 2018 1290 2061 specs&
1315 2016 1362 2055 (57
1381 2016 1414 2057 fi
1440 2017 1621 2062 ignoravit,
1662 2030 1714 2051 cur
1739 2028 1804 2050 tam
1831 2018 1949 2051 abomi-

1192 2068 1295 2102 nabile
1316 2067 1415 2110 scelus
1441 2067 1560 2108 dimisit
1597 2068 1815 2113 impunitum?
1855 2066 1949 2103 Cor-

1193 2131 1253 2166 pus
1294 2116 1411 2153 fratris
1450 2116 1501 2152 sui
1529 2127 1756 2165 portaverunt
1793 2117 1830 2152 in
1870 2120 1947 2152 An-

1191 2168 1322 2217 gliam,
1358 2167 1418 2203 ubi
1446 2167 1618 2214 sepultum
1645 2167 1715 2203 fuit
1742 2168 1779 2202 in
1807 2167 1948 2203 Civita—

1192 2229 1226 2254 te
1262 2218 1423 2254 Londrae
1459 2218 1496 2253 in
1539 2217 1690 2265 quodam
1733 2218 1947 2254 Monasterio

1191 2268 1445 2304 Monachorum
1464 2293 1474 2308 ‚
1511 2279 1638 2304 vocato
1666 2268 1717 2304 ibi
1754 2270 1946 2312 Guamister,

1161 2306 1165 2365 l
1190 2319 1226 2354 in
1246 2333 1311 2354 una
1323 2318 1471 2365 Capella
1484 2347 1493 2358 ,
1510 2319 1545 2354 in
1563 2333 1630 2366 qua
1645 2318 1859 2367 sepeliuntur
1870 2332 1945 2354 om-

1161 2367 1164 2427 'l
1191 2383 1248 2405 nes
1268 2372 1379 2414 Reges
1402 2370 1575 2418 Angliae‚
1594 2371 1628 2405 &
1645 2369 1683 2405 in
1702 2369 1849 2404 circuitu
1875 2371 1944 2403 Ca-

1160 2429 1162 2472 l
1191 2422 1300 2467 pellae
1321 2420 1398 2456 sunt
1420 2420 1590 2467 imagines
1612 2423 1745 2468 Regum
1760 2445 1768 2453 .
1794 2417 1864 2452 Ubi
1889 2417 1944 2453 su-

1159 2477 1161 2522 14
1191 2485 1248 2516 pra
1270 2471 1463 2519 sepulcrum
1482 2471 1631 2506 Henrici
1658 2469 1762 2516 posita
1787 2466 1855 2501 fuit
1878 2480 1945 2502 una

1153 2526 1160 2562 j
1190 2525 1307 2557 Statua
1327 2522 1484 2557 inaurata
1497 2548 1507 2563 ,
1528 2534 1615 2567 quae
1634 2519 1672 2554 in
1690 2530 1793 2552 manu
1805 2516 1944 2552 dextera

1846 2577 1897 2603 te-
