2216 3105
463 226 490 263 6
498 235 544 276 3¹

485 279 549 314 Ad
559 281 654 315 Cant.
668 281 752 316 XVI.
766 283 848 328 Vers.
864 294 920 331 13.
937 283 1073 330 &seqq.

450 333 480 363 Ο
506 329 741 377 imaginati-va,
769 332 820 367 che
846 347 883 367 ne
909 335 979 368 ruba
1008 334 1080 373 &a

401 378 496 416 Heic
522 388 633 424 nota,
674 382 766 429 quod
793 383 879 419 licet
921 385 1026 419 Poeta
1053 382 1156 432 legis-

402 429 454 465 set
480 428 577 478 saepe
603 430 644 466 de
671 440 742 467 tam
780 433 865 470 forti
901 434 1156 483 imaginatione

399 478 439 516 in
483 482 644 521 Socrate,
686 484 916 529 Democrito,
952 484 1156 528 Carneade,

400 528 440 566 ἃ
477 530 557 567 aliis
593 533 736 572 multis,
777 542 894 570 tamen
931 535 968 571 in
1010 535 1041 570 se
1082 534 1156 580 ipso

399 579 513 617 suerat
539 581 752 619 mirabiliter
787 594 969 633 expertus.
1010 585 1157 621 Accidit

399 631 496 667 enim
532 631 637 668 semel
683 632 743 669 fibi
785 635 822 670 in
864 635 1024 671 Civitate
1051 637 1154 670 Sena-

399 694 504 721 rum,
554 681 684 718 ostenso
721 683 782 720 fibi
820 685 963 721 Libello
999 685 1155 724 famoso,

399 744 464 767 nec
491 732 642 779 amplius
679 733 755 768 viso
783 748 842 783 per
876 735 1010 783 ipsum,
1047 748 1154 783 quum
1181 764 1183 775 .

398 793 470 816 non
513 781 622 830 posset
666 781 791 820 habere
832 785 1051 821 commodius
1097 799 1155 820 co-

396 831 493 880 piam
533 831 575 867 de
608 845 680 877 e0,
721 834 871 871 adhaefit
907 849 985 871 cum
1017 835 1155 883 pecctore

399 882 510 917 banco
538 882 640 918 unius
667 886 856 933 Speciarii,
885 885 922 921 ἃ
951 899 1029 922 cum
1057 895 1155 921 tanta

399 932 597 969 attentione
617 936 788 978 percurrit
808 936 989 973 Libellum
1011 946 1125 972 totum
1145 964 1154 980 ,

399 982 570 1031 persistens
606 983 697 1021 fixus
737 986 805 1022 {ine
844 996 943 1023 motu
971 989 1154 1023 oculorum

400 1034 441 1068 ab
470 1033 553 1069 hora
583 1037 686 1071 Nona
714 1036 819 1084 usque
857 1037 898 1072 ad
940 1037 1125 1087 Vesperam
1144 1062 1153 1076 ,

398 1084 491 1130 quod
519 1084 611 1120 nihil
638 1086 851 1124 extrinsecus
888 1086 1009 1132 senfit,
1044 1100 1153 1135 quum

398 1143 516 1184 tamen
544 1134 642 1171 fieret
669 1136 720 1172 ibi
748 1151 854 1186 prope
872 1137 991 1173 festum
1013 1139 1154 1186 nuptia-

397 1187 429 1219 le
456 1198 535 1220 cum
557 1185 748 1233 plausibus,
776 1188 956 1227 cantibus,
984 1187 1021 1224 δὲ
1042 1188 1154 1223 sonis.

397 1237 445 1270 Et
480 1235 736 1283 interrogatus,
772 1239 952 1284 quomodo
994 1247 1154 1288 potuerat

396 1285 429 1320 se
457 1286 689 1328 continuiffe,
719 1301 760 1323 ne
787 1289 971 1337 respiceret
998 1299 1070 1324 tam
1099 1303 1154 1325 ce-

397 1336 490 1371 lebre
516 1335 658 1382 festum,
687 1339 747 1374 ubi
768 1348 840 1375 erat
861 1339 974 1375 suavis
999 1340 1153 1388 aspeelus

396 1394 452 1421 tot
479 1387 665 1423 mulierum
695 1389 913 1429 Senenfiurm
941 1391 1052 1425 dulcis
1081 1404 1152 1426 me-

395 1436 490 1472 lodia
517 1446 574 1473 tot
593 1438 897 1475 instrumentorum
922 1440 1127 1475 musicorum
1143 1467 1151 1483 ,

394 1487 572 1531 respondit
599 1489 631 1524 se
658 1489 750 1525 nihil
791 1489 944 1525 senfiffe.
986 1493 1040 1526 Ex
1080 1504 1152 1539 quo

394 1537 466 1586 post
494 1539 642 1586 primam
680 1540 950 1575 admirationem
988 1553 1150 1589 magnam

393 1587 536 1635 sequuta
564 1589 609 1624 est
635 1590 769 1637 major,
812 1602 920 1637 quum
962 1590 1033 1638 ipse
1069 1592 1150 1626 effet

393 1640 600 1674 naturaliter
626 1648 762 1675 amator
796 1639 1033 1676 amorosorum
1068 1654 1149 1676 can·
1177 1637 1179 1674 l
1228 1671 1230 1679 ,

390 1696 489 1723 tuum
506 1714 517 1724 .

491 1740 555 1774 Ad
580 1742 677 1775 cant.
705 1742 827 1776 XVIII.
857 1741 939 1785 vers.
966 1744 1046 1777 118.

442 1791 476 1823 Ῑο
496 1789 550 1832 fui
573 1791 686 1824 Abate
711 1810 899 1817 -----

389 1838 449 1873 Ad
489 1838 765 1886 intelligentiam
808 1841 944 1887 plenam
973 1839 1075 1889 hujus
1102 1840 1147 1875 li-

389 1896 482 1923 terae
509 1888 553 1923 est
582 1889 696 1936 primo
724 1889 898 1925 sciendum
919 1916 928 1930 ‚
966 1890 1058 1938 quod
1088 1890 1147 1926 iste

387 1937 531 1986 spiritus
556 1938 647 1974 dicit
676 1938 707 1974 se
734 1939 832 1975 fuisse
869 1949 1026 1989 tempore
1064 1942 1147 1976 Bar-

387 1988 579 2033 baerufl'ae,
615 2002 688 2037 quo
716 1990 912 2026 fridericus
942 1993 967 2027 1.
996 1991 1037 2027 de
1065 1994 1145 2026 Sue—

386 2038 469 2081 via,
504 2039 547 2074 de
572 2052 645 2087 quo
671 2040 759 2075 alibi
787 2040 877 2076 faffla
904 2041 950 2076 est
987 2041 1146 2081 mentio,

387 2089 576 2137 imperavit
603 2091 720 2125 Annis
749 2093 934 2127 XXXVII.
954 2091 1030 2138 Qui
1053 2092 1146 2139 prius
1174 2126 1176 2138 ,Α

385 2138 455 2174 fuit
482 2139 614 2175 amicus
642 2141 811 2176 Ecclesiae
828 2169 837 2185 ,
867 2141 920 2177 sed
950 2143 1059 2190 postea
1084 2141 1145 2176 ha—

386 2190 464 2225 buit
501 2189 601 2225 litem
639 2204 718 2226 cum
762 2193 967 2228 Alexandro
996 2195 1059 2228 111.
1087 2194 1145 2227 Se-

386 2239 476 2275 nensi
491 2268 500 2284 ‚
520 2240 583 2287 qui
599 2242 925 2278 excommunicavit
942 2256 1020 2278 eum
1033 2270 1040 2278 .
1060 2244 1144 2288 Quo

386 2300 543 2338 tempore
571 2292 683 2326 multa
710 2293 801 2327 bella
829 2292 952 2328 habuit
979 2293 1016 2329 in
1038 2292 1143 2328 Italia

385 2353 464 2374 curn
506 2341 717 2377 Lornbardis
757 2342 958 2378 faventibus
1009 2345 1141 2389 Papae.

386 2391 432 2424 Et
480 2390 597 2426 vietor
640 2392 801 2428 omnium
829 2392 996 2428 destruxit
1021 2393 1142 2439 Spole-

386 2448 460 2475 tum
473 2464 484 2479 ‚
500 2440 536 2475 ὅ(
554 2443 753 2478 Terdonam
767 2470 775 2478 .
793 2443 952 2479 Laudum
970 2441 1141 2478 transmu—

384 2491 498 2527 tavit.
527 2492 743 2528 Aedificavit
768 2492 936 2528 Cremam
955 2521 963 2536 ‚
991 2494 1024 2528 8<
1053 2495 1139 2529 Cre-

385 2555 525 2577 monam
561 2543 693 2590 recepit
730 2557 788 2591 per
814 2543 1051 2580 deditionem.
1092 2544 1140 2578 Et

771 220 1211 267 BENVENUTI
1249 221 1660 267 IMOLENSIS

1193 284 1225 319 A
1270 283 1361 319 inter
1388 283 1610 320 memoranda
1638 282 1748 332 gesta,
1775 282 2021 320 Mediolanum

1170 2571 1174 2586 l

1878 231 1961 281 632

1272 347 1328 381 per
1354 333 1565 369 obsidionem
1604 334 1698 383 cepit
1739 335 1847 369 Anno
1874 334 2022 370 Domini

1271 386 1463 421 MCthl.
1512 385 1604 433 quod
1655 384 1830 432 prostratis
1871 385 2021 420 moeniis

1270 445 1383 470 totum
1412 436 1492 484 igne
1519 437 1712 478 cremavit,
1740 433 1777 470 &
1806 434 1891 469 fecit
1911 434 2020 474 arari,

1268 483 1306 520 &
1333 485 1494 521 seminari
1522 488 1618 521 Sale.
1647 488 1691 520 Et
1718 484 1804 521 fecit
1830 484 1871 520 de
1892 487 2021 520 Roma-

1268 536 1321 571 nis
1365 536 1598 571 miserabilem
1642 536 1783 584 stragem
1814 562 1823 570 .
1877 537 2020 583 Propter

1267 599 1353 632 quae
1381 586 1582 621 Alexander
1608 585 1736 622 timens
1777 585 1928 621 furorem
1959 598 2019 633 po-

1267 636 1397 671 tentiae
1424 637 1519 684 ejus,
1547 636 1705 682 confugit
1733 636 1922 679 Venetias,
1959 635 2018 671 ubi

1267 695 1463 721 reverenter
1513 696 1668 732 receptus
1719 698 1852 720 moram
1901 685 1985 721 fecit
2010 713 2016 720 .

1266 737 1376 782 Cujus
1404 734 1522 770 favore
1550 734 1829 769 Mediolanenses
1861 734 2019 770 reaedifi-

1266 795 1432 820 caverunt
1461 798 1579 820 eorum
1609 784 1807 820 Civitatem
1840 783 2019 828 eversam,

1265 838 1373 871 Anno
1411 835 1560 872 Domini
1604 836 1836 871 MCLXVIL
1887 833 2020 870 Deinde

1267 887 1369 933 paulo
1399 886 1468 934 post
1496 885 1555 932 ipsi
1598 898 1675 920 curn
1706 884 1842 920 auxilio
1869 882 2019 920 Cremo-

1265 936 1416 972 nenfium
1435 965 1445 980 ,
1475 935 1780 974 Placentinorum,
1807 936 1841 970 8<
1869 934 2018 970 aliorum

1264 988 1545 1023 Lombardorum
1559 1011 1569 1025 ,
1606 987 1799 1022 amicorum
1827 984 1996 1020 Ecclesiae
2010 1014 2018 1029 ‚

1264 1037 1498 1072 fundaverunt
1526 1050 1653 1072 novam
1681 1036 1877 1072 Civitatem
1899 1044 2019 1070 contra

1266 1088 1408 1133 Papiam
1438 1087 1569 1135 semper
1595 1087 1778 1122 inimicam
1800 1085 2017 1125 Mediolani,

1263 1152 1351 1186 quae
1372 1138 1504 1174 faverat
1526 1137 1724 1173 Friderico.
1750 1139 1797 1172 >Et
1821 1136 1910 1171 hanc
1930 1138 2017 1171 Ter-

1263 1202 1335 1224 ram
1364 1189 1402 1224 in
1443 1198 1661 1225 contemtum
1700 1188 1826 1234 Papiae
1862 1187 2019 1225 2⁴³⁴·2lexan-²

1262 1239 1373 1275 driam
1402 1249 1640 1275 vocaverunt.
1668 1240 1714 1273 Et
1741 1241 1824 1274 Dux
1852 1236 2019 1273 Venetia·

1262 1303 1338 1325 rum
1368 1303 1492 1339 magna
1520 1290 1619 1325 claffe
1646 1288 1747 1338 gestit
1785 1289 1914 1323 bellum
1957 1300 2016 1322 na-

1264 1342 1340 1376 vale
1368 1354 1447 1376 cum
1478 1340 1634 1375 Heni-ico
1662 1338 1886 1386 Imperatoris
1913 1336 2015 1379 filio,

1261 1403 1364 1438 quem
1395 1391 1528 1426 vibium
1557 1389 1594 1426 ὅ(
1623 1401 1762 1438 captum
1803 1388 1905 1424 duxit
1947 1390 2017 1422 Ve-

1263 1441 1393 1476 netias.
1424 1441 1619 1476 Fridericus
1641 1441 1763 1476 videns
1783 1438 1921 1474 fortuna
1941 1451 2027 1474 mu*

1263 1491 1334 1525 tata
1371 1490 1402 1525 se
1437 1490 1610 1525 continuo
1637 1489 1834 1530 declinare,
1862 1486 1900 1523 δὲ
1929 1489 2016 1522 Ale—

1263 1539 1432 1575 xandrum
1469 1539 1643 1581 exaltari,
1689 1538 1808 1574 favore
1836 1537 2015 1573 Ludovici

1265 1590 1368 1638 Regis
1397 1590 1561 1625 franciae
1581 1588 1619 1624 ἃ
1643 1589 1790 1624 Henrici
1813 1587 1917 1635 Regis
1938 1589 2015 1622 An—

1261 1641 1352 1687 gliae
1378 1640 1496 1683 generi
1525 1640 1596 1677 sui,
1623 1638 1662 1674 δέ
1689 1638 1893 1673 Guillielrni
1919 1637 2014 1685 opti—

1260 1691 1310 1725 mi
1348 1692 1453 1738 Regis
1490 1690 1653 1727 Siciliae,
1697 1691 1940 1729 Venetorum,
1976 1686 2015 1723 &

1261 1741 1566 1781 Lombarclorum,
1617 1752 1676 1785 per
1718 1740 1871 1785 Legatos
1912 1735 2017 1782 petiit

1259 1802 1377 1837 pacem
1405 1788 1443 1825 ἃ
1472 1788 1632 1824 veniam.
1661 1790 1706 1823 Et
1734 1787 1879 1823 veniens
1903 1788 2016 1823 Vene-

1259 1840 1325 1875 tias
1354 1840 1507 1887 procidit
1534 1840 1574 1874 ad
1605 1839 1703 1886 pedes
1733 1840 1864 1885 Papae.
1906 1838 2016 1884 Cujus

1259 1890 1392 1938 gutturi
1425 1892 1513 1938 Papa
1542 1889 1720 1937 applicans
1762 1888 1884 1936 pedes,
1922 1887 2016 1924 dixit

1260 1940 1348 1976 illud
1394 1940 1608 1976 Psalmistae:
1657 1943 1759 1983 super
1797 1939 1936 1985 aspidem
1973 1939 2017 1972 Θ

1260 1991 1435 2034 bafiltscum
1479 1989 1682 2034 ambulabis,
1733 1990 1775 2023 (²9¹
1825 1987 2015 2023 conculcabis

1259 2043 1373 2074 leonem
1409 2040 1455 2079 &v
1494 2045 1672 2077 draconem.
1713 2042 1760 2075 Et
1801 2039 2015 2085 Imperatore

1259 2092 1415 2126 dicente:
1455 2095 1528 2127 Non
1564 2092 1645 2130 tibi,
1681 2092 1740 2136 secl
1765 2094 1886 2132 Petro;
1923 2091 2014 2137 Papa

1260 2141 1460 2189 respondit:
1508 2145 1578 2189 Ego
1613 2143 1684 2186 sum
1721 2141 1863 2175 Vitarius
1902 2140 2012 2175 Petri.

1262 2195 1410 2228 Demum
1449 2193 1643 2228 fridericus
1681 2206 1741 2240 pro
1777 2189 2012 2227 satisfaaione

1259 2256 1337 2278 cum
1375 2243 1536 2279 universo
1581 2244 1738 2279 exercitu
1779 2240 1940 2278 transivit
1974 2241 2011 2276 in

1259 2294 1393 2339 Syriam
1440 2294 1480 2330 ad
1533 2295 1830 2334 recuperationem
1884 2294 2011 2328 Terrae

1259 2345 1421 2385 Sanciae,
1457 2346 1491 2380 8<
1519 2345 1703 2381 suffocatus
1731 2344 1775 2380 est
1801 2343 1839 2379 in
1867 2342 2011 2378 flumine

1259 2395 1495 2438 Antiochiae,
1533 2410 1639 2444 quum
1678 2395 1710 2431 se
1737 2396 1871 2431 lavaret
1897 2393 2008 2428 calore

1258 2445 1406 2481 aestivo.
1451 2449 1554 2483 Nunc
1580 2446 1753 2482 veniendo
1781 2445 1822 2481 ad
1847 2444 2007 2484 literam,

1224 2515 1227 2542 3
1258 2495 1345 2530 dicit
1373 2497 1431 2532 iste
1458 2497 1619 2543 spiritus:

1221 2549 1227 2583 l
1307 2549 1339 2581 Io
1365 2547 1413 2588 fui
1438 2551 1550 2583 iddare
1576 2566 1845 2573 -------

1835 2595 1868 2628 ὃ(
1898 2606 1958 2628 vo·
