2216 3105
166 278 209 300 ne
225 222 328 301 ⁴1...5IX.
353 265 391 298 de
409 261 625 309 Superstition.
651 263 756 297 Nunc
781 261 916 307 aliquid
957 259 991 293 A

165 313 391 349 commentari
422 314 519 361 juvat
546 312 586 347 de
619 312 687 347 alia
723 311 915 358 impiorum

162 364 347 398 hominum
379 365 526 405 procella
540 387 551 402 ,
571 376 657 409 quae
679 363 801 397 Seculo
820 364 916 397 XIV.

163 414 200 449 in
234 414 435 449 Italicorum
476 413 545 448 sinu
582 414 727 455 oborta,
766 414 919 460 Populo-

164 477 241 499 rum
276 478 357 503 opes
395 463 574 503 exhausit,
610 462 835 511 ingentesque
861 477 918 498 ca—

164 515 342 549 lamitates
386 515 505 549 attulit
546 513 725 549 universae
762 527 847 560 pene
886 517 918 548 I-

164 565 271 599 taliae
295 578 302 599 :
350 567 398 600 De
426 566 649 604 societatibus,
687 564 830 611 inquam
859 564 919 597 mi—

165 615 259 648 litum
298 617 516 661 praedonum,
557 628 644 661 quae
686 616 727 650 ab
766 614 920 649 Etruscis

165 667 368 710 compagae,
396 667 437 700 ab
465 666 544 700 aliis
571 665 760 711 CompagnIe
788 665 923 700 milita-

164 715 256 750 rium
291 715 441 750 virorum
471 716 758 763 appellabantur.
788 716 923 749 Comiti-

166 779 228 799 vae
255 765 360 800 etiam
391 766 554 801 dicuntur
581 766 616 801 in
645 766 780 802 Literis
804 765 923 801 Urba—

167 815 205 850 ni
234 818 278 851 V.
308 817 444 863 Papae,
474 815 510 852 &
538 817 701 864 Gregorii
731 818 791 850 XI.
820 816 924 851 Scili-

170 875 224 901 cet
254 865 311 900 ubi
341 866 418 913 quis
456 868 616 914 Princeps
653 877 712 902 aut
742 865 926 915 Respubli-

169 929 209 951 ca
247 915 342 950 suurn
372 918 565 953 exercitum
593 917 822 956 dissolvebat,
860 917 928 952 mi-

172 966 253 1001 lites
282 976 353 1002 tum
381 968 515 1014 equites
542 977 616 1003 tum
645 968 775 1016 pedites
804 967 928 1015 slipen*

172 1016 232 1051 dio
269 1017 449 1058 destituti,
486 1019 546 1053 sub
583 1019 703 1065 aliquo
741 1018 854 1066 capite
891 1031 929 1052 ac

174 1065 260 1100 duce
288 1068 535 1103 convenientes
555 1096 563 1111 ‚
593 1070 774 1102 Societatem
803 1069 929 1115 quibu-

174 1115 268 1150 sdam
290 1117 423 1164 legibus
442 1118 660 1153 constrictam
683 1119 931 1153 efformabant.

173 1167 278 1201 Hanc
299 1167 510 1211 perditorum
535 1169 717 1204 hominum
741 1168 930 1204 colluviem

176 1215 296 1262 rapina
327 1230 392 1251 una
430 1219 632 1253 nutriebat.
670 1219 782 1254 Modo
812 1232 930 1267 agrum

176 1265 279 1300 unius
308 1265 434 1305 Urbis,
472 1267 576 1302 modo
613 1269 755 1303 alterius
791 1269 934 1304 invade-

176 1316 285 1355 bant,
320 1317 477 1363 praedam
514 1318 666 1365 undique
703 1319 933 1367 abducente33

176 1365 299 1401 domos
319 1366 400 1414 igne
421 1367 610 1416 vastante53
634 1368 780 1404 feminas
802 1379 935 1415 raptas»,

179 1415 412 1464 quascumque
450 1420 607 1458 vellent,
645 1419 758 1454 secum
796 1419 936 1455 trahen—

179 1474 255 1514 tesg
287 1467 380 1502 viros
409 1478 523 1504 autem
562 1470 720 1519 captivos
753 1471 794 1505 ad
832 1470 937 1505 liber-

179 1525 289 1552 tatem
319 1517 410 1553 suam
452 1520 563 1564 pretio
598 1521 834 1557 redimendam
864 1521 938 1555 adi—

182 1577 320 1616 gentes.
348 1567 498 1605 C‚stella
524 1581 622 1618 capta
648 1571 683 1606 in
712 1571 935 1606 solitudinem

181 1617 446 1666 redigebantur:
467 1620 739 1669 trepidabant&
760 1622 851 1663 ipsae
872 1624 939 1656 Ur-
966 1616 968 1626 ⁵

183 1668 264 1724 bes,
292 1668 365 1703 vim
404 1683 441 1705 ac
479 1672 670 1707 barbariem
701 1672 867 1720 ejusmodi
899 1672 938 1706 s1-

183 1730 357 1752 cariorum
380 1720 534 1768 veritae3
563 1720 671 1767 neque
693 1724 760 1758 alia
790 1725 939 1770 plerum—

185 1781 253 1814 que
274 1767 341 1802 fuit
362 1769 596 1805 eliminandae
617 1782 688 1806 tam
714 1772 832 1808 saevae
853 1783 940 1807 tem-

187 1817 324 1867 pestatis
360 1819 471 1857 ratio,
499 1822 602 1868 quam
631 1823 778 1870 Legatis
811 1823 849 1857 ad
881 1826 941 1858 So-

187 1869 352 1904 cietatem
381 1869 486 1905 mistis
515 1872 639 1919 pacisci
667 1887 745 1908 cum
773 1874 858 1916 illa,
888 1874 942 1908 in-

189 1919 356 1974 gentique
375 1919 453 1955 data
474 1921 547 1957 auri
574 1923 706 1958 summa
728 1924 765 1960 in
789 1924 940 1959 alienum

190 1971 301 2004 tolum
341 1973 529 2017 propellere
562 1977 722 2009 omnium
760 1975 943 2009 inimicam

191 2029 331 2064 gentem
358 2030 460 2068 atque
483 2024 660 2072 exlegem.
689 2027 734 2059 Et
759 2025 836 2060 sane
862 2038 945 2060 con-

194 2069 323 2126 flabant
358 2070 385 2106 ii
421 2085 490 2107 non
528 2088 605 2109 raro
642 2075 834 2111 exercitum
868 2075 947 2110 uni-

194 2132 319 2166 cuique
359 2120 644 2165 formidandum,
681 2139 751 2173 quo
794 2125 946 2160 conflue-

195 2169 277 2226 bant
305 2183 346 2204 ex
382 2173 480 2209 omni
517 2185 620 2223 gente
647 2176 742 2216 viri,
780 2176 947 2212 Germani

194 2218 434 2267 potissimum,
468 2233 543 2259 tum
572 2226 628 2261 fex
656 2227 860 2262 cunctorum
891 2240 950 2262 ne-

196 2282 325 2326 qufiss'ss.
352 2269 391 2306 &
418 2273 568 2319 quilibet
595 2290 613 2310 a
642 2278 751 2323 patria
783 2277 838 2312 sua
871 2291 950 2311 nro-
981 2295 983 2299 ,

196 2319 365 2376 scriptu5‚
400 2321 610 2370 impunitate
646 2328 817 2363 Scelerum
849 2327 886 2364 ἃ
917 2305 984 2363 a-l

197 2370 348 2405 viditate
385 2373 526 2418 praedae
563 2376 730 2418 allectus,
761 2388 799 2414 ut
838 2378 951 2413 filenm
981 2369 984 2395 2

196 2420 355 2460 calones.
379 2423 596 2465 meretrices,
619 2425 657 2462 &
684 2429 857 2468 reliquum
888 2427 955 2463 mi-
981 2397 985 2463 l

984 2480 986 2498 Ι

984 2509 987 2527 l

989 2067 1017 2099 E

1033 2135 1039 2278 ἱ

197 2482 322 2528 norum
350 2473 525 2510 latronum
556 2477 701 2525 vulgus.
737 2479 844 2515 Unde
873 2481 954 2513 vero
984 2473 986 2503 Ϊ

196 2532 370 2570 orlglnem
395 2524 434 2561 in
463 2526 567 2563 Italia
596 2529 801 2578 acceperint
837 2529 959 2565 nefan-

558 175 921 245 DISSERT'ATJO
964 196 1402 240 SEXTADECJMA.·

1677 203 1733 250 4⁶

1034 257 1095 293 dae
1120 257 1199 292 istae
1225 255 1436 293 Societates‚
1462 254 1484 289 fi
1510 259 1624 302 petas:
1650 254 1789 298 respon—

1034 308 1098 343 deo
1112 335 1120 348 ,
1134 306 1210 342 falli
1224 305 1415 341 Odoricum
1431 304 1648 350 Raynaldum
1664 305 1699 338 in
1714 307 1788 339 An-

1034 358 1142 393 nalib.
1155 355 1398 392 Ecclefiasticis
1414 355 1454 390 ad
1468 358 1611 390 Annum
1630 357 1790 390 MCCC-

1035 410 1134 444 LIII.
1162 420 1256 443 num.
1287 419 1319 452 5.
1347 406 1428 442 dum
1458 404 1611 452 scripsit,
1639 407 1790 438 Momm--

1034 460 1095 493 lem
1121 459 1274 505 equitem
1316 456 1491 491 Rhodium
1525 455 1621 490 fuiss'e
1655 456 1792 501 primum

1029 510 1194 554 socialium
1216 519 1407 547 turmarum,
1433 520 1509 553 quae
1534 505 1636 551 postea
1661 505 1793 539 Italiam

1035 559 1213 604 universam
1242 559 1284 592 (9⁶
1310 559 1439 592 Galltas
1470 556 1639 601 diutiffime
1664 556 1794 599 afflixe-

1037 621 1135 649 runt,
1165 609 1402 654 infelictffi'mum
1440 607 1626 642 DuHorem.
1663 605 1726 641 Sed
1763 605 1795 640 is

1036 660 1269 698 excusandus,
1297 659 1389 706 quod
1417 657 1640 694 Matthaeurn
1677 656 1793 691 Villa-

1037 712 1134 747 nium
1164 710 1326 758 sequutus
1354 709 1481 747 fuerit,
1509 707 1571 752 qui
1601 706 1694 755 paria
1724 715 1795 741 tra-

1037 761 1090 796 dit
1111 760 1193 797 Lib.
1215 774 1248 808 3.
1271 758 1361 808 Cap.
1384 763 1442 807 89.
1467 759 1608 796 Ambo,
1629 757 1795 804 inquam,

1038 811 1229 858 falluntur;
1255 810 1482 859 paecefferant
1510 809 1603 844 enim
1631 807 1694 843 alii
1722 816 1796 841 tam

1038 862 1229 897 detestabili
1261 862 1443 909 exemplo,
1480 859 1537 895 Ut
1564 858 1658 894 enim
1686 857 1796 892 omit-

1039 921 1109 948 tam
1153 913 1362 948 Societatem
1410 912 1509 946 illam
1554 909 1764 958 praedonum
1785 932 1796 946 ,

1041 962 1226 998 conflatam
1249 977 1291 999 ex
1314 962 1412 997 Italis
1429 960 1466 997 ὃ(
1488 959 1693 1000 Catalanis,
1710 972 1798 1005 quae

1043 1014 1121 1049 teste
1137 1014 1293 1058 Johanne
1310 1012 1472 1048 Villanio
1483 1013 1591 1046 Anno
1606 1011 1798 1045 MCCCH.

1042 1065 1224 1100 Graeciam
1263 1064 1480 1111 summopere
1514 1060 1668 1108 afflixit3
1699 1070 1737 1094 ut
1764 1072 1799 1094 e-

1046 1116 1131 1150 tiam
1154 1125 1362 1162 praeteream
1384 1116 1528 1149 alteram
1555 1111 1701 1146 similem
1724 1112 1802 1145 An—

1045 1179 1092 1199 no
1132 1166 1393 1201 MCCCXXII.
1431 1163 1654 1205 inchoatam,
1692 1174 1802 1208 quae,

1047 1215 1098 1251 uti
1139 1216 1229 1250 idem
1275 1215 1454 1250 Villanius
1491 1212 1611 1248 scribit
1649 1212 1730 1247 Lib.
1769 1223 1803 1257 9.

1046 1265 1136 1311 Cap.
1169 1271 1248 1302 181.
1277 1265 1458 1301 senensem
1496 1275 1613 1312 agrum
1653 1260 1804 1300 invasit,

1047 1316 1092 1353 ὅ)
1115 1317 1231 1360 saccali
1256 1317 1408 1357 chiamare
1434 1317 1468 1350 la
1494 1313 1719 1360 Coznpagnt'a:
1745 1315 1806 1346 Lo-

1047 1366 1177 1403 derist'ns
1194 1370 1357 1401 Vtcecomcs
1373 1369 1480 1401 Anno
1496 1363 1627 1400 Christi
1645 1363 1805 1398 MCCC—

1051 1418 1215 1450 XXXIX.
1242 1415 1311 1464 post
1338 1418 1584 1463 proclamatam
1611 1426 1729 1460 pacem
1751 1412 1806 1447 in-

1051 1476 1103 1502 ter
1131 1469 1285 1501 Venetos
1314 1465 1351 1501 &
1380 1466 1592 1514 Scaligeros,
1621 1464 1743 1499 coacto
1770 1476 1806 1497 e-

1052 1517 1189 1553 xercitu
1218 1531 1259 1552 ex
1299 1516 1474 1551 militibus
1504 1515 1683 1562 praecipue
1721 1516 1808 1548 Ger-

1054 1567 1187 1608 manis.
1217 1581 1233 1602 a
1263 1566 1414 1602 Mastino
1439 1566 1614 1613 Scaligero
1642 1563 1811 1608 dimissis,

1025 1630 1026 1633 ’
1055 1617 1308 1653 Mediolanensi
1336 1631 1439 1666 agre),
1467 1626 1571 1662 atque
1597 1614 1715 1649 Azoni
1744 1615 1812 1648 Vi—

1056 1669 1219 1704 cecomiti
1252 1669 1380 1703 bellum
1409 1667 1553 1709 intulit.
1580 1669 1626 1700 Et
1652 1667 1724 1700 haec
1748 1664 1813 1707 suit

1053 1720 1157 1766 prima
1193 1719 1328 1754 Societas
1366 1720 1398 1753 in
1436 1718 1534 1753 Italia
1547 1729 1562 1749 .·
1597 1717 1648 1750 ita
1684 1715 1815 1763 legitur

1057 1769 1093 1805 in
1132 1769 1397 1805 Additarnentis
1434 1768 1475 1804 ad
1515 1766 1643 1802 Histor.
1681 1764 1816 1801 Cortuu

1058 1820 1132 1855 sior.
1171 1821 1252 1856 Lib.
1289 1832 1322 1867 7.
1360 1818 1451 1864 Cap.
1484 1830 1540 1854 20.
1578 1819 1697 1852 Tomo
1735 1817 1816 1851 XII.

1062 1873 1138 1905 Rer.
1166 1871 1388 1906 Italicarum.
1417 1870 1540 1905 Subdit
1566 1867 1704 1903 Aufior
1731 1866 1814 1902 ille:

1060 1923 1143 1956 Proh
1170 1922 1282 1956 [taliae
1304 1921 1390 1954 dolor
1416 1921 1457 1953 (9·
1484 1919 1643 1961 infamia!
1664 1915 1819 1952 Sanffum

1061 1983 1163 2007 autem
1201 1985 1306 2005 nomen
1337 1970 1501 2005 societatis
1537 1971 1558 2003 ιὶ
1584 1968 1818 2014 proditoribus,

1062 2023 1257 2068 raptoribus,
1285 2021 1458 2059 adulteris,
1487 2021 1528 2053 Θ·
1554 2020 1704 2063 furibus,
1730 2019 1820 2051 hodie

1062 2083 1245 2118 occupatur.
1283 2075 1354 2107 Non
1392 2070 1568 2116 erubescunt
1603 2080 1668 2104 tam
1701 2069 1822 2112 sacrum

1063 2137 1168 2156 nomen
1213 2123 1355 2170 antiquis
1396 2121 1576 2156 venerabile
1614 2118 1822 2167 prostituere!

1065 2173 1232 2209 Loderffii
1259 2173 1390 2208 facinus
1415 2171 1615 2206 sectatorem
1641 2183 1710 2204 nen
1733 2169 1823 2203 mul—

1065 2234 1102 2258 to
1129 2224 1198 2271 pest
1225 2223 1346 2259 habuit
1371 2223 1578 2257 Goarnerium
1605 2224 1741 2259 Ducem,
1762 2217 1825 2266 qui

1065 2288 1106 2309 ex
1151 2274 1340 2309 Germania
1383 2273 1419 2308 in
1463 2273 1602 2307 Italiam
1645 2271 1703 2306 diu
1745 2278 1825 2305 ante

1068 2324 1260 2373 profefftus⁴
1292 2324 1409 2363 copias
1439 2322 1666 2358 Germanicas
1694 2335 1711 2355 a
1742 2321 1823 2354 Flo-

1066 2375 1213 2410 rentinis
1252 2374 1289 2410 &
1321 2373 1453 2408 Pisanis
1490 2372 1642 2407 dimissas
1675 2369 1825 2405 conscri-

1067 2427 1170 2465 bens,
1201 2428 1306 2461 Anno
1336 2425 1596 2459 MCCCXLH.
1634 2422 1823 2457 immanem

1068 2475 1185 2510 sensim
1216 2484 1426 2510 armatorum
1457 2473 1666 2509 Societatem
1695 2468 1824 2504 confla-

1067 2526 1149 2576 vit3
1174 2526 1227 2562 uti
1254 2524 1462 2562 Pistorienfis
1487 2523 1662 2560 Historiae
1687 2519 1824 2555 Αιιξὶοῐ

1692 2582 1769 2620 pag*
