2216 3105
460 220 544 261 423

747 207 1203 252 BENVENUTI
1249 207 1694 251 IMOLENSIS

1873 210 1962 263 2³24

396 265 512 299 variae
536 263 769 304 mutationes,
798 266 836 303 ἃ
862 269 1021 316 quotidie
1043 268 1151 304 fiunt.
1190 269 1222 302 A
1265 267 1430 303 medietas
1457 267 1502 304 est
1538 269 1614 304 alba
1651 267 1688 303 in
1716 280 1839 315 campo
1867 280 2015 309 azurro,

397 314 500 349 Unde
546 315 678 363 judicio
730 331 808 353 meo
853 319 942 354 mihi
991 319 1151 358 videtur.

395 365 489 411 quod
517 377 667 414 quatuor
695 368 911 405 deduxerunt
948 383 1021 406 earn
1052 370 1152 405 nobi-

395 416 465 450 lem
495 418 713 463 provinciam
743 420 783 454 ad
811 430 944 455 tantam
966 421 1151 455 desolatio-

394 478 474 502 nem
492 494 501 502 .
543 468 700 504 Primum
728 470 772 505 est
800 471 948 506 avaritia
978 471 1150 506 Pastorum

393 517 587 563 Ecclefiae,
629 519 690 567 qui
732 533 823 555 nunc
865 522 1020 556 vendunt
1047 535 1149 557 unam

395 568 565 608 Terram,
595 582 685 604 nunc
713 571 818 604 aliam
836 597 844 605 .
872 574 918 606 Et
945 585 1037 606 nunc
1065 585 1150 607 unus

396 617 490 654 favet
519 620 578 654 uni
607 621 801 665 Tyranno,
829 634 921 656 nunc
948 623 1037 657 alius
1065 623 1150 657 alte-

396 668 447 707 ri,
489 669 673 704 secundum
715 670 807 717 quod
849 670 945 715 saepe
973 682 1152 707 mutantur

395 719 595 755 Officiales.
624 720 816 755 Secundum
838 720 882 755 est
903 722 1056 768 pravitas
1075 724 1151 767 Ty-

395 782 581 805 rannorum
611 769 771 814 suorum,
813 771 874 818 qui
903 771 1034 816 semper
1060 773 1152 807 inter

394 819 427 855 se
455 819 487 856 se
515 821 666 856 lacerant
694 819 731 856 δε
770 821 924 862 rodunt,
960 824 993 858 3<
1036 821 1151 858 subdi-

395 879 450 906 tos
478 871 678 906 excoriant.
721 871 886 908 Tertium
914 873 959 908 est
985 872 1150 909 fertilitas

396 923 553 957 locorum
575 921 677 969 ipsius
702 922 925 971 provinciae,
954 925 1051 971 cujus
1073 924 1151 972 pin-

395 972 507 1020 guedo
547 972 662 1008 allicit
707 974 874 1009 Barbaros
913 975 947 1009 δε
989 985 1151 1010 externos

397 1024 433 1060 in
472 1023 652 1072 praeiam.
693 1026 867 1069 Quartum
912 1025 956 1060 est
991 1025 1151 1068 invidia,

396 1087 483 1122 quae
511 1074 608 1122 viget
648 1074 685 1110 in
728 1075 889 1110 cordibus
916 1074 1068 1122 ipsorum
1097 1075 1151 1110 in—

396 1127 574 1168 colarum,
614 1124 698 1160 ficut
733 1125 871 1161 Auelor
897 1125 1008 1161 noster
1035 1127 1151 1174 pulcre

396 1175 561 1210 describit
591 1176 787 1224 Purgatorii
825 1178 928 1211 Cant.
960 1178 1056 1212 XIV.
1092 1176 1152 1212 ubi
1180 1180 1182 1196 ¹

397 1225 487 1261 fagia
534 1235 658 1271 magna
709 1226 1013 1262 commendatione
1057 1226 1152 1262 istius

398 1277 652 1312 Rornandiolae
680 1276 903 1325 indignanter
930 1278 1124 1313 exclamat:

448 1332 473 1360 O
493 1328 706 1375 Romagnuoli
725 1328 842 1363 tornati
861 1328 893 1362 in
918 1329 1080 1371 bastardi!

641 1382 703 1414 Aa
730 1379 812 1424 Vers.
839 1391 898 1425 40.

447 1433 608 1464 Ravenna
629 1429 681 1472 sta
707 1450 979 1455 -------

397 1481 503 1516 Nunc
531 1479 669 1515 Aufflor
695 1479 925 1527 descripturus
956 1478 1153 1527 specialiter

397 1530 519 1566 statum
542 1529 814 1568 Romandiolae‚
835 1529 964 1576 incipit
979 1543 997 1564 a
1016 1531 1151 1564 Raven-

397 1594 462 1620 na,
490 1579 528 1615 &
556 1579 763 1627 generaliter
790 1581 868 1614 vult
895 1579 1028 1618 dicere,
1058 1579 1148 1626 quod

396 1632 527 1666 nobilis
557 1629 594 1665 ἃ
633 1629 777 1677 antiqua
815 1629 971 1676 prosapia
1008 1630 1149 1665 istorum

395 1681 437 1717 de
477 1682 621 1716 Polenta
657 1680 858 1716 dominatur
897 1683 1080 1716 Ravennae
1116 1681 1148 1714 δε

395 1731 565 1767 Cerviae.
595 1731 701 1766 Unde
729 1731 829 1766 debes
856 1729 960 1768 scire,
989 1731 1080 1778 quod
1110 1743 1150 1765 eo

396 1790 552 1829 tempore
588 1782 752 1829 regnabat
795 1783 980 1816 Ravennae
1007 1780 1148 1827 quidam

396 1832 571 1867 Dominus
598 1831 715 1867 Guido
745 1832 917 1866 Novellus
954 1831 995 1866 de
1025 1831 1150 1865 Pol-en—

394 1890 455 1922 ta,
483 1882 538 1917 vir
565 1882 707 1926 quidem
734 1881 815 1917 satis
844 1895 987 1927 magnae
1014 1880 1150 1915 inteili-

394 1932 533 1981 gentiae
559 1931 598 1968 &
625 1933 867 1979 eloquentiae.
895 1932 969 1977 Qui
998 1932 1148 1966 multum

393 1984 583 2019 honoravit
628 1986 779 2018 Dantem
830 1982 868 2017 in
913 1983 989 2017 vita
1034 1980 1071 2017 ὃ(
1113 1982 1149 2016 in

394 2042 527 2071 morte.
556 2042 594 2070 ut
621 2034 757 2069 dicetur
783 2032 893 2068 alibi.
920 2032 1005 2068 Ideo
1032 2031 1149 2080 loqui-

394 2094 450 2121 tur
486 2084 526 2120 de
562 2098 604 2120 eo
641 2085 741 2120 valde
781 2083 944 2122 honeste,
986 2096 1064 2118 eum
1092 2082 1149 2117 de-

393 2135 542 2170 scribens
588 2135 630 2170 ab
677 2133 828 2183 Infignio
868 2133 945 2169 suae
992 2136 1149 2177 Domus,

392 2186 483 2221 unde
511 2185 619 2221 dicit:

444 2240 606 2270 Ravenna
619 2235 692 2278 fia,
712 2248 790 2269 rome
803 2234 890 2276 stata
910 2235 926 2267 ὲ
944 2234 1031 2268 molti
1049 2233 1149 2272 anni,

393 2285 485 2333 quasi
514 2285 628 2324 dicat,
656 2286 692 2320 in
721 2285 841 2320 eodem
869 2284 980 2327 statu,
1016 2283 1054 2318 in
1079 2297 1149 2330 quo

393 2336 463 2371 fuit
491 2336 622 2385 jamdiu
660 2334 697 2370 ὃ(
726 2334 786 2370 sub
825 2334 985 2370 dominio
1012 2346 1150 2369 eorum-

392 2389 493 2422 dem:
524 2385 615 2432 quod
644 2385 795 2420 declarat
822 2383 886 2419 fic:

445 2436 485 2472 L’
506 2436 633 2482 ,Aquila
658 2439 702 2470 da
729 2435 860 2469 polenta
874 2455 1049 2461 ------

395 2490 478 2526 Hoc
502 2487 611 2525 dicit,
639 2486 721 2532 quia
748 2486 804 2520 illi
831 2485 871 2519 de
898 2486 1043 2520 Polenta
1071 2498 1150 2533 por—

397 2546 476 2575 tant
516 2550 579 2587 pro
614 2535 768 2585 infignio
803 2534 1011 2583 Aquilam,
1053 2535 1150 2584 cujus

1233 1624 1399 1662 '‘Aun'stor
1444 1625 1615 1661 subditam
1662 1625 1750 1659 dicit

1263 319 1296 353 ὃ(
1324 318 1392 354 alia
1421 319 1587 354 medietas
1615 319 1659 354 est
1696 318 1799 353 rubea
1826 317 1863 353 in
1892 329 2014 364 campo

1263 382 1364 404 aureo
1381 395 1388 404 .
1430 369 1485 404 Est
1528 379 1643 405 aurem
1687 369 1832 403 Polenta
1869 380 2015 417 parvum

1263 419 1450 455 Castellum
1489 420 1580 455 circa
1617 418 1887 462 Bretenorium‚
1925 417 2014 453 unde

1262 469 1316 505 isti
1346 470 1493 517 Nobiles
1520 471 1684 505 dicuntur
1711 469 1799 505 olim
1827 469 1944 504 fuisse.

1312 541 1485 547 ------
1512 523 1545 555 ld
1567 521 1598 562 si
1624 533 1724 555 cova:

1262 572 1308 605 Et
1335 571 1379 606 est
1417 572 1534 618 pulcra
1564 571 1764 619 metaphora
1791 569 1828 605 δι’,
1857 569 2014 618 propria.

1264 622 1352 656 Vult
1379 621 1472 655 enim
1510 621 1644 659 dicere,
1682 621 1773 667 quod
1811 620 1869 655 iste
1896 620 2014 655 Guido

1265 672 1437 705 Novellus
1465 669 1562 705 fovet
1588 672 1622 704 ὅ(
1651 670 1804 717 protegit
1833 672 2015 704 Ravenna-

1263 730 1313 755 tes
1342 720 1400 755 sub
1428 720 1549 755 umbra
1577 721 1707 754 alarum
1738 719 1894 762 suarum,
1931 718 2017 754 ficut

1264 771 1397 818 Aquila
1425 769 1518 806 filios
1546 769 1641 805 suos.
1670 772 1716 804 Et
1742 769 1783 804 de
1810 769 1859 804 rei
1889 769 2017 804 verita-

1264 830 1297 857 te
1327 824 1491 856 Ravenna
1512 830 1596 856 tunc
1616 829 1688 856 erat
1717 819 1797 855 satis
1824 820 1859 854 in
1890 818 2017 855 fioren-

1263 871 1292 906 ti
1320 871 1427 911 statu,
1455 885 1541 919 quae
1571 884 1661 906 nunc
1689 870 1726 906 in
1753 870 1940 919 languido.
1969 872 2016 905 Et

1264 930 1368 961 nota,
1395 922 1488 968 quod
1512 921 1650 957 Aufilor
1676 921 1755 956 ideo
1783 921 1897 967 primo
1925 920 2016 956 inci—

1264 972 1316 1018 pit
1344 985 1362 1007 a
1391 974 1577 1016 Ravenna,
1605 971 1686 1019 quia
1715 970 1928 1006 nobiliffirna
1952 971 2017 1006 Ci-

1262 1022 1354 1057 vitas
1382 1023 1426 1057 est
1453 1022 1590 1058 ratione
1617 1021 1842 1069 antiquitatis
1860 1046 1869 1061 ,
1907 1020 1929 1055 fi
1966 1020 2015 1055 fa-

1263 1086 1318 1108 ma
1346 1087 1415 1108 non
1452 1073 1497 1108 cst
1524 1072 1671 1108 omnino
1707 1071 1812 1115 falsa,
1847 1071 1889 1106 de
1926 1084 2018 1106 crea-

1262 1124 1360 1159 tione
1396 1123 1601 1172 dignitatis.
1637 1122 1732 1168 Quia
1769 1122 1839 1157 sola
1867 1120 2017 1156 Ecclesia

1264 1176 1445 1209 Ravennas
1467 1174 1570 1209 habet
1590 1173 1815 1216 Cardinales,
1840 1171 1925 1208 ficut
1946 1174 2017 1207 Ro-

1263 1238 1383 1260 mana.
1413 1227 1458 1259 Et
1485 1224 1600 1260 subdit
1627 1224 1787 1272 Aufitor3

1313 1277 1349 1310 S?
1372 1277 1424 1309 che
1443 1275 1562 1310 Cervia
1589 1275 1724 1320 ricuopre
1743 1273 1868 1317 co'suot'
1892 1272 2013 1308 vanni.

1263 1325 1366 1371 Quasi
1395 1325 1509 1365 dicat,
1548 1325 1639 1372 quod
1670 1324 1802 1371 Aquila
1841 1322 2014 1368 praedi&

1263 1377 1415 1424 protegit
1442 1375 1607 1411 Cerviam
1645 1374 1704 1409 sub
1733 1372 1853 1421 pennis
1880 1373 1951 1421 ejus
1979 1387 2014 1408 a<

1262 1427 1305 1461 lis
1334 1425 1424 1461 suis.
1455 1428 1540 1461 Sunt
1567 1424 1660 1460 enim
1690 1424 1793 1458 vanni
1820 1436 1949 1470 pennae
1977 1422 2013 1457 iu

1263 1476 1346 1511 alis.
1375 1475 1429 1510 Est·
1457 1485 1571 1510 autem
1600 1473 1733 1510 Cervia
1760 1472 2015 1508 Civitatuncu-

1261 1527 1294 1561 la
1323 1526 1360 1561 in
1391 1525 1511 1561 eodem
1547 1525 1652 1560 litore
1682 1524 1808 1566 maris,
1845 1523 1968 1558 distans
1997 1536 2015 1559 a

1264 1579 1427 1612 Ravenna
1469 1590 1528 1624 per
1565 1578 1642 1609 XV.
1680 1573 1870 1612 milliaria,
1910 1586 2014 1620 quam

1798 1626 1982 1658 Ravennae
2003 1650 2014 1666 ‚

1262 1678 1343 1725 quia
1371 1677 1415 1711 est
1444 1677 1502 1711 sub
1530 1676 1650 1710 eodem
1679 1673 1859 1709 dominio.
1898 1674 2014 1708 Habet

1262 1727 1344 1762 haec
1360 1727 1500 1762 Civitas
1519 1724 1794 1772 praerogativam
1813 1723 1898 1758 Salis
1911 1750 1919 1758 .
1941 1726 2015 1758 Un-

1262 1777 1302 1812 de
1329 1776 1528 1812 Cardinalis
1557 1774 1715 1809 Ostienfis
1747 1775 1918 1809 Dominus
1948 1775 2016 1808 Bo-

1233 1828 1388 1869 ,neniae
1424 1828 1457 1861 ἃ
1498 1826 1749 1861 Romandiolae
1785 1835 1858 1859 erat
1894 1824 2015 1858 solitus

1262 1878 1400 1913 dicere:
1439 1878 1519 1911 Plus
1552 1878 1698 1911 habemus
1724 1876 1762 1908 de
1788 1875 1906 1908 Cervia
1937 1885 2015 1920 par-

1262 1929 1362 1965 vula,
1390 1929 1481 1974 qmim
1507 1929 1544 1961 de
1570 1935 1635 1960 tota
1663 1925 1895 1959 Romandr'ota.

1313 1982 1362 2013 La
1389 1982 1507 2016 Terra,
1535 1977 1586 2011 che
1612 1975 1653 2019 [ε’
1677 1976 1736 2023 gi&
1762 1976 1795 2010 la
1821 1975 1920 2021 lunga
1943 1985 2015 2022 pro-

1363 2041 1408 2062 va
1440 2025 1512 2065 &aa

1234 2075 1235 2098 l
1263 2078 1355 2115 Heic
1383 2077 1521 2113 Aufitor
1548 2076 1712 2112 describit
1741 2075 1845 2111 aliam
1875 2075 2016 2110 Civita-

1263 2140 1333 2166 tem
1351 2128 1625 2167 Romandiolae,
1647 2127 1782 2162 scilicet
1799 2125 2015 2162 Forlivium.

1263 2183 1363 2226 Quae
1382 2179 1427 2215 est
1454 2178 1713 2227 quodammodo
1738 2177 1859 2212 fituata
1887 2176 1923 2211 in
1945 2189 2017 2210 me-

1262 2232 1322 2266 dio
1350 2229 1625 2273 Romandiolae,
1653 2228 1765 2276 major
1791 2226 1894 2276 aliisg,
1932 2238 2017 2273 quae

1264 2281 1346 2329 quia
1374 2281 1476 2315 habet
1503 2290 1640 2329 gentem
1671 2280 1884 2317 bellantem,
1920 2275 1958 2311 &
1985 2275 2016 2310 i-

1264 2333 1309 2367 ste
1338 2333 1467 2367 Comes
1494 2330 1659 2365 habuerat
1686 2329 1745 2364 diu
1775 2328 2014 2373 principatum

1265 2382 1338 2424 ibi,
1375 2380 1412 2417 ὃ(
1441 2382 1530 2417 bella
1559 2394 1682 2428 magna
1709 2378 1835 2414 fecerat
1871 2377 1944 2411 ibi:
1984 2375 2015 2409 i-

1265 2433 1329 2467 deo
1354 2432 1392 2468 in
1422 2431 1654 2478 descriptione
1683 2430 1755 2477 ejus
1791 2425 1910 2463 inserit
1948 2424 2013 2459 fin-

1264 2484 1417 2531 gularem
1438 2481 1648 2523 vi&oriam‚
1675 2492 1777 2526 quam
1806 2477 1863 2512 hic
1883 2474 2015 2511 Comes

1231 2555 1234 2562 ·
1267 2546 1343 2569 cum
1373 2530 1642 2568 Forlivienfibus
1664 2529 1848 2565 habuerat.
1875 2527 1933 2562 Ad
1961 2526 2016 2561 in-

1901 2577 1967 2612 tel—
