2216 3105
416 229 495 267 791

356 268 406 306 ita
443 271 536 318 quod
577 285 705 311 novem
743 275 876 314 faciunt:
922 279 1039 317 decem
1076 283 1115 317 v&
1152 284 1187 318 A

358 319 468 369 0303
499 330 615 359 tamen
644 326 826 376 aliquanto
855 329 992 366 minus.
1023 335 1115 368 Nam

357 369 457 427 Mars
485 372 521 408 in
551 374 684 412 duobus
712 378 812 415 annis
849 382 1019 429 percurrit
1046 385 1116 418 Zo-

356 419 495 458 diacum
534 425 668 464 minus.
707 431 753 465 Et
795 429 838 466 fic
876 433 954 469 vult
981 433 1116 475 dicere,

356 473 448 519 quod
478 485 550 511 erat
579 477 885 531 adolescentulusg,

405 526 469 559 Ma
493 527 562 567 pria
589 549 777 558 -----

354 574 447 609 Heic
476 574 715 627 Caeciaguida
741 582 914 623 ostendit,
956 585 1048 632 quod
1077 585 1114 621 in

354 624 453 661 brevi
491 627 657 667 enitescet
696 631 806 668 virtus
846 633 934 670 dieii
981 634 1114 676 Canis,

354 687 442 725 quae
471 691 562 716 nunc
589 683 806 720 occultatur.
838 686 938 723 Unde
966 686 1075 722 dicit:

404 731 469 763 Ma
488 731 562 777 pria
588 752 775 762 -----
1161 749 1186 782 Β

404 782 529 814 Parran
550 782 672 825 saville
693 786 730 819 de
754 785 788 820 la
802 786 863 830 sua
882 787 1023 827 virtute,

352 828 457 873 idest,
485 830 591 868 initia
619 847 824 883 magnorum
853 836 1023 875 fastorum
1051 853 1112 888 pu-

353 880 444 916 blice
472 884 706 929 apparebunt:

403 934 441 967 In
471 946 528 967 mm
557 948 647 970 curar
672 936 705 971 d’
716 949 845 984 argento
865 941 904 974 ne
922 940 1112 988 d’aff'anm'.

350 981 397 1017 Et
447 986 525 1020 vere
569 986 705 1024 Aufior
746 990 783 1025 in
827 990 960 1027 duobus
999 992 1112 1027 verbis

351 1032 504 1070 breviter
532 1037 674 1086 colligit
700 1039 768 1075 duo
788 1066 798 1081 ‚
840 1055 927 1088 quae
954 1042 1111 1078 reddide-

350 1095 433 1121 runt
461 1084 770 1127 hominem.istum
798 1092 988 1140 gloriosum
1007 1118 1016 1133 ‚
1046 1093 1111 1128 sci-

351 1134 436 1171 licet
465 1138 728 1186 magnificentia
765 1141 802 1177 in
846 1143 1038 1186 sumtibus,
1075 1145 1109 1180 &

351 1187 493 1223 audacia
521 1188 557 1224 in
587 1189 704 1240 bello;
742 1206 830 1240 quae
858 1194 926 1229 duo
955 1194 1110 1231 fecerunt
1151 1212 1183 1246 C

349 1235 498 1275 famosos
541 1241 671 1277 multos
716 1244 887 1281 Dominos
938 1245 1109 1289 vitiosos,

352 1301 498 1336 quorum
527 1292 665 1340 aliquos
693 1307 756 1342 ego
785 1296 896 1331 novi.
939 1297 1031 1332 Vide
1059 1310 1110 1332 er-

350 1352 414 1386 go,
452 1354 556 1388 quam
594 1346 885 1382 commendabilis
927 1346 972 1383 est
999 1348 1112 1384 virtus

347 1390 624 1437 Liberalitatis,
669 1409 756 1443 quae
793 1397 983 1445 aliquando
1022 1398 1111 1447 tegit

348 1442 617 1480 multitudinem
657 1447 828 1483 vitiorum
866 1449 903 1483 in
941 1448 1109 1484 homine.

348 1492 404 1527 Est
432 1506 513 1541 ergo
542 1494 740 1536 sciendum,
777 1498 870 1545 quod
909 1498 968 1533 ista
998 1499 1109 1534 virtus

349 1544 525 1590 praeluxit
563 1546 600 1580 in
630 1546 691 1581 isto
730 1560 855 1593 puero.
895 1550 988 1583 Nam
1026 1549 1107 1584 dum

349 1602 446 1640 pater
473 1595 544 1643 ejus
572 1596 723 1631 duxisset
750 1611 829 1632 eum
859 1597 962 1633 semel
990 1599 1031 1633 ad
1054 1599 1107 1633 vi-

349 1643 500 1678 dendum
530 1658 693 1693 magnum
724 1646 919 1683 thesaurum
939 1675 947 1690 ,
976 1648 1034 1684 iste
1062 1648 1107 1684 il·
1147 1661 1181 1693 D

350 1694 422 1728 lico
442 1694 568 1731 levatis
592 1696 714 1743 pannis
736 1697 868 1733 minxit
889 1698 987 1744 super
1006 1712 1084 1734 eum
1098 1727 1106 1734 .

348 1745 403 1779 Ex
432 1758 502 1791 quo
538 1759 658 1782 omnes
696 1747 888 1794 spectantes
930 1748 1108 1795 judicave-

348 1805 430 1829 runt
457 1796 498 1830 de
526 1796 598 1842 ejus
626 1796 742 1831 futura
771 1797 1012 1832 munificentia
1051 1811 1110 1846 per

351 1842 449 1879 istum
501 1855 720 1881 contemtum
771 1846 1020 1895 pecuniarum.
1062 1850 1110 1884 Et

349 1894 414 1931 hoc
443 1895 545 1938 dico.
573 1906 667 1933 erat:

400 1968 416 1972 -
443 1969 458 1974 -
486 1968 502 1974 -
528 1969 543 1974 -
568 1948 642 1995 pria
666 1947 752 1982 che’l
777 1949 896 1994 Guasco
922 1971 938 1977 -—
965 1972 980 1977 -
1008 1972 1024 1977 -

350 1996 455 2038 idest,
486 2000 576 2047 Papa
604 2000 768 2035 Clemens
796 2000 837 2036 de
866 2000 1065 2036 Vasconia:

400 2071 416 2077 -
443 2071 458 2077 -
485 2072 501 2078 -
528 2071 542 2076 -
570 2048 593 2084 Γ
609 2050 675 2084 alto
703 2051 825 2094 Arrige
850 2051 1008 2097 inganm'.

351 2098 455 2144 idest,
485 2100 747 2150 magnanimum
778 2101 970 2137 Henricum
994 2101 1110 2148 Impe-
1152 2112 1179 2145 Ε

349 2161 501 2188 ratorem
529 2152 570 2187 de
599 2152 861 2201 Lucimburgo.
891 2154 944 2187 De
970 2152 1028 2187 ista
1051 2152 1111 2186 de-

351 2203 513 2251 ceptione
553 2203 690 2239 dicetur
729 2202 819 2238 infra
855 2205 959 2239 Cant.
998 2205 1109 2237 XXX.

351 2254 396 2288 Et
438 2253 553 2290 subdit
603 2253 915 2289 manifestationem
964 2266 1108 2301 magnae

351 2304 595 2341 Liberalitatis
623 2304 725 2350 hujus
752 2304 883 2345 Canis.
910 2303 1053 2340 dicens:

404 2359 444 2389 Le
466 2357 521 2399 sue
548 2355 772 2402 magnifi,·en·<e
799 2355 965 2398 conosciute

348 2406 619 2453 Mignificentia
655 2405 701 2441 est
741 2406 879 2454 proprie
905 2404 945 2440 in
971 2403 1108 2453 magnis

349 2454 424 2491 sum
446 2457 542 2491 ibus:

399 2511 544 2542 Saranno
570 2520 703 2550 ancora,
700 2522 880 2536 -----
882 2529 885 2530 ν
906 2526 924 2533 ‘⁹
949 2526 967 2533 -2

351 2557 445 2606 quod
471 2557 619 2607 probat,
645 2558 784 2608 dicens-z

681 217 1148 269 BENVENUTI
1204 225 1656 269 IMOLENSIS

1841 245 1926 285 792

1279 305 1295 312 -
1321 305 1338 312 -
1363 306 1379 312 -
1405 307 1421 313 -
1446 287 1474 320 s>
1500 285 1660 331 ch’e'suoi
1686 287 1796 321 nemias·

1277 339 1350 370 Non
1377 350 1414 371 ne
1437 347 1550 382 potran
1578 348 1663 371 tener
1688 338 1718 370 le
1744 338 1852 384 lingue
1878 348 1984 375 mute.

1227 387 1325 422 Haec
1362 386 1406 422 est
1445 387 1540 423 enim
1583 388 1775 436 proprietas
1819 387 1984 429 virtutis,

1227 436 1320 483 quod
1356 437 1469 474 reddit
1505 439 1691 474 amabilem
1737 438 1844 474 etiam
1881 438 1985 474 odio-

1227 486 1322 530 sum,
1349 489 1384 524 8<
1411 488 1622 524 laudabilem
1651 502 1721 524 non
1743 488 1878 524 visum:

1276 543 1315 574 A
1340 539 1387 573 lm'
1414 538 1591 582 t'aspetta‚
1619 560 1807 566 -----

1227 588 1318 624 Heic
1339 588 1574 636 Cacciaguida
1596 589 1776 637 promittit
1792 590 1884 638 spem
1906 591 1983 626 Au-

1226 638 1315 674 &ori
1344 639 1381 674 in
1409 638 1505 674 dieto
1533 641 1629 674 Cane
1657 640 1813 680 Grandi,
1841 641 1980 677 dicens.-

1276 711 1290 716 -
1318 710 1334 716 -
1361 710 1377 716 -
1403 710 1419 715 -
1448 690 1490 722 (9¹
1516 688 1623 732 a’suoi
1648 690 1794 734 benefici.

1227 742 1319 775 Nam
1348 740 1389 774 de
1416 738 1466 774 rei
1494 738 1643 774 veritate
1671 739 1730 774 iste
1757 740 1866 775 Canis
1893 742 1986 775 mul-

1225 800 1298 825 tum
1329 789 1519 824 honoravit
1543 789 1758 828 Αιιξὶοτεῐη,
1786 790 1900 825 dando
1921 790 1982 826 fibi

1225 840 1456 888 provisionem
1480 839 1594 879 suam,
1622 841 1654 874 8<
1683 840 1719 874 in
1742 840 1864 876 multis
1885 854 1983 875 com-

1226 891 1393 939 placendo
1421 890 1502 925 fibi.
1541 890 1622 925 Ideo
1653 890 1788 926 Auctor
1814 904 1884 926 non
1914 891 1984 926 im-

1225 955 1358 977 memor
1407 940 1655 977 beneficiorum
1677 969 1688 985 ,
1730 942 1815 976 bene
1868 941 1984 977 reddit

1224 992 1285 1027 fibi
1315 992 1507 1028 mercedem
1536 990 1628 1026 suam
1646 1019 1656 1034 ‚
1693 993 1727 1026 8<
1765 993 1857 1027 ultra
1884 991 1982 1027 debi—

1223 1053 1320 1082 tum,
1350 1042 1433 1078 ficut
1462 1042 1578 1078 vides.
1608 1044 1653 1077 Et
1682 1041 1817 1077 subdit:

1272 1098 1333 1128 Per
1359 1095 1405 1128 lut
1425 1093 1478 1138 fia
1506 1103 1680 1128 tramutata
1706 1093 1802 1126 molta
1826 1102 1941 1138 gente,

1223 1144 1305 1192 quia
1333 1145 1420 1179 alios
1449 1143 1648 1187 exaltabit,
1698 1143 1785 1178 alios
1815 1142 1982 1179 humalia-

1223 1195 1299 1243 bit;
1330 1195 1412 1230 Ideo
1439 1194 1550 1231 dicit:

1273 1245 1472 1281 Cambiundo
1498 1244 1659 1291 condiqt'on
1681 1244 1775 1279 riccbt'
1793 1258 1808 1278 e
1828 1244 1980 1280 mendici.

1222 1296 1305 1345 quia
1351 1296 1463 1344 aliqui
1507 1295 1636 1331 divites
1680 1295 1982 1343 pauperabuntur,

1221 1347 1332 1394 aliqui
1362 1360 1523 1395 pauperes
1551 1346 1777 1382 ditabuntur.

1273 1401 1304 1433 E
1329 1409 1491 1442 porterane
1517 1417 1747 1425 ------

1222 1449 1313 1484 Heic
1342 1447 1577 1496 Caeciaguida
1606 1446 1704 1483 addit
1724 1445 1856 1482 ultimo
1876 1458 1982 1494 quae-

1222 1499 1300 1532 dam
1330 1508 1509 1544 tamquam
1540 1497 1667 1531 secreta
1687 1497 1728 1530 de
1748 1510 1811 1535 eo,
1840 1496 1978 1529 dicens:

1272 1549 1303 1580 E
1330 1558 1491 1591 porterane
1511 1545 1618 1588 scritto
1645 1544 1730 1577 nella
1757 1553 1857 1577 mente

1272 1597 1320 1631 Di
1346 1595 1394 1628 lui
1407 1609 1424 1637 ,·
1450 1608 1465 1627 e
1493 1595 1544 1627 nol
1569 1594 1686 1635 dirai;
1711 1614 1727 1619 -
1754 1614 1770 1619 -
1797 1614 1813 1619 -
1839 1614 1857 1619 -

1222 1647 1276 1683 sed
1303 1644 1463 1694 exspe&a
1491 1653 1656 1678 eventum
1673 1666 1683 1677 .
1711 1644 1759 1677 Et
1786 1641 1875 1678 dicit
1902 1643 1981 1678 Au-

1221 1698 1318 1733 &corz

1271 1765 1500 1773 ------
1527 1757 1543 1778 e
1568 1741 1643 1789 diffe
1669 1742 1730 1788 cose

1222 1796 1378 1835 scilicet,
1406 1794 1663 1843 Cacciaguida:

1273 1845 1458 1882 Incredibili
1485 1859 1504 1880 a
1531 1845 1626 1892 quei,
1654 1844 1704 1878 ebe
1725 1842 1798 1888 fian
1822 1844 1981 1891 presente.

1225 1900 1317 1934 Nam
1356 1895 1550 1946 praediElus
1592 1893 1703 1930 Canis
1741 1904 1852 1929 totam
1881 1894 1983 1931 Mar-

1225 1949 1339 1984 chiam
1368 1946 1589 1983 Tarvifinam
1619 1944 1747 1980 bellica
1774 1945 1907 1980 virtute
1929 1945 1983 1981 su-

1225 1999 1339 2046 begit.
1368 1998 1450 2032 Ideo
1479 1996 1564 2031 bene
1593 1995 1794 2040 Raynaldus
1836 1996 1984 2032 Poerista

1223 2046 1429 2084 Veronensis
1457 2045 1626 2080 versiculo
1661 2044 1882 2091 Epitaphiali
1909 2046 1981 2092 ejus

1222 2094 1617 2146 triumphos⁷breviter
1666 2095 1872 2143 complexus
1911 2096 1982 2141 est,

1222 2150 1361 2186 dicens:

1275 2227 1300 2245 „
1325 2199 1363 2236 si
1390 2199 1492 2233 Canis
1517 2198 1568 2233 hic
1593 2195 1736 2231 Grandis
1762 2195 1907 2243 ingentia
1928 2196 1984 2241 fa-

1323 2251 1377 2287 έῖα
1401 2249 1542 2296 peregit.

1274 2328 1300 2346 „
1327 2300 1477 2335 Marchia
1503 2298 1590 2341 testis
1616 2297 1721 2340 adest,
1763 2308 1857 2344 quam
1886 2298 1983 2344 saevo

1324 2361 1423 2385 marte
1443 2348 1590 2396 subegit.

1337 2402 1400 2436 Ad
1425 2403 1523 2435 Cant.
1551 2401 1642 2434 XIX.
1671 2397 1754 2442 Vers}
1785 2399 1868 2434 118.

1275 2451 1319 2487 Lt‘
1338 2451 1369 2492 fi
1393 2452 1494 2485 vedrd
1520 2468 1792 2477 -------

1224 2502 1316 2538 Heic
1356 2500 1490 2550 Aquila
1526 2499 1692 2536 describit
1728 2498 1882 2546 primum
1910 2513 1982 2535 ma-

1224 2552 1395 2602 gnificum
1422 2554 1554 2600 Regem
1581 2548 1882 2631 Christianitatisl3
1920 2550 1983 2585 sci-

1867 2607 1937 2634 icet
