2216 3105
259 216 343 267 393
554 207 856 252 COMMENT.
886 209 952 252 IN
980 206 1206 254 DANTJS
1233 204 1475 250 comm).
1690 221 1774 264 394

203 269 240 308 δε
268 271 374 305 citius
414 268 653 314 lacrymatur,
694 269 728 303 &
769 267 814 303 est
850 268 960 317 magis

200 320 345 364 invida,
372 320 476 368 quam
505 319 583 367 virg
612 320 646 353 8<
675 318 786 367 magis
814 329 959 354 conten-

201 369 312 413 tiosa,
340 371 373 405 δὲ
403 369 512 419 magis
540 369 717 417 mendaxg
760 370 794 403 &
832 368 870 404 in
906 383 959 404 re-

203 422 264 457 bus
299 420 449 456 honestis
484 421 518 455 ὅ(
559 419 730 468 regimine
767 418 812 455 est
849 420 959 468 magis

202 471 328 511 stulta,
356 472 460 518 quam
490 470 571 510 vir,
610 479 648 507 ut
684 470 774 506 dicit
802 470 959 505 Avicen-

203 535 265 557 na.
306 523 408 557 Unde
446 523 626 570 proprium
668 520 860 568 subjectum
889 534 959 556 non

202 572 306 608 habet
335 571 372 607 in
412 572 462 608 eis
491 571 603 607 virtus
639 573 674 606 &
711 571 888 616 honestas,
925 573 979 606 δί’

203 622 282 658 sunt
308 633 347 658 unt
374 623 566 671 plurimum
595 622 680 658 mali
708 621 854 670 judicii.
883 624 960 658 Ho-

202 686 261 708 mo
299 686 381 708 vero
405 673 503 709 vinter
529 682 642 708 cetera
683 673 850 708 animalia
888 686 961 708 ma-

202 723 256 773 gis
284 723 433 772 attingit
461 723 653 771 profeffimm
684 725 859 759 Naturae.

254 773 380 809 Eran'i
406 775 555 809 Cittadin
576 774 649 809 miei
675 794 861 801 -----
893 812 897 817 r

204 825 297 861 Heic
325 827 425 873 Sapia
445 834 561 861 narrat
585 825 622 860 in
644 822 786 873 speciali
812 823 961 859 formam

203 875 288 910 {affl
301 902 311 917 ‚
332 875 470 910 dicens:
492 876 509 909 >i
524 876 673 910 Cietaa'in
689 875 784 918 miei,
805 874 888 910 idest
904 877 961 910 Se-

204 925 323 961 nenses
340 939 418 961 cum
446 926 683 961 Provinciam>
700 927 798 961 Duce
813 937 934 961 eorum
949 937 958 961 :

253 996 440 1003 -----
464 974 561 1022 preffo
587 991 607 1012 a
634 976 745 1019 Colle,

202 1027 297 1083 quod
325 1026 369 1061 est
396 1026 552 1062 Castrum
581 1039 745 1075 magnum
766 1025 803 1061 in
829 1025 962 1074 princi-

205 1076 265 1125 pio
294 1075 450 1112 fluminis
478 1076 599 1120 Elsae,
637 1078 677 1112 de
720 1089 790 1125 quo
825 1076 962 1113 dicetur

202 1127 240 1162 in
269 1126 337 1162 fine
365 1127 466 1175 hujus
496 1127 719 1174 Purgatorii:

253 1180 291 1212 In
318 1189 423 1222 campo
445 1177 554 1225 giunti
580 1192 610 1212 co
636 1178 649 1212 i
674 1178 737 1212 lvro
762 1178 937 1223 aversari,-

202 1226 358 1267 scilicet,
387 1228 628 1264 Florentinis:

251 1281 300 1313 Et
337 1279 366 1312 io
396 1290 541 1326 pregava
580 1279 645 1314 Dio
683 1279 721 1313 di
764 1280 861 1327 quel,
911 1280 962 1314 che

302 1329 406 1364 volle.

199 1377 367 1423 Scilicet,
404 1380 497 1426 quod
535 1380 641 1416 effent
682 1379 869 1416 conflifiii:
912 1382 961 1416 Et

199 1427 243 1464 fic
271 1428 359 1464 fuit.
390 1429 496 1466 Unde
523 1430 639 1479 diclt;

250 1480 345 1512 Rom'
366 1480 423 1522 fur
448 1480 547 1526 quivi
568 1501 755 1507 -----

198 1528 236 1563 in
263 1541 409 1576 campo,
439 1529 498 1565 ubi
526 1540 624 1565 erant
651 1530 689 1565 in
716 1529 921 1567 obfidione:

249 1599 434 1606 -----
461 1594 477 1614 e
503 1581 586 1615 volti
612 1594 649 1615 ne
671 1582 723 1628 gli
755 1581 859 1617 amari

247 1630 334 1674 Paffi
359 1631 396 1664 cli
416 1630 515 1676 fuga.
542 1652 819 1660 -------

199 1677 297 1714 Sicut
323 1679 419 1715 enim
447 1680 492 1715 est
519 1681 673 1717 maxime
701 1682 802 1718 dulce
829 1682 958 1718 viE‘cori

200 1728 358 1776 persequi
395 1728 613 1775 fugientem,
657 1730 708 1766 ita
745 1732 790 1767 est
827 1731 960 1768 summe

200 1791 355 1814 amarum
398 1779 495 1815 vifito
532 1779 650 1829 fugere
685 1794 704 1816 a
730 1780 820 1817 facie
849 1783 960 1829 perse-

201 1830 368 1878 quentis3
407 1830 448 1865 de
475 1844 545 1878 quo
573 1831 677 1879 paulo
706 1841 786 1868 ante
814 1833 961 1868 duxerat

200 1879 391 1926 speciosum
420 1880 640 1930 triumphum
677 1882 767 1931 apud
793 1884 958 1919 Montem

202 1931 401 1978 Apertum.

252 2001 481 2009 ------
507 1986 540 2017 E
566 1987 730 2031 veggendo
755 1985 790 2021 la
813 1985 936 2029 cascia,

200 2030 312 2075 idest,
340 2031 642 2080 persequutionem
671 2035 714 2070 de
740 2034 907 2084 fenestra;

250 2082 382 2128 Letizia
405 2082 487 2127 presi
513 2088 557 2119 ad
582 2085 657 2130 ogni
682 2085 768 2122 altra
791 2087 933 2131 dispari.

199 2130 365 2172 Scilicet,
386 2132 555 2169 laetitiis.
578 2133 684 2180 Quasi
704 2135 821 2171 dicat:
845 2138 960 2172 Num-

198 2195 302 2229 quam
324 2181 509 2219 habueram
531 2183 712 2220 similem
701 2197 740 2221 ln
761 2185 839 2223 vita
861 2199 959 2224 mea.

200 2233 304 2268 Unde
332 2233 448 2269 dicit:

250 2287 355 2318 Tanto
381 2283 469 2319 cb’io
493 2285 576 2327 vossi
601 2286 635 2320 in
662 2290 703 2321 sk
727 2307 743 2314 -
770 2307 786 2314 -
810 2307 829 2315 -
853 2307 870 2316 «-

198 2333 336 2370 scilicet
352 2362 364 2379 ‚
390 2337 508 2371 versus
536 2337 687 2372 Coelum
706 2351 716 2374 :

249 2405 480 2413 ------
506 2385 531 2420 λ’
546 2387 656 2423 ardita
678 2388 784 2433 faccia

195 2434 339 2471 insane:

245 2488 412 2522 Gridando
437 2502 459 2524 a
494 2489 585 2526 Dio.
621 2491 716 2525 Omai
750 2491 813 2535 pt'h
846 2505 907 2528 non
933 2492 962 2528 η’

298 2547 396 2576 temo.

195 2587 243 2623 Et
269 2587 360 2628 dicit
376 2616 387 2636 ‚
414 2590 508 2639 quod
535 2590 621 2629 fecit
646 2605 667 2630 a
693 2592 822 2635 simili,

1122 270 1213 301 Come
1234 267 1267 310 fe
1287 265 1311 299 'l
1338 267 1430 300 merlo
1454 278 1510 312 per
1534 278 1609 312 poca
1636 268 1804 303 bonaccia.

1073 317 1215 353 Dicitur
1241 315 1418 360 fabulose,
1457 318 1550 363 quod
1578 319 1730 353 merulus
1759 317 1832 366 post

1072 366 1255 404 saevitiem
1277 366 1413 413 hyemis
1426 393 1436 406 ,
1456 367 1719 414 superveniente
1736 377 1830 404 tra-n—

1072 418 1186 467 quillo
1214 418 1342 467 garrit:
1373 419 1438 452 Piis
1465 431 1524 451 non
1552 419 1579 451 ti
1605 428 1710 461 temo,
1738 418 1834 453 cliu-

1065 470 1146 515 scito
1163 469 1221 514 son
1248 469 1301 503 del
1326 482 1442 504 verno.
1479 468 1535 504 Ita
1571 481 1636 516 ego
1665 481 1726 516 pro
1754 482 1833 516 par-

1073 533 1116 555 va
1152 519 1303 555 viffioria
1341 518 1522 568 praesumsi
1568 518 1668 567 loqui
1709 529 1833 554 contra

1076 573 1190 607 Deum
1207 598 1215 606 .
1244 570 1406 614 Audivi,
1434 569 1527 618 quod
1555 569 1617 605 ista
1644 569 1833 605 maledieta

1073 622 1200 658 mulier
1234 630 1308 657 erat
1343 620 1511 657 infuriata
1548 628 1691 666 mente,
1739 618 1833 669 quod

1072 681 1277 720 conceperat
1313 673 1346 708 8<
1384 671 1602 720 praedixerat
1638 671 1670 707 se
1699 671 1833 720 praeci-

1073 723 1263 771 pitaturum
1291 722 1510 768 desperanter
1536 723 1578 758 de
1604 721 1768 766 fenestra,
1807 721 1833 757 si

1074 773 1233 809 Senenses
1274 772 1414 809 fuissent
1455 773 1518 808 illa
1546 773 1624 809 vice
1652 772 1830 809 vifi‘tores.

1074 826 1158 860 Erat
1185 824 1280 860 enim
1308 827 1408 873 Sapia
1436 823 1568 860 nobilis
1607 823 1762 859 Domina
1789 823 1830 859 de

1074 875 1147 910 illis
1174 875 1216 910 de
1244 875 1411 924 Bigofio,
1440 875 1533 923 quod
1561 875 1606 911 est
1633 888 1740 911 unum
1761 876 1831 911 Ca-

1073 925 1207 962 stellum
1245 925 1283 961 in
1323 926 1505 961 territorio
1533 928 1698 962 Senarum
1726 927 1831 974 longe

1073 990 1091 1011 a
1118 978 1222 1012 Colle
1249 976 1290 1011 de
1319 976 1465 1012 Valdese
1491 976 1580 1012 forte
1603 990 1662 1024 per
1681 985 1832 1024 quatuor

1073 1026 1262 1062 milliaria.
1303 1029 1404 1072 Quae
1432 1026 1539 1062 nimis
1567 1028 1687 1063 oderat
1716 1029 1832 1075 Popu-

1072 1079 1146 1113 lum
1174 1077 1354 1113 Senensem
1373 1103 1384 1118 ‚
1411 1077 1496 1113 ficut
1524 1079 1736 1127 Zanganella
1765 1079 1832 1113 Po-

1074 1129 1193 1175 pulum
1222 1128 1490 1164 Florentinum.
1533 1131 1580 1164 Et
1621 1129 1687 1164 hoc
1728 1128 1833 1170 ideo,

1072 1178 1154 1226 quia
1191 1178 1374 1214 invidebat
1417 1180 1554 1227 Populo
1589 1178 1649 1215 diu
1688 1178 1830 1214 florenti

1071 1232 1106 1264 ὃς
1133 1228 1193 1264 diu
1235 1228 1392 1265 viEtori.
1429 1232 1514 1267 Erat
1548 1229 1643 1266 enim
1683 1229 1832 1266 Provin—

1073 1280 1192 1315 cianus
1229 1288 1313 1316 tunc
1357 1280 1459 1316 valde
1494 1290 1617 1330 potens
1658 1281 1693 1316 &
1721 1280 1833 1317 famo-

1073 1331 1145 1366 sus.
1172 1333 1218 1365 Et
1245 1331 1323 1366 heic
1351 1341 1458 1370 nota.
1485 1331 1579 1380 quod
1608 1331 1668 1368 ubi
1695 1331 1740 1367 est
1760 1345 1835 1367 ma·-

1073 1382 1126 1429 jor
1163 1381 1275 1417 virtus
1312 1382 1346 1416 δε
1375 1382 1488 1429 major
1527 1383 1663 1431 gloria,
1707 1382 1760 1418 ibi
1787 1383 1833 1418 est

1074 1432 1186 1479 major
1212 1431 1372 1468 Invidia.
1415 1434 1462 1467 Et
1498 1441 1616 1468 tamen
1653 1434 1751 1470 nulla
1787 1432 1833 1469 est

1073 1493 1144 1517 tam
1174 1482 1322 1517 humilis
1348 1482 1511 1528 fortuna,
1548 1497 1636 1531 quae
1663 1498 1734 1519 non
1757 1497 1833 1519 ma-

1073 1531 1251 1581 lignitatis
1296 1533 1459 1569 dentibus
1505 1535 1734 1584 mordeatur-3
1776 1534 1832 1571 sed

1073 1583 1144 1619 sola
1172 1582 1310 1618 miseria
1338 1593 1430 1619 caret
1458 1584 1618 1621 Invidia.

1122 1637 1204 1669 Pace
1229 1634 1312 1668 valli
1338 1648 1391 1668 con
1418 1635 1484 1669 Dio
1510 1657 1699 1663 -----

1072 1684 1164 1721 Heic
1192 1687 1315 1733 Sapra,
1342 1686 1478 1721 narrata
1505 1688 1606 1735 culpa
1634 1687 1711 1723 suae
1732 1687 1832 1723 invi-

1072 1736 1171 1779 diae,
1218 1745 1333 1771 narrat
1370 1736 1506 1772 causam
1551 1737 1629 1774 suae
1665 1738 1833 1774 salvatio-

1072 1786 1148 1824 nis,
1189 1784 1328 1821 scilicet
1354 1787 1634 1834 poenitentiam,
1669 1789 1755 1824 licet
1782 1788 1832 1824 se-

1071 1849 1167 1871 ram.
1196 1835 1304 1871 Unde
1331 1836 1441 1872 dicit:
1472 1841 1553 1872 Pace
1571 1839 1653 1872 volli
1675 1852 1726 1873 con
1746 1840 1831 1879 Dio,

1072 1899 1151 1922 cum
1180 1899 1251 1933 quo
1278 1886 1463 1922 habueram
1493 1888 1724 1923 inimicitiam
1757 1889 1832 1924 sua-

1072 1937 1175 1972 dente
1193 1937 1330 1972 Invidia
1350 1937 1497 1973 inimica
1513 1938 1683 1974 Caritatis
1696 1967 1705 1982 ‚
1727 1952 1832 1986 quam

1075 1990 1170 2023 Deus
1195 1987 1328 2036 semper
1356 1988 1530 2036 praecipit
1554 1990 1588 2024 8<
1616 1988 1755 2026 suadet:

1123 2059 1309 2065 -----
1336 2039 1369 2072 in
1391 2039 1431 2083 su
1457 2040 1488 2073 lo
1506 2039 1619 2082 stremo

1124 2092 1173 2124 De
1199 2089 1234 2124 la
1260 2090 1324 2124 mia
1343 2090 1438 2124 vita.

1073 2139 1213 2188 quando
1239 2153 1310 2175 non
1338 2149 1494 2188 poteram
1522 2140 1673 2190 amplius
1711 2155 1830 2189 pecca—

1074 2205 1127 2226 re.
1164 2192 1212 2226 Et
1250 2190 1333 2238 quia
1370 2192 1502 2227 Dantes
1544 2201 1681 2239 poterat
1717 2193 1832 2229 statim

1074 2241 1208 2277 dicere:
1248 2241 1427 2288 quomodo
1463 2255 1545 2290 ergo
1573 2256 1642 2278 non
1671 2257 1705 2279 es
1733 2254 1833 2280 extra

1075 2291 1322 2341 Purgatorium
1364 2305 1443 2328 cum
1481 2292 1562 2329 aliis
1590 2294 1832 2331 tardantibus?

1073 2342 1276 2391 respondet:

1124 2414 1396 2422 -------
1422 2396 1456 2430 E
1481 2408 1572 2431 ancor
1598 2410 1658 2431 nen
1680 2396 1809 2442 sarebbc

1123 2448 1181 2479 ,ζα
1196 2444 1257 2479 mlo
1282 2447 1379 2479 clover
1404 2467 1720 2476 --------

1073 2494 1177 2535 idest,
1203 2494 1385 2541 debitum,
1412 2495 1546 2533 scilicet
1575 2506 1778 2546 peccatum:

1122 2564 1351 2575 ------
1373 2557 1431 2593 per
1452 2548 1639 2595 penitenzia
1658 2550 1782 2595 stema?

1677 2599 1761 2637 idest
1771 2625 1783 2643 9
