2216 3105
304 245 391 300 '657‘
597 241 891 285 COMMENT.
921 242 988 286 IN
1025 240 1069 283 D
1084 238 1251 282 ANTJS
1277 237 1518 281 COMOED.
1728 240 1810 290 ⁶3ss

291 306 339 337 La
369 301 466 337 Nella
492 299 555 335 mt'a
581 320 813 327 ------

241 354 362 388 vetula
391 365 504 395 uxor,
533 351 575 387 fic
606 361 753 386 vocata:

291 424 309 429 -
335 424 351 429 —
377 424 394 429 -
419 425 435 429 -
462 404 489 436 si
516 402 588 444 tosto
616 402 711 436 m’ha
739 402 876 435 condono

294 457 339 489 A
352 455 403 488 ber
421 454 451 487 lo
469 454 552 487 dolce
566 451 670 495 affsnz
685 466 700 486 ο
729 451 776 486 de'
790 451 913 486 martiri
927 450 998 490 &a

488 506 550 538 Ad
579 504 661 547 Vers.
693 505 749 538 82..

292 557 398 588 Tanto
423 555 439 586 ὲ
465 567 486 588 a
513 554 575 588 Dio
599 554 658 600 ρι’ὶι
683 567 755 588 cara
779 574 796 579 -
823 573 840 579 —
865 575 883 580 —
908 573 924 580 ·

243 605 335 640 Heic
365 603 516 639 Foresius
553 604 698 639 extollit
726 603 999 652 singularitatem

243 654 389 689 virtutis
418 656 588 694 Anellae,
631 667 717 701 quae
746 667 869 699 paucas
898 654 1000 688 habet

243 703 352 739 socias
395 705 486 739 inter
531 714 587 740 tot
639 704 792 739 honestas
838 704 1001 739 mulieres

245 755 488 789 Fiorentinas.
518 757 564 789 Et
591 764 629 790 ut
652 755 790 793 videas.
819 755 903 801 quid
925 757 1000 789 Au-

244 804 321 839 ξὶοι·
348 804 456 839 noster
478 805 603 840 sentiat
626 804 683 839 sub
712 805 856 839 nornine
877 805 1000 848 unius,

244 854 345 889 debes
373 865 513 899 notare,
542 855 634 902 quod
663 854 753 890 nihil
781 855 826 890 est
853 854 999 897 melius,

243 905 336 940 nihil
366 905 489 940 utilius
518 906 663 940 muliere
704 904 845 953 pudica.
882 905 1001 940 Multa

244 954 340 990 enim
383 955 481 995 sunt,
523 969 609 1003 quae
651 969 709 1003 per
750 955 780 990 se
808 955 1002 990 nobilitant

245 1006 336 1039 clara
365 1005 504 1053 ingenia
534 1007 719 1054 virorum3
749 1015 786 1041 at
813 1005 1000 1041 mulierum

244 1055 384 1102 propria
431 1058 541 1091 virtus
586 1056 631 1091 est
683 1056 873 1104 pudicitia.
920 1055 1001 1091 Ideo

246 1104 378 1140 summe
406 1106 599 1149 laudanda,
627 1108 710 1149 quia
739 1107 823 1141 bene
851 1115 1001 1141 meretur

246 1155 288 1190 de
344 1157 554 1203 majoribus,
601 1170 748 1204 quorum
799 1156 1000 1204 sanguinem

244 1205 376 1240 furtiva
407 1206 538 1242 soboles
567 1221 635 1242 nori
666 1208 794 1255 vitiat3
839 1208 924 1242 bene
961 1207 1002 1241 de

243 1254 352 1295 filiis,
395 1257 455 1304 qui
484 1270 553 1292 non
583 1258 710 1293 liabent
738 1257 932 1292 erubescere
960 1257 1000 1292 de

243 1317 373 1345 marre,
404 1321 464 1342 nec
491 1307 650 1343 dubitare
677 1308 718 1342 de
747 1317 872 1355 patre;
915 1308 1000 1342 bene

242 1357 359 1404 primo
387 1357 426 1392 de
456 1357 487 1393 se
505 1385 514 1400 ,
543 1371 646 1405 quam
676 1358 802 1393 liberat
829 1371 847 1393 a
875 1367 999 1393 contu·

241 1407 348 1441 melia
385 1408 491 1442 alieni
531 1408 705 1454 corporis.
747 1410 839 1456 Ergo
868 1407 1000 1455 princi-

241 1455 412 1504 paliffime
441 1458 567 1492 mulier
593 1458 694 1492 debet
731 1458 854 1492 habere
882 1471 998 1492 curam

240 1506 453 1554 pudicitiae.
495 1508 573 1551 Qua
615 1506 736 1541 amissa
773 1507 844 1542 ruit
883 1508 999 1542 omnis

239 1555 354 1591 virtus
391 1556 508 1591 illius.
552 1558 649 1592 Haec
691 1569 874 1605 pauperem
903 1570 1000 1591 coin-

241 1607 404 1645 mendat,
432 1607 582 1642 divitem
611 1607 780 1649 extollit,
808 1607 997 1642 deformem

240 1656 407 1699 redimit,
436 1658 590 1702 pulcram
612 1667 778 1693 exornat.
806 1659 900 1706 Ergo
921 1659 1000 1694 bea-

243 1714 298 1740 tus
327 1705 394 1740 fuit
422 1706 480 1741 iste
517 1707 693 1749 Peresius,
730 1707 787 1743 cui
825 1709 999 1756 contigit,

243 1756 350 1790 talem
389 1755 513 1791 habere
549 1756 731 1792 mulierem
769 1757 806 1792 in
834 1771 1000 1793 uxorem.

242 1807 298 1840 De
325 1818 392 1852 qua
420 1806 510 1841 dicit

295 1859 344 1890 La
370 1857 537 1891 vedu-vella
564 1857 652 1897 mia,
680 1877 954 1885 -------

244 1904 400 1946 scilicet,
444 1908 596 1942 Annella
634 1921 727 1943 uxor·
758 1921 856 1953 mea,
896 1921 1000 1957 quam

245 1957 375 1991 annulo
402 1957 706 2005 desponsaveram:

294 2027 522 2035 ------
550 2009 601 2042 che
627 2019 716 2043 tanto
741 2009 849 2051 amai,

245 2055 284 2092 δ(
312 2057 396 2092 bene
423 2059 595 2095 reamavit
621 2072 677 2095 me
718 2059 927 2099 viventem,
964 2057 1001 2094 &

245 2106 468 2143 defunfihim:

296 2161 400 2192 Tanto
427 2159 443 2192 ὲ
468 2173 488 2193 a
514 2158 581 2193 Dio
618 2159 678 2205 pizo
712 2172 784 2194 cara
818 2172 834 2193 e
865 2160 925 2206 pii.
951 2160 1003 2194 di-

345 2209 445 2248 Ietta,

297 2261 427 2304 ‚Quanto
454 2259 486 2293 in
514 2258 744 2306 ben’operar’e
769 2261 828 2307 pizffa
856 2260 970 2305 soletta
985 2274 1005 2303 ,-

245 2308 283 2345 in
328 2310 436 2356 patria
475 2309 607 2354 nostia,
649 2310 686 2345 in
732 2324 799 2358 qua
841 2311 1002 2346 mulieres

245 2359 378 2395 nostrae
423 2359 530 2395 nimis
572 2373 660 2396 vane
705 2371 911 2408 operantur.
957 2363 1003 2396 Et

246 2408 458 2451 confirmat,
486 2409 578 2457 quod
606 2411 702 2446 dixit
729 2411 770 2447 de
799 2411 1003 2447 mulieribus

244 2460 464 2495 Florentinis
514 2474 571 2508 per
617 2462 916 2509 comparationem
963 2462 1004 2497 ad

244 2509 408 2558 quasdam
439 2512 600 2546 mulieres
629 2513 808 2552 barbaras.
837 2525 924 2560 quae
951 2511 1005 2547 di-

242 2571 370 2599 cuntur
396 2561 461 2599 effe
488 2562 527 2598 in
565 2562 746 2609 Sardinia,
787 2563 855 2599 fine
895 2563 1006 2612 pudo-

1035 302 1067 335 A
1114 313 1171 341 re,
1199 299 1231 333 δε
1261 297 1329 333 sine
1350 297 1472 332 habitu
1493 295 1614 332 civili.
1644 293 1745 331 Dicit
1765 304 1868 341 ergo:

1165 349 1229 383 Che
1254 350 1288 382 la
1315 348 1467 393 barbagia
1493 348 1528 380 di
1554 347 1716 393 Sardigna
1743 342 1820 390 affui

1114 399 1309 435 Montanea
1336 398 1381 433 est
1407 395 1571 432 altiffima
1609 396 1645 431 in
1682 395 1797 431 Insula
1824 394 1870 429 il-

1116 451 1170 494 la,
1198 451 1234 485 in
1263 462 1329 496 qua
1357 447 1495 483 habitat
1515 459 1597 495 gens
1624 446 1782 480 silvestris
1802 444 1870 480 fine

1113 501 1187 548 lege
1204 527 1213 543 ,
1250 499 1318 534 line
1345 498 1517 547 religione
1553 508 1660 532 vera:
1701 508 1788 543 quae
1815 493 1869 528 di-

1114 550 1206 586 citur
1232 549 1423 586 remansisse
1460 548 1537 587 ibi,
1579 547 1718 594 quando
1755 543 1871 581 Insula

1113 600 1182 636 fuit
1211 608 1410 650 recuperata
1436 599 1477 634 de
1511 598 1671 633 manibus
1708 596 1870 631 barbaro-

1112 664 1189 687 rum
1228 652 1270 687 de
1322 649 1465 693 Africa,
1516 661 1665 697 quorum
1708 647 1870 682 mulieres

1113 701 1192 737 sunt
1229 701 1336 737 nimis
1377 700 1531 736 lubricae
1576 700 1609 734 Sc
1646 697 1870 746 impudicae,

1115 751 1400 799 permittentibus
1426 750 1535 786 viris.
1573 751 1665 784 Nam
1708 760 1786 797 prae
1814 760 1872 781 ca-

1113 803 1186 838 lore
1227 803 1260 837 &
1306 814 1409 850 prava
1447 799 1697 836 consuetudine
1739 797 1871 834 vadunt

1113 852 1255 888 indutae
1284 865 1397 900 panno
1424 851 1520 887 lineo
1545 851 1647 893 albo,
1674 850 1870 884 excollatae

1113 903 1188 946 ita,
1217 913 1255 938 ut
1281 902 1459 937 ostendant
1486 900 1630 950 pefiius,
1671 901 1705 934 δε
1745 900 1870 934 ubera.

1113 955 1159 988 Et
1186 953 1278 989 reEie
1306 966 1402 988 more
1443 951 1728 987 Florentinarum
1767 950 1871 992 talis,

1113 1004 1279 1050 inquam,
1308 1003 1461 1049 barbagia
1488 1000 1567 1046 affai

1165 1056 1214 1088 N.-
1240 1055 1269 1088 le
1289 1054 1406 1097 fembre
1426 1053 1482 1097 sue
1509 1054 1524 1085 ὲ
1547 1053 1607 1099 pi&
1630 1051 1768 1098 pudica.

1349 1106 1410 1138 Ad
1437 1103 1520 1148 Vers.
1552 1115 1633 1148 104.

1164 1155 1226 1189 Cm'
1251 1152 1444 1200 bisognaffe,
1482 1165 1537 1200 per
1558 1153 1645 1197 farle
1673 1152 1703 1186 ir
1728 1161 1870 1195 reverte,

1162 1209 1189 1238 Ο
1208 1205 1355 1251 spfrizali
1381 1218 1396 1237 o
1423 1205 1503 1238 altre
1528 1203 1710 1249 dtjcipline.

1112 1253 1215 1293 idest,
1251 1256 1307 1289 vel
1336 1254 1554 1301 spirituales,
1601 1252 1687 1289 sicut
1727 1265 1870 1288 exeom-

1113 1305 1336 1353 municatiog,
1366 1306 1421 1339 vel
1450 1304 1589 1340 habitus
1617 1304 1748 1342 bonus,
1785 1317 1870 1350 qua-

1111 1357 1180 1390 lem
1209 1355 1305 1390 dedit
1334 1356 1458 1390 Beatus
1486 1354 1677 1403 Gregorius
1710 1353 1872 1389 mulieri-

1113 1406 1173 1440 bus
1212 1406 1403 1444 Romanis,
1447 1405 1506 1440 sub
1549 1418 1619 1453 quo
1657 1404 1793 1440 honeste
1821 1405 1872 1438 la—

1112 1465 1212 1504 tent3
1242 1457 1298 1490 vel
1326 1455 1531 1498 disciplinae
1560 1456 1789 1503 temporales,
1830 1453 1871 1489 si—

1078 1542 1081 1545 ,
1112 1516 1170 1541 cut
1208 1508 1383 1541 statutum
1411 1504 1609 1549 Civitatis,
1660 1506 1717 1540 vel
1762 1517 1872 1553 poena

1112 1556 1308 1598 Officialis,
1350 1569 1437 1603 quae
1465 1566 1561 1591 vetat
1589 1555 1803 1591 inhonestam
1833 1553 1871 1591 &

1112 1619 1290 1642 enormem
1318 1605 1525 1641 decisionem
1554 1619 1746 1654 pannorum
1780 1606 1872 1641 circa

1113 1658 1266 1692 collum.
1304 1657 1400 1691 Sicut
1438 1657 1627 1704 aliquando
1670 1655 1799 1691 sagium
1828 1654 1873 1691 est

1114 1707 1314 1743 Florentiae
1357 1717 1497 1753 propter
1542 1706 1619 1742 istas
1662 1706 1872 1754 Barbagien—

1114 1757 1182 1792 ses.
1219 1760 1265 1791 Et
1294 1757 1370 1791 heic
1399 1768 1505 1800 nota,
1552 1757 1644 1804 quod
1675 1758 1780 1791 Poeta
1809 1769 1872 1791 no·

1113 1807 1175 1841 ster
1203 1806 1421 1841 meritissime
1442 1807 1527 1842 facit
1549 1806 1765 1842 inveffivam
1789 1820 1873 1841 con-

1115 1867 1166 1891 tra
1208 1856 1304 1891 istas.
1352 1858 1444 1891 Nam
1492 1857 1581 1891 nulli
1629 1856 1796 1892 Artifices
1835 1857 1873 1891 in

1115 1906 1245 1941 mundo
1273 1906 1400 1940 habent
1429 1916 1499 1941 tam
1530 1906 1625 1941 varia
1652 1919 1802 1952 organa,
1837 1907 1872 1941 ὃ(

1115 1955 1248 1991 diversa
1277 1956 1501 1991 instrumenta
1521 1984 1530 1997 ,
1574 1955 1610 1991 &
1649 1955 1791 1991 subtilia
1821 1970 1874 1991 ar-

1116 2017 1280 2056 gumenta
1308 2020 1369 2054 pro
1397 2006 1567 2042 exercitio
1596 2006 1672 2042 suae
1700 2007 1805 2048 artis,
1833 2005 1874 2042 fi-

1117 2066 1176 2093 cut
1203 2056 1366 2092 mulieres
1409 2057 1633 2093 Florentinae
1675 2071 1735 2105 pro
1776 2059 1875 2094 cultu

1118 2107 1193 2143 suae
1223 2107 1407 2154 personae.
1448 2109 1528 2142 Non
1567 2109 1660 2143 enim
1690 2118 1875 2143 contentae

1118 2157 1268 2193 naturali
1298 2158 1559 2205 pulcritudine,
1588 2158 1719 2205 semper
1747 2172 1877 2194 conan-

1118 2218 1174 2243 tur
1210 2208 1354 2246 addere.
1393 2210 1424 2244 8<
1466 2220 1586 2244 contra
1627 2222 1746 2244 omnes
1783 2208 1877 2244 defe-

1118 2259 1192 2294 &us
1221 2259 1419 2294 incredibili
1451 2269 1522 2295 arte
1551 2259 1717 2308 sagaciter
1754 2259 1785 2294 se
1823 2273 1877 2295 ar·-

1120 2319 1236 2344 mant.
1261 2311 1351 2344 Nam
1376 2310 1584 2357 pai-vitatem
1607 2309 1775 2357 adjuvant
1795 2323 1877 2345 cum

1120 2361 1259 2407 planula
1288 2361 1379 2394 alta.
1424 2363 1573 2396 Carnem
1622 2361 1755 2409 nigram
1784 2360 1878 2395 deal—

1121 2412 1227 2446 bant.
1255 2411 1394 2445 Faciem
1425 2411 1589 2457 pallidam
1619 2411 1753 2447 faciunt
1781 2410 1877 2446 rubi-

1119 2461 1266 2497 cundam
1287 2488 1296 2497 .
1352 2463 1512 2509 Capillos
1560 2461 1694 2497 faciunt
1741 2460 1877 2497 flavos.

1120 2513 1251 2547 Dentes
1296 2512 1482 2548 eburneos.
1530 2512 1712 2548 Mamillas
1755 2513 1874 2548 breves

1118 2563 1153 2598 δ(
1179 2561 1299 2599 duras.
1325 2564 1373 2600 Et
1401 2573 1438 2600 ut
1460 2563 1611 2600 breviter
1630 2562 1744 2599 dicam
1761 2591 1771 2607 ,
1796 2575 1877 2619 pm-

1768 2624 1828 2647 nia
