2216 3105
1712 202 1746 228 2-
1768 203 1793 239 9

230 250 312 300 rio,
351 247 584 306 provinciam
625 246 719 288 bane
759 245 1028 302 aggrediatur,
1066 261 1178 302 quam
1220 247 1256 287 ei
1294 246 1451 287 liberam
1493 246 1620 286 lubens
1660 205 1855 300 reliriquo.

233 308 340 350 Mihi
374 307 542 362 placuit,
581 321 624 346 ea
654 305 907 346 tantummodo
940 304 1129 361 seligere,
1168 320 1263 359 quae
1300 306 1348 346 ad
1388 320 1528 355 mores,
1566 304 1613 344 ad
1652 305 1772 355 ritus,
1810 304 1858 345 ad

232 365 436 417 Historiam
468 365 592 405 ‚Seculi
628 363 850 421 praesertim
882 366 1030 405 Decimi
1071 365 1179 405 tertii
1216 362 1267 404 <5²
1295 363 1556 418 subsequentis
1588 364 1781 419 pertinent
1819 378 1860 402 a-

228 423 307 481 pud
338 427 651 477 Benevenutum,
691 421 741 463 (Τ
774 439 816 463 ea
846 424 1041 464 Leaorum
1077 423 1189 463 oculis
1229 424 1335 463 unico
1366 423 1491 464 veluti
1532 421 1663 462 obtutu
1702 420 1861 475 confide-

235 482 349 522 randa
390 482 583 534 exhibere,
623 493 749 538 utpote
780 498 874 537 quae
904 482 1180 522 obleflationem
1218 494 1348 538 parere
1387 478 1488 537 poffe
1528 480 1736 536 legentibus
1767 479 1863 520 mihi

235 541 457 594 creduntur,
495 540 547 581 <3⁸
577 555 674 581 certe
704 539 790 596 usui
820 557 892 582 non
929 542 1101 582 mediocri
1137 538 1211 597 effe
1248 538 1401 597 poffunt
1431 541 1656 581 amatoribus
1697 538 1865 579 barbari-

236 616 295 640 cae
327 600 588 641 Eruditionis.
627 600 752 641 Simul
782 614 905 641 autem
944 616 987 640 ex
1018 600 1082 640 hoc
1115 599 1323 657 specimine
1361 600 1486 657 palam
1519 599 1619 656 fiet,
1650 598 1743 654 quid
1776 596 1867 651 sen-

235 658 405 699 tiendum
429 658 485 713 fit
507 660 560 699 *de
591 659 852 700 recentioribus
884 659 1024 699 Dantis
1056 660 1353 716 Interpretibus,
1384 660 1452 715 qui
1482 672 1547 700 aut
1579 658 1600 698 ὲ·
1626 658 1760 715 pennis
1790 659 1866 698 Be-

238 718 447 768 nevenuti,
487 717 716 774 diffimulato
756 719 835 765 eius
875 719 1046 768 nomine,
1080 717 1157 772 fibi
1196 719 1343 759 laudem
1383 718 1643 774 quaesierunt,
1683 730 1750 757 aut
1790 717 1869 766 ejus

239 776 321 817 luce
352 775 547 830 destituti,
568 775 792 831 sumserunt
824 776 1083 829 illustrandam
1114 779 1257 833 egregii
1287 781 1425 818 Poetae
1455 777 1714 818 comoediam.
1749 775 1870 815 Deni-

243 850 314 890 que
344 833 448 889 satis
488 835 576 877 haec
614 848 747 887 erunt,
788 848 830 876 ut
871 835 1087 891 intelligas,
1127 852 1242 891 quare
1280 837 1451 878 Leander
1491 837 1673 877 Albertus
1713 834 1871 875 Ordinis

242 893 572 947 Praedicatorum‚
614 895 654 934 in
685 894 822 935 ltaliae
853 893 1124 949 descriptione,
1158 896 1222 935 ubi
1253 896 1298 936 de
1330 897 1445 937 Imola
1476 895 1592 937 verba
1613 892 1741 949 facit,
1772 894 1874 933 inter

245 952 406 1002 illustres
438 953 543 994 illius
574 954 685 993 Urbis
717 953 923 1008 Scriptores
953 953 1155 1009 appellarit
1185 955 1418 995 Benvenuto
1449 954 1669 1009 digniffimo
1702 950 1874 993 Filosofo

247 1023 269 1051 e
304 1013 447 1061 Poeta,
486 1011 516 1052 il
555 1011 669 1066 quale
711 1010 844 1051 chime>
883 1010 920 1053 le
952 1012 1144 1055 Comedie
1183 1013 1223 1056 di
1264 1016 1420 1068 Dante,
1459 1027 1535 1056 ove
1573 1011 1756 1054 dimostra
1796 1024 1874 1052 non

248 1081 365 1110 meno
396 1067 566 1124 ingegno
597 1070 668 1111 che
699 1068 898 1112 dottrina.

1622 2534 1836 2577 EXCER⁴
