2216 3105
292 251 378 293 733

579 233 881 276 COMMENT.
913 233 977 276 IN
1006 230 1233 277 DANTIS
1260 230 1502 276 COMOED.

1719 248 1805 288 734

227 290 371 343 ipsum'
361 307 398 330 in
421 291 623 341 Baptismo‚
651 292 865 332 somniavit,
892 293 986 340 quod
1030 296 1058 329 A
1102 289 1193 326 Heic
1222 291 1467 327 Bonaventura
1495 291 1661 329 describit
1694 290 1862 326 Dommi-

231 345 446 381 Dominicus
477 343 548 392 ipse
585 344 733 379 habebat
770 345 913 379 Stellam
952 344 988 378 in

233 394 349 431 fronte
388 394 636 443 praefulgidam
656 422 664 436 ,
693 408 780 440 quae
808 395 990 429 illumina-

235 447 294 482 bat
322 456 437 481 rorum
466 447 662 480 Mundum.
694 444 794 479 Dicit
822 457 927 492 ergo:

285 500 336 531 La
360 499 493 535 Donna,
509 496 560 530 che
574 507 631 539 per
649 496 696 529 lui
716 493 863 540 l’affenso
882 495 991 534 mede,

236 545 319 582 idest
336 571 346 586 ‚
382 546 575 589 Matrona,
611 559 699 594 quae
726 546 836 593 ipsum
866 545 907 579 de
934 547 993 579 Sa—

238 608 298 633 cro
336 599 447 632 Fonte
488 596 655 635 levavit,
699 609 786 644 quae
828 594 993 631 consensit

238 661 301 695 pro
329 660 369 682 eo
387 672 396 685 ,
435 647 573 694 quando
602 648 764 682 Sacerdos
801 645 995 692 interroga-

237 699 316 733 bat:
349 698 405 732 Vis
432 698 626 743 baptizari?
652 699 685 732 δε
714 696 786 746 ipsa
812 696 996 745 responde-

238 749 297 782 bat
327 761 387 795 pro
415 761 479 782 eo:
513 749 586 781 Volo
601 761 616 781 .·

293 800 370 832 Vide
397 799 448 831 nel
475 798 566 837 sonno
593 799 618 831 il
644 798 787 833 mlrabile
807 797 911 841 frutto

239 847 441 890 doeirinae,
467 847 621 887 scilicet,
648 849 680 883 8<
704 846 994 896 praedicationis:

291 898 350 932 Ch'
367 899 446 942 uscir
471 901 572 933 devea
598 901 632 932 dt
669 900 717 933 lui
744 913 758 933 e
784 901 822 932 de
849 897 872 931 t‘
888 906 997 932 erede.

240 948 352 992 1dest,
389 948 429 984 de
459 950 636 984 Fratribus
676 947 997 991 praedicatoribus,

241 999 335 1034 inter
376 1012 462 1046 quos
508 999 649 1035 fuerunt
694 1001 826 1036 multae
869 999 998 1034 Stellae

242 1048 396 1097 fulgidae
423 1051 578 1085 lucentes
599 1049 635 1084 in
657 1049 815 1086 Mundo.
844 1051 891 1084 Et
911 1061 998 1096 quae

242 1100 369 1134 Stellae
394 1110 597 1147 receperunt
623 1102 742 1136 lumen
767 1115 785 1136 a
810 1101 889 1135 Sole
917 1099 998 1137 suo,

243 1149 379 1185 seilicet
415 1164 432 1185 a
473 1150 665 1186 Dominico
702 1151 777 1199 ipso
803 1179 812 1187 .
849 1152 895 1185 Et
933 1149 999 1183 hoc

242 1200 335 1235 vidit
365 1201 435 1243 post
462 1201 702 1248 Baptismurn.
732 1200 834 1236 Unde
861 1199 971 1235 dicit:

292 1251 406 1285 Poiche}
431 1252 460 1285 le
482 1253 673 1297 sponsaliqie
699 1273 715 1278 -
742 1273 758 1279 —
785 1273 800 1279 -
827 1272 843 1278 -

242 1300 347 1344 idest,
377 1301 581 1348 promiffio,
618 1316 704 1349 quae
732 1302 773 1337 fit
813 1301 850 1337 in
879 1299 1000 1348 Bapti-

241 1351 337 1390 smo,
366 1365 468 1399 quam
498 1352 584 1388 facit
611 1353 673 1387 ille
691 1381 699 1396 ,
728 1353 787 1400 qui
816 1353 935 1393 levat,
963 1351 999 1386 in

240 1402 384 1450 persona
415 1403 585 1446 baptizati
602 1429 611 1439 .
639 1405 686 1439 Et
713 1403 875 1439 Sacerdos
904 1410 1002 1437 tenet

240 1454 357 1488 locum
388 1453 508 1488 Fidei:

291 1523 306 1529 -
333 1522 349 1527 -
376 1522 391 1528 ·-
419 1524 435 1529 -
457 1503 512 1544 sur
538 1503 687 1549 compiute

290 1552 344 1587 Al
365 1551 451 1595 sacro
483 1555 584 1586 Fonte
610 1573 796 1579 -----

241 1601 398 1641 scilicet,
449 1601 649 1650 Baptismi;
701 1602 737 1638 in
789 1615 861 1649 quo
900 1600 1001 1636 datur

241 1652 354 1700 gratia
384 1653 532 1700 Spiritus
560 1653 700 1696 Sanai,
729 1651 767 1689 ὃ(
789 1652 890 1701 copia
917 1652 1000 1687 Vir-

241 1711 379 1737 tutum.

293 1773 309 1779 -
335 1772 352 1778 ·-
377 1772 393 1780 -
421 1774 437 1779 -
464 1753 551 1786 intra
577 1752 644 1786 Lm'
668 1766 684 1786 e
709 1752 743 1786 la
770 1755 876 1795 Fede,

242 1802 280 1838 i'n
307 1815 378 1849 quo
406 1802 586 1850 Baptismo
613 1802 684 1848 ipse
711 1803 744 1837 &
774 1801 875 1837 Fides

296 1853 335 1888 U'
356 1852 388 1894 st
413 1858 504 1888 dotar
528 1854 565 1887 di
592 1864 700 1887 mutua
720 1852 826 1897 salute
839 1865 860 1893 ;
1030 1853 1033 1896 Ι

243 1903 327 1939 hinc
355 1903 457 1947 inde,
486 1904 567 1952 quia
598 1903 697 1938 Fides
725 1902 810 1938 fecit
836 1898 1002 1936 Domini·
1030 1897 1033 1935 l

245 1967 323 1989 cum
353 1953 509 1998 salvum,
537 1955 570 1989 δε
592 1954 663 2001 ipse
684 1953 835 1989 salvavit
857 1951 1002 1995 Fidem,

245 2004 459 2040 defendendo
497 2018 572 2040 eam
611 2014 732 2039 contra
773 2001 1002 2045 Haereticos‚

245 2054 283 2089 ὅ(
312 2055 570 2091 confirmando.
599 2056 646 2089 Ec
673 2054 751 2089 heic
775 2063 882 2095 nota,
909 2053 1003 2099 quod
1032 2055 1034 2094 ᾗ

244 2105 283 2141 in
302 2105 480 2153 Baptil'mo
497 2104 717 2140 contrahitur
738 2116 902 2152 magnum
924 2102 1003 2137 vin—

246 2156 364 2191 culum
407 2156 500 2190 inter
541 2156 718 2190 levantem
759 2155 792 2188 &
822 2155 1003 2195 levatum,

245 2205 327 2252 quia
366 2205 424 2240 iste
461 2205 614 2241 efficitur
655 2213 773 2251 pater,
812 2202 935 2239 &ille
963 2201 1034 2237 fv*

245 2256 338 2304 liu53
384 2255 420 2291 ἃ.
459 2264 597 2291 tenetur
639 2254 759 2290 docere
796 2253 908 2300 ipsum
946 2253 1005 2287 Fi—

247 2307 324 2342 dem
355 2304 391 2341 ἃ
423 2320 533 2341 mores
565 2304 756 2353 Ecclefiae;
800 2317 861 2339 nec
898 2302 1006 2351 potest

248 2357 452 2392 contrahere
480 2356 590 2392 seeum
633 2355 862 2390 affinitatem:
905 2353 1006 2388 Unde

246 2408 367 2443 levans
406 2420 476 2442 non
518 2406 627 2455 potest
662 2406 817 2452 accipere
852 2405 889 2440 in
918 2419 963 2440 u:
955 2417 1005 2438 o

246 2471 318 2493 rem
365 2458 489 2500 illam,
535 2470 639 2505 quam
686 2458 728 2491 de
755 2458 858 2491 Sacro
895 2458 1035 2490 Fonte*

245 2507 408 2551 levavit,
439 2521 500 2543 nec
529 2511 663 2543 tradere
690 2519 764 2542 eam
793 2505 870 2541 filio
897 2504 981 2540 luo

299 2561 333 2594 ,Ε
354 2559 464 2607 perche
485 2557 561 2605 suffe
585 2577 815 2585 ------

1027 1196 1118 1234 1C‘

1041 1655 1073 1688 D

1043 2101 1071 2134 E

1101 354 1179 376 curn
1208 354 1226 376 a
1253 341 1399 377 nornine
1427 343 1591 390 proprio,
1628 345 1663 379 &
1705 340 1861 377 nominis

1101 392 1421 439 interpretatione,
1449 392 1588 427 dicens:

1151 443 1273 489 ,Qumci
1290 442 1324 483 st
1350 441 1436 487 moffe
1462 443 1573 489 spirito
1598 463 1614 469 —
1642 465 1659 470 -
1685 465 1701 471 -
1730 466 1746 471 -

1101 491 1237 528 scilicet
1254 519 1263 536 ,
1304 493 1401 528 illius
1429 492 1618 529 Matronae
1645 492 1860 542 praedif'tae:

1151 563 1168 569 -
1195 564 1212 569 -
1237 564 1254 569 -
1280 564 1297 570 -
1323 559 1343 578 a
1370 545 1526 583 nomarlo,

1103 592 1206 633 idest,
1247 607 1290 629 ex
1327 594 1388 629 isto
1432 593 1569 630 somnio
1606 594 1647 630 ad
1676 595 1862 631 nominan—

1105 643 1186 679 dum
1215 643 1353 692 ipsum:

1156 695 1219 728 Del
1243 694 1427 742 pvfftffiw,
1455 717 1471 722 -
1497 717 1513 722 -
1540 717 1557 722 -
1584 718 1602 724 -

1107 743 1268 789 scilicet,
1296 747 1394 781 illius
1424 746 1593 782 Domini:

1158 815 1174 820 —
1200 816 1216 821 -
1242 816 1258 822 -
1285 817 1300 821 -
1326 798 1362 830 di
1388 797 1436 830 cui
1462 810 1515 831 era
1541 807 1648 839 tutto,

1109 847 1201 880 Nam
1233 846 1466 886 Dominicus,
1496 848 1708 891 Dominica,
1737 847 1864 883 Domi—

1108 895 1248 935 nicum,
1284 898 1330 931 est
1358 911 1484 933 nomen
1523 897 1739 946 poffeffivum
1769 897 1864 934 istius

1108 947 1262 981 nominis
1304 949 1486 984 Dominus.
1531 948 1656 984 Diffius
1697 947 1743 983 est
1783 962 1865 996 ergo

1110 997 1346 1041 Dominicus,
1393 997 1483 1045 quali
1529 998 1643 1034 servus
1693 998 1866 1041 Domini,

1107 1048 1140 1081 δε
1169 1047 1351 1095 deputatus
1380 1050 1420 1084 ad
1463 1048 1650 1084 custodiam
1680 1048 1865 1085 Dominici

1107 1098 1240 1145 gregis.
1268 1100 1315 1132 Et
1341 1099 1420 1134 ideo
1448 1099 1557 1134 dicit:

1159 1150 1190 1182 E
1213 1149 1322 1195 perche
1342 1148 1437 1194 foffe,
1465 1149 1614 1196 qual’era
1642 1151 1675 1184 in
1702 1150 1865 1192 costr-mro,

1108 1197 1213 1241 idest,
1254 1199 1291 1234 in
1327 1200 1468 1246 loquela
1506 1201 1560 1236 vel
1590 1200 1733 1236 nornine
1762 1202 1865 1242 talis,

1108 1248 1247 1296 supple,
1290 1249 1376 1296 qual'
1394 1264 1472 1294 era,
1514 1250 1650 1286 scilicet
1689 1251 1726 1287 in
1766 1265 1800 1286 re
1828 1250 1865 1287 ὅ(

1108 1297 1220 1334 farlo.
1265 1301 1312 1334 Et
1358 1299 1474 1337 subdit
1519 1314 1694 1350 exponens
1732 1301 1865 1338 dielum

1108 1348 1206 1385 suum
1224 1362 1232 1384 z

1159 1400 1323 1434 Domenico
1345 1402 1384 1446 fu
1403 1403 1508 1442 detto,
1535 1422 1764 1430 ------

1108 1449 1198 1486 dicit
1225 1452 1408 1487 Bonavent
1413 1466 1495 1488 ura:

1159 1520 1174 1527 -
1200 1522 1217 1527 —
1242 1522 1258 1527 -
1285 1522 1300 1528 -
1328 1512 1373 1539 (J
1402 1504 1431 1536 io
1457 1517 1495 1537 ne
1523 1505 1615 1550 parlo

1158 1552 1195 1585 51
1222 1565 1300 1585 corae
1325 1555 1363 1585 de
1390 1552 1412 1585 l’
1428 1554 1585 1600 agricola,
1613 1575 1630 1581 -
1654 1575 1671 1581 -
1698 1575 1713 1581 -
1741 1575 1758 1581 —

1109 1600 1213 1640 idest,
1243 1602 1334 1636 bono
1362 1604 1510 1638 colono:

1160 1672 1176 1677 —
1203 1672 1218 1677 -
1246 1673 1261 1677 -
1288 1672 1303 1678 —
1331 1654 1380 1686 che
1413 1654 1514 1696 Crista

1161 1700 1263 1747 Eleffe
1289 1718 1309 1737 a
1334 1702 1358 1736 l’
1375 1715 1439 1738 orto
1460 1705 1538 1749 suo,

1112 1750 1248 1787 scilicet
1275 1753 1444 1789 Ecclesiae
1472 1754 1627 1798 Christi,
1655 1769 1743 1803 quae
1769 1758 1869 1792 velut

1114 1803 1249 1836 Hortus
1279 1802 1394 1838 virens
1424 1806 1584 1843 producit
1612 1806 1762 1840 diverlas
1792 1807 1875 1841 her·

1115 1852 1199 1894 bas,
1229 1852 1385 1898 plantas,
1423 1852 1459 1888 ὃ(
1489 1855 1625 1890 arbores
1653 1855 1868 1891 diversorum

1115 1878 1309 1945 seminum,
1339 1901 1486 1942 florum,
1514 1903 1551 1939 ἃ
1580 1904 1782 1941 fruffiuum:

1165 1970 1180 1976 —
1207 1971 1223 1976 -
1249 1971 1265 1976 —
1292 1972 1307 1976 -
1332 1963 1387 1998 per
1412 1953 1480 1997 ajze
1471 1962 1570 1989 arlo.

1114 2000 1196 2048 quia
1223 2001 1360 2049 indiget
1380 2003 1578 2050 adjutorio,
1606 2014 1644 2041 ut
1670 2005 1803 2042 dmum
1828 2007 1872 2042 est

1114 2052 1151 2086 in
1181 2052 1355 2099 principio
1383 2052 1567 2099 Capituli.

1165 2105 1234 2136 Ren
1259 2112 1359 2148 parve
1385 2103 1497 2148 melsa,
1525 2126 1541 2132 -
1568 2127 1583 2132 -
1610 2128 1627 2133 -
1654 2128 1669 2133 -

1115 2152 1207 2188 Heic
1236 2151 1480 2190 Bonaventura
1517 2155 1646 2205 incipit
1682 2157 1872 2194 describere

1117 2204 1239 2238 Vitam
1269 2203 1473 2240 Dominici.
1512 2208 1557 2241 Et
1586 2207 1700 2254 primo
1727 2208 1875 2244 ostendit

1118 2267 1176 2301 per
1203 2253 1386 2297 effecium,
1415 2256 1507 2303 quod
1536 2256 1606 2292 fuit
1631 2258 1734 2302 talis,
1762 2258 1876 2306 qualis

1117 2303 1305 2351 descriptus
1333 2305 1398 2348 est,
1427 2306 1566 2342 dicens:

1168 2355 1232 2388 Che
1242 2353 1267 2387 ’l
1290 2356 1392 2399 primo
1417 2370 1522 2397 amor,
1550 2358 1629 2393 che'
1632 2373 1652 2393 n
1679 2359 1781 2404 luisu
1806 2373 1875 2394 ma-

1219 2405 1346 2449 nifesto.

1117 2453 1210 2502 quafi
1238 2455 1352 2491 dicat.
1393 2457 1524 2502 primus
1552 2472 1675 2503 amor,
1704 2473 1807 2506 quem
1837 2474 1876 2496 0-

1117 2505 1278 2541 stendit
1268 2519 1305 2541 m
1342 2507 1391 2542 in
1383 2507 1490 2544 santia
1519 2509 1560 2544 ad
1587 2509 1742 2556 aliquam
1777 2524 1870 2546 rem:

1169 2558 1220 2590 fu
1246 2557 1280 2590 al
1297 2558 1398 2600 primo
1417 2559 1581 2606 consiglio,
1608 2561 1658 2594 che
1682 2562 1734 2595 die
1753 2561 1872 2602 Crista.

1235 2609 1270 2642 A
1298 2619 1316 2642 a
1344 2620 1362 2643 a
1415 2620 1436 2645 2
1742 2610 1825 2657 quia
