2216 3105
402 236 460 274 72

349 277 435 314 :idest
447 235 649 316 ‚3v01untas
665 289 672 311 :

402 351 416 356 -
527 349 541 353 -
569 326 602 362 d'
619 327 677 369 esto
701 327 990 368 Archimandrita‚

346 377 457 422 idest,
493 377 588 414 istius
626 377 771 413 Pastoris
809 376 1007 412 francisci.
1038 377 1105 410 Ar-

349 428 586 464 chimandrita
614 428 708 464 enim
737 427 868 462 dicitur
895 427 936 461 ab
953 426 1105 464 Archon,

346 479 441 527 quod
471 479 514 514 est
544 478 730 527 Princep3‚
757 479 790 512 &
819 479 984 520 Mandra,
1013 475 1104 523 quod

349 530 395 565 est
421 543 526 578 grex:
557 529 648 564 unde
676 528 987 566 Archimandrita‚
1024 526 1106 561 idest

348 581 510 629 princeps
537 579 671 628 gregis,
708 578 821 624 qualis
858 577 926 612 fuit
964 577 1106 611 franci-

349 630 457 675 scus,
497 642 602 678 quem
644 628 807 676 sequutus
846 626 892 662 est
932 626 1106 663 maximus

347 695 453 731 grex:

400 732 450 767 Di
470 731 604 775 secunda
629 741 737 764 corona
760 728 907 763 redimita

399 784 452 816 Fu
479 800 791 807 --------

350 831 434 868 idest
460 859 470 875 ‚
514 839 681 866 exornata
721 827 990 864 confirmatione
1016 854 1025 869 ‚
1064 827 1107 862 de

350 896 418 929 qua
459 881 581 917 habuit
622 880 807 916 secundum
846 878 1105 926 Privilegium‚

349 934 435 968 ficut
476 931 643 968 habuerat
682 930 838 980 primum
878 942 942 978 pro
983 929 1107 964 funda-

350 995 468 1020 tione:

401 1054 588 1061 -----
612 1044 666 1080 per
692 1032 805 1066 Onort'o
830 1053 846 1058 -
872 1053 889 1058 -
915 1052 932 1058 -
959 1052 974 1057 -
1000 1052 1017 1057 -

350 1084 412 1132 qui
440 1083 510 1120 fuit
538 1085 630 1132 Papa
658 1086 862 1125 Romanus,
899 1081 960 1128 qui
988 1080 1106 1116 indul-

351 1135 391 1170 fit
417 1134 621 1170 Minoribus
648 1133 827 1168 Fratribus
850 1130 1106 1175 privilegium,

351 1186 442 1234 quod
473 1185 604 1233 possent
630 1183 722 1219 sacra
750 1182 962 1220 ministrare,
990 1180 1028 1216 ὃς
1054 1181 1107 1215 di-

350 1237 502 1285 gnitates
536 1234 733 1283 spirituales
771 1233 921 1269 habere.
956 1233 1005 1267 Et
1041 1232 1107 1267 hoc

351 1289 430 1323 dico
459 1285 547 1321 fuit:

403 1338 514 1372 poich&
542 1337 576 1371 la
598 1346 692 1383 gente
717 1335 878 1382 poverella
904 1335 1006 1369 crebbe

402 1389 512 1424 Dietro
538 1402 558 1422 a
584 1387 709 1429 costui;
735 1406 921 1412 -----

350 1439 487 1475 Habuit
507 1437 600 1473 enim
623 1436 823 1472 franciscus
839 1434 1021 1471 duodecim
1039 1433 1106 1469 Di-

350 1491 499 1538 scipulos
527 1488 569 1524 ad
605 1487 846 1523 imitationem
881 1485 958 1529 Jesu
995 1484 1105 1520 Chri-

349 1541 415 1584 sti‚·
448 1540 509 1587 qui
534 1552 656 1574 omnes
693 1537 832 1573 fuerunt
869 1534 980 1570 unffi
1010 1535 1105 1577 viri,

349 1601 483 1639 praeter
517 1602 646 1630 unum,
675 1587 735 1633 qui
766 1585 885 1622 exivit
912 1584 1105 1627 Ordinem,

347 1643 380 1676 δ(
411 1640 519 1674 ἷεὲὶυς
547 1639 590 1673 est
618 1637 770 1685 leprosus
787 1663 796 1680 ‚
831 1634 871 1671 δί
907 1636 940 1670 se
966 1634 1104 1683 suspen—

348 1691 421 1727 dit.
448 1693 494 1725 Et
522 1689 635 1724 dicit:

483 1762 497 1766 -
523 1761 539 1765 -
567 1740 600 1774 Ia
627 1738 675 1772 cui
702 1737 828 1771 mt'rabt'l
852 1736 926 1771 vita

397 1791 522 1837 Meglt'o
548 1790 581 1823 in
612 1788 717 1835 gloria
748 1788 804 1821 del
838 1787 911 1820 ciel
939 1785 972 1827 si
998 1794 1103 1819 cante-

448 1843 535 1874 rebbe

346 1890 460 1934 idest,
504 1887 672 1925 cantanda
714 1896 787 1922 erat
827 1887 861 1921 &
899 1884 1101 1921 celebranda

346 1955 405 1991 per
432 1941 562 1976 Orbem
589 1939 627 1974 in
655 1939 802 1987 gloriam
834 1937 928 1979 Dei,
956 1936 1017 1982 qui
1046 1935 1104 1970 de—

347 1993 399 2028 dit
428 1992 487 2027 fibi
516 2001 650 2026 tantam
679 1988 851 2036 gratiam,
878 1996 919 2022 ut
947 1996 1103 2021 cantare-

347 2053 402 2079 tur
427 2044 459 2078 &
482 2041 712 2077 celebraretur
739 2039 772 2072 in
795 2038 901 2084 gloria
926 2037 979 2071 del
1005 2037 1075 2070 Ciel
1091 2048 1099 2070 :
1118 2054 1120 2056 ·

347 2094 428 2142 quia
457 2094 528 2141 ejus
559 2091 634 2127 vita
661 2089 841 2137 plusquam
871 2087 1021 2123 humana
1047 2100 1102 2121 ce-

347 2145 441 2179 deret
471 2143 510 2177 ad
547 2141 698 2190 gloriam
734 2138 868 2188 gratiae
892 2137 1037 2173 divinae
1062 2135 1104 2172 ὅ(

348 2193 527 2230 infusionis
558 2190 733 2227 coelestis.

398 2247 428 2278 E
454 2244 505 2287 poi
533 2244 584 2277 che
609 2260 839 2268 ------

351 2295 439 2330 Heic
475 2293 632 2329 Thomas
669 2290 849 2339 descriptis
884 2288 1037 2338 publicis
1063 2303 1104 2325 o-

350 2344 485 2393 peribus
513 2341 711 2384 Francisci,
740 2354 834 2375 ‘nunc
861 2340 1017 2375 intendit
1044 2340 1103 2374 de-

352 2395 495 2430 scribere
522 2395 593 2441 ejus
621 2393 794 2438 privatam
823 2390 958 2433 vitam,
996 2402 1099 2437 quarn

349 2444 452 2480 duxit
481 2457 537 2490 per
565 2443 715 2478 saneiam
746 2439 1028 2489 poenitentiam,
1065 2437 1102 2474 ἃ

349 2508 407 2541 per
433 2492 670 2528 tentationum
701 2491 815 2526 viam.
852 2490 910 2525 Ad
938 2490 1030 2537 quod
1060 2489 1104 2524 est

349 2544 500 2581 breviter
528 2542 809 2592 praesciendum,
844 2540 938 2589 quod
975 2542 1104 2577 Beatus

717 211 1151 281 ssENVENUTJ
1196 210 1605 254 IMOLENSIS

1862 231 1880 257 2

1141 272 1173 307 A
1216 270 1440 310 Franciscus,
1470 271 1625 318 profefilo
1653 269 1691 306 &
1718 232 1874 307 stabili7to
1886 230 1968 308 4οΓ-

1215 320 1294 356 dine
1335 321 1394 357 sub
1437 322 1704 357 confirmatione
1745 321 1892 365 habita,
1926 322 1967 368 νδὲ

1216 371 1296 406 data
1323 373 1453 420 Reguli
1490 372 1624 415 sanfiia,
1665 371 1825 407 transivit
1853 386 1968 411 mare,

1215 423 1247 457 δ(
1278 423 1489 470 praedicavit
1517 424 1638 458 Fidem
1668 422 1864 459 saracenis.
1903 424 1967 458 Sed

1217 472 1306 508 nihil
1345 473 1526 521 proficiens
1563 473 1642 518 ibi,
1680 473 1787 508 rediit
1822 475 1857 509 in
1896 474 1968 509 Ita-

1215 523 1322 562 liam,
1359 525 1419 559 ubi
1456 525 1631 570 optimum
1670 523 1820 559 sruss’tum
1860 523 1969 559 fecit.

1216 573 1333 620 Elegit
1352 575 1447 609 enirn
1476 574 1536 608 fibi
1563 576 1602 609 ad
1633 574 1969 621 contemplationem

1217 623 1366 658 sanffiam
1405 625 1520 658 locum
1560 623 1754 659 solitarium
1792 626 1825 660 δε
1862 625 1970 660 devo-

1217 683 1289 709 tum
1320 674 1356 710 in
1384 675 1486 712 loco,
1524 673 1585 719 qui
1622 673 1753 708 dicitur
1778 677 1813 709 la
1840 678 1968 713 Verna,

1145 730 1172 763 Β
1216 724 1252 758 in
1279 733 1420 766 monte,
1447 722 1509 769 qui
1538 722 1671 758 dividit
1700 724 1970 760 Romandiolam

1217 787 1234 808 a
1271 772 1423 817 Tuscia,
1461 773 1554 808 inter
1590 772 1777 808 Caesenam
1814 772 1853 808 δί
1882 775 1970 810 Are-

1217 823 1331 858 tium.
1361 825 1394 858 A
1423 836 1493 871 quo
1521 833 1641 858 monte
1668 823 1736 858 duo
1765 822 1911 859 flumina
1930 837 1971 859 0w

1217 874 1380 912 duntur,
1409 873 1544 909 scilicet
1571 875 1682 909 Tiber
1707 875 1742 908 8<
1769 876 1911 918 Arnus,
1940 874 1971 910 i-

1219 924 1323 972 bique
1351 924 1482 959 dicitur
1508 924 1669 972 recepisse
1696 923 1867 971 Stigmata
1893 925 1972 968 Jesu

1217 974 1375 1010 Christi.
1415 977 1519 1010 Nunc
1556 975 1598 1010 ad
1634 975 1796 1010 literam.
1838 977 1972 1010 ordina

1217 1023 1254 1060 ὃ(
1283 1025 1436 1060 construe
1464 1025 1528 1060 sic:
1558 1027 1605 1059 Et
1631 1025 1694 1060 ille
1722 1025 1922 1061 Franciscus

1270 1079 1322 1110 Da
1347 1077 1448 1118 Cristo
1471 1076 1557 1120 prese
1582 1075 1606 1109 l’
1622 1076 1731 1110 ultimo
1750 1076 1859 1122 sigillo
1869 1091 1889 1119 ‚-

1215 1125 1321 1169 idest,
1350 1126 1621 1169 contemplando
1643 1126 1719 1168 ibi,
1747 1127 1878 1173 recepit
1900 1127 1973 1174 pla-

1142 1181 1193 1218 Εἰ
1215 1190 1273 1225 gas
1300 1176 1449 1212 Christi.
1479 1179 1525 1211 Et
1552 1186 1714 1211 notanter
1741 1176 1828 1211 dicit
1854 1176 1878 1209 l'
1893 1177 1972 1211 ulti-

1216 1240 1285 1271 mo,
1313 1228 1396 1274 quia
1424 1227 1576 1275 primum
1604 1226 1754 1275 sigillum
1778 1227 1908 1275 recepit
1930 1229 1972 1262 ab

1218 1278 1428 1313 Innocentio
1446 1302 1457 1317 ‚
1494 1278 1679 1313 secundum
1708 1279 1750 1312 ab
1778 1277 1943 1313 Honorio
1961 1305 1972 1322 ‚

1217 1338 1254 1363 ut
1286 1328 1524 1372 praedicitur,
1561 1328 1707 1364 tertium
1732 1327 1773 1364 ὃ(
1802 1328 1971 1364 ultimum

1217 1392 1234 1413 a
1261 1379 1337 1422 Jesu
1365 1379 1528 1415 Christo:

1266 1433 1331 1464 Che
1365 1431 1396 1463 le
1430 1430 1487 1474 sue
1520 1431 1658 1464 membra
1690 1430 1754 1464 due
1788 1429 1869 1464 anni
1900 1440 1974 1476 por-

1315 1490 1430 1514 tarno.

1215 1528 1250 1564 in
1279 1529 1380 1567 loco,
1408 1527 1469 1576 qui
1497 1528 1628 1563 dicitur
1654 1529 1688 1561 la
1716 1530 1837 1572 Verna,
1865 1541 1970 1575 quem

1214 1578 1379 1614 describit
1405 1591 1424 1613 a
1451 1577 1584 1614 duobus
1617 1577 1821 1614 fluminibus
1858 1578 1970 1614 farno*

1131 1635 1178 1668 rD
1217 1628 1256 1664 sis
1274 1658 1283 1671 ‚
1311 1628 1454 1664 dicenst

1267 1681 1330 1714 Nel
1356 1680 1446 1713 crudo
1471 1678 1551 1722 saffo
1577 1698 1592 1704 -
1617 1699 1635 1704 -
1661 1698 1678 1704 -
1705 1699 1720 1703 -

1217 1729 1308 1775 quasi
1337 1729 1454 1776 dicat3
1487 1741 1556 1762 non
1585 1726 1811 1763 inarcefaE’cus
1847 1726 1884 1763 in
1922 1729 1974 1764 le-

1216 1779 1273 1814 &0
1302 1778 1432 1817 molli,
1469 1778 1524 1814 sed
1550 1779 1795 1826 >contemplans
1821 1778 1859 1814 in
1889 1778 1972 1815 saxo

1217 1830 1328 1865 duro:

1268 1902 1283 1906 -
1309 1901 1326 1906 -
1352 1901 1368 1906 -
1392 1901 1409 1906 -
1438 1880 1524 1915 intra
1548 1883 1668 1914 Tevere
1692 1879 1735 1912 (9‘
1757 1883 1872 1915 Arno.

1217 1931 1328 1966 Tiher
1364 1929 1479 1965 oriens
1506 1943 1548 1965 ex
1576 1929 1672 1964 disso
1700 1940 1846 1970 monte,
1884 1930 1974 1966 labi-

1217 1992 1273 2016 tur
1298 1980 1405 2027 usque
1433 1983 1606 2023 Romam,
1635 1979 1762 2014 fluvius
1790 1981 1974 2016 celeberri-

1219 2045 1293 2066 mus
1312 2031 1416 2078 operi}
1437 2030 1689 2065 Historirorum
1704 2057 1713 2072 ,
1741 2029 1974 2079 Philosopho-

1150 2084 1178 2117 E
1215 2095 1315 2126 rum,
1353 2083 1560 2124 Poetarum,
1594 2079 1634 2116 &
1663 2080 1822 2116 omnium
1850 2081 1973 2116 doeio-

1218 2145 1318 2168 rum.
1357 2133 1477 2167 Arnus
1507 2134 1587 2166 vero
1618 2130 1750 2166 dividit
1787 2129 1825 2166 &
1863 2131 1973 2167 inter—

1218 2184 1286 2218 luit
1304 2182 1471 2218 Tuic-iam
1500 2181 1743 2230 provinciam,
1772 2195 1872 2229 quern
1898 2184 1973 2217 Au-

1219 2234 1295 2269 &or
1322 2234 1440 2282 pulcre
1465 2233 1499 2267 8<
1529 2231 1763 2267 artificialiter
1796 2231 1975 2279 descripfit

1219 2284 1339 2331 supra,
1378 2282 1577 2331 Purgatorii
1612 2282 1772 2330 capitul.
1802 2284 1898 2318 XIV.
1928 2285 1974 2319 Et

1218 2335 1295 2370 heic
1322 2344 1406 2370 nota
1443 2334 1651 2376 moraliter,
1686 2332 1781 2380 quod
1817 2332 1903 2368 ficut
1930 2347 1973 2369 ex

1218 2395 1338 2421 monte
1359 2383 1537 2434 praediElo
1555 2383 1742 2418 nascuntur
1760 2395 1885 2429 magna
1908 2382 1973 2419 Hu-

1216 2436 1333 2475 mina,
1367 2448 1458 2483 quae
1485 2435 1634 2482 irrigant
1662 2446 1801 2480 magnas
1826 2432 1867 2469 -&
1896 2435 1973 2481 pul-

1214 2500 1289 2522 cras
1319 2485 1545 2524 Provincias,
1573 2486 1606 2520 δ(
1639 2484 1819 2531 praecipue
1839 2484 1970 2523 Tiber,

1213 2537 1278 2585 qui
1304 2536 1431 2585 irrigat
1449 2538 1579 2571 almam
1599 2536 1732 2570 Urbem
1756 2537 1975 2578 Romanam,

1867 2594 1921 2623 ita
