2216 3105
277 200 362 239 449
554 183 856 229 COMMENT.
896 184 961 227 ΙΝ
998 178 1226 225 DANTIS
1265 181 1508 222 coMoED.

1700 198 1784 238 430

218 242 312 288 Quia
347 241 370 276 fi
411 240 591 276 distulisset
627 250 765 277 tantum
801 256 871 278 uno
911 244 968 279 vel
997 245 1038 291 ΙΑ
1084 241 1256 275 Robertus
1293 239 1426 275 Comes
1463 240 1647 278 Flandriae
1673 269 1683 286 ‚
1739 253 1842 289 gener

218 293 348 328 duobus
376 291 517 334 diebus,
545 305 627 340 gens
654 290 780 328 Caroli
802 302 875 328 erat
897 306 972 340 per·
997 294 1000 326 Ι

218 343 290 377 dita
318 341 386 376 fine
423 341 549 385 caede,
592 356 635 377 ex
672 342 808 378 defectu
836 343 972 379 viffiua-

217 392 304 427 lium
343 391 526 427 hominum
565 391 603 427 δε
639 406 834 440 equorum.
878 396 970 430 Nam

217 442 258 477 de
285 442 504 489 praecedenti
533 442 595 478 vix
624 453 810 490 potuerant
839 444 972 479 milites

217 492 337 527 vivere
374 506 417 528 ex
458 491 556 528 foliis
597 494 773 539 caulium,
818 495 853 530 &
894 495 972 530 dare

218 541 353 588 thyrsos
381 542 479 590 equis
507 542 595 579 suis.
623 546 670 580 Et
698 554 869 592 praeterea
891 558 973 593 gens

217 592 396 628 Manfredi
423 602 497 628 erat
524 593 625 630 valde
666 594 834 641 dispersa.
872 596 974 631 Unde

218 642 241 677 s1
283 644 541 690 aliquantulum
583 644 784 690 distulisset,
822 648 974 682 multum

219 693 402 729 crevissent
432 695 521 730 vires
549 695 646 742 ejus.
684 698 749 730 Sed
776 711 863 743 quem
889 700 976 732 Deus

218 743 306 788 odit,
334 744 499 788 infatuat.
526 745 729 782 Manfredus
757 760 839 796 ergo
866 747 977 795 egres-

220 793 273 829 sus
301 795 563 835 Beneventum,
600 796 759 832 transivit
796 811 857 844 per
884 800 977 834 Pon-

220 853 292 879 tem
321 843 472 889 flumen,
500 846 593 893 quod
623 846 753 883 dicitur
772 847 903 885 Calor.
930 851 978 885 Et

219 894 258 929 in
287 895 411 942 plano,
440 897 532 943 quod
560 897 691 933 dicitur
718 898 862 934 Sanfiae
897 901 979 935 Ma-

221 945 294 980 riae
320 946 358 979 de
381 947 415 980 la
434 948 608 987 Granella,
636 948 673 983 in
696 949 776 984 loco
796 949 894 985 diE'm
915 952 978 986 Pe-

225 1004 277 1030 tra
308 996 471 1040 Aroseti,
508 997 592 1032 fecit
620 1008 687 1033 tres
715 999 824 1035 acies.
862 1000 980 1036 Prima
1004 1003 1005 1007 ’

224 1059 266 1081 ex
308 1046 542 1082 Theotonicis
585 1048 683 1084 mille
723 1049 979 1091 ducentorum,

224 1095 349 1143 quibus
373 1098 522 1133 multum
545 1097 693 1134 fidebat.
722 1102 768 1136 Et
787 1100 869 1136 huic
891 1101 979 1137 aciei
1005 1123 1007 1147 J

225 1146 390 1195 praefecit
419 1148 598 1183 Comitem
627 1151 893 1199 Gualvagnum.
923 1154 980 1187 Se·
1006 1183 1007 1198 ἦ
1036 1146 1048 1154 ἃ

226 1197 335 1231 cunda
365 1211 407 1233 ex
437 1200 674 1241 Normannis,
703 1202 849 1245 Tuscis,
879 1201 916 1237 ἅ*
945 1216 980 1237 a·
1006 1212 1008 1233 ἔ

224 1248 284 1281 liis
312 1248 546 1284 Theotonicis
575 1250 741 1291 mixtim„
778 1265 882 1299 quarn
911 1261 981 1287 tra-

225 1297 317 1332 didit
344 1298 534 1333 ducendam
563 1299 705 1336 Comiti
725 1303 897 1344 jordano,
919 1303 980 1350 qui

224 1357 297 1382 erat
326 1347 385 1382 fibi
416 1348 552 1394 junS'tus
580 1350 774 1390 affinitate,
803 1351 840 1387 ἅ.
867 1352 981 1387 fideli-

223 1406 296 1432 tate
324 1398 579 1445 junEliffimus.
609 1401 732 1436 Tertia
760 1401 828 1437 fuit
856 1416 898 1438 ex
929 1405 980 1437 A-

222 1447 315 1495 pulis
356 1450 389 1483 3<
431 1450 607 1484 Saracenis
651 1450 851 1494 Noceriae‚
894 1458 1008 1500 quos'

222 1507 320 1545 pater
356 1497 432 1533 suus
460 1499 656 1535 fridericus
697 1514 739 1537 ex
768 1501 891 1538 Sicilia
919 1517 980 1549 po-

222 1547 334 1583 suerat
362 1549 438 1583 ibi.
476 1552 522 1585 Et
565 1550 652 1586 hanc
695 1551 805 1587 aciem
833 1552 980 1589 ducebat

223 1598 296 1646 ipse
325 1599 551 1635 Manfredus.
582 1603 682 1646 Quae
709 1612 782 1638 erat
809 1617 851 1639 ex
880 1603 980 1639 mille
1007 1602 1009 1635 ἶ

225 1649 389 1684 trecentis
419 1649 616 1692 militibus,
645 1652 770 1700 absque
805 1653 981 1693 arciferis,

227 1699 425 1740 Saracenis,
467 1701 499 1734 8<
544 1701 717 1747 peditibus
746 1716 824 1738 cum
854 1717 981 1753 magno

226 1761 391 1784 numero.
419 1747 569 1785 Carolus
598 1761 711 1787 autem
735 1752 856 1789 videns
876 1757 981 1789 Man-

226 1799 358 1834 fredum
403 1809 557 1846 paratum
587 1802 627 1836 ad
666 1803 822 1848 bellum,
859 1805 982 1840 Confi-

226 1850 315 1885 liurn
343 1848 466 1885 habuit
494 1851 588 1886 suum
607 1878 614 1887 .
659 1854 776 1889 Plures
806 1854 983 1902 persuade-

227 1901 338 1944 bant,
379 1900 472 1948 quod
513 1901 741 1938 differendum
785 1914 857 1940 erat
886 1919 983 1953 proe-

227 1951 316 1986 lium
354 1950 391 1985 in
429 1951 611 1987 crastinum
656 1954 696 1989 ad
733 1954 980 1991 resumtionem

229 2000 412 2044 militum,
440 1999 478 2036 &
505 2016 694 2049 equorum.
732 2007 879 2041 Carolus
908 2007 983 2041 avi-

230 2051 291 2086 dus
320 2063 452 2098 pugnae
479 2053 647 2089 clamavit
676 2056 744 2090 alte
765 2055 863 2104 supra
885 2056 983 2099 suos,
1011 2055 1012 2059 ¹

230 2100 373 2136 dicens:
406 2102 499 2135 Venit
525 2103 613 2148 dies,
647 2118 739 2151 quam
758 2107 881 2141 tamdiu
904 2107 985 2147 desi-

229 2151 383 2192 derastis.
425 2153 471 2186 Et
512 2152 584 2200 ipse
624 2163 692 2190 tres
733 2155 823 2191 acies
864 2166 985 2193 contra

231 2201 422 2247 praedifflas
449 2202 650 2239 ordinavit.
680 2204 833 2241 Primam
855 2220 896 2242 ex
919 2208 985 2242 mi-
1012 2233 1014 2243 1

231 2252 355 2287 litibus
384 2252 546 2293 Francis,
574 2267 718 2290 numero
740 2257 861 2299 mille,
890 2258 985 2303 cujus
1013 2253 1015 2264 '

231 2302 300 2338 fuit
327 2302 396 2337 dux
427 2302 611 2352 Philippus
638 2304 679 2340 de
699 2306 902 2342 Monforte.
930 2311 987 2343 Se-

232 2353 342 2387 cunda
385 2352 453 2388 fuit
495 2367 537 2389 ex
584 2357 771 2404 nongentis
813 2357 987 2394 militibus

229 2403 372 2447 eieffls,
412 2416 515 2450 quam
555 2407 703 2442 Carolus
744 2406 892 2443 retinuit
929 2408 988 2444 sub

228 2453 289 2490 suo
327 2454 476 2493 ducatu,
502 2456 535 2489 δε
566 2455 741 2493 Guidonis
766 2457 807 2493 de
826 2457 990 2494 Monfor-

228 2514 286 2542 te.
315 2505 440 2541 Tertia
467 2504 536 2541 fuit
564 2506 677 2552 acies,
718 2521 822 2556 quam
859 2509 990 2558 recepit

1057 1311 1059 1333 ,t
1089 1300 1309 1335 trucidabant
1328 1312 1335 1334 :

1082 290 1226 329 Caroli,
1267 288 1305 324 Sc
1343 289 1515 338 Aegidius
1553 292 1686 327 Brunus
1726 293 1843 328 Cone-

1082 341 1211 376 stabilis
1234 340 1421 379 franciae,
1449 340 1616 388 Magister
1636 343 1729 388 ejus,
1757 341 1841 389 quia

1083 390 1358 426 adolescentulus
1405 399 1502 425 erat.
1548 392 1595 425 Et
1646 391 1705 426 ista
1752 393 1842 425 acies

1083 440 1257 477 constabat
1293 454 1336 476 ex
1365 439 1652 484 Flandrenfibus‚
1689 441 1842 476 Braban-

1084 492 1262 533 tionibus,
1292 491 1469 535 Picardis,
1497 489 1535 526 ὃς
1557 490 1717 533 Italicis,
1745 503 1842 526 nem-

1085 556 1124 589 pe
1154 541 1343 586 Romanis,
1380 542 1594 589 Campanis,
1632 541 1669 578 &
1697 541 1842 577 Tuscis.

1084 592 1304 630 Concursum
1341 592 1386 627 est
1428 592 1606 640 utrimque
1635 605 1762 640 magno
1790 605 1844 627 ar-

1084 643 1167 679 dore
1194 643 1418 682 animorum,
1455 641 1493 678 &
1530 643 1618 678 acris
1647 657 1760 692 pugna
1788 642 1843 678 in-

1086 694 1209 729 choata
1223 694 1316 729 inter
1332 694 1461 742 primas
1477 692 1566 728 acies
1584 694 1730 729 duorum
1747 707 1844 729 exer-

1086 744 1220 780 cituum
1262 744 1567 780 Theotonicorum
1614 743 1651 780 &
1694 747 1845 779 Franco-

1086 808 1181 830 rum.
1210 795 1273 830 Sed
1301 793 1519 831 Theotonici
1547 794 1709 830 fortiores
1736 797 1844 830 Fran-

1087 845 1157 889 cis,
1195 845 1350 881 fecerunt
1386 859 1444 881 eos
1473 858 1601 893 magno
1628 846 1763 894 impetu
1791 858 1844 880 re-

1087 895 1196 931 filire.
1234 898 1337 931 Tunc
1366 896 1515 931 Carolus
1543 895 1665 931 videns
1695 899 1844 931 Francos

1087 946 1187 985 suos,
1215 946 1251 981 in
1280 946 1405 993 quibus
1434 946 1527 994 spem
1556 946 1735 993 posuerat,
1771 955 1845 980 tam

1087 997 1169 1032 dure
1205 996 1381 1045 opprimi,
1422 1009 1492 1032 non
1544 996 1681 1032 servato
1722 996 1845 1032 ordine

1088 1047 1256 1083 succurrit
1285 1046 1346 1083 fibi
1374 1060 1452 1083 cum
1483 1046 1539 1082 sua
1575 1047 1670 1083 acie.
1709 1046 1846 1082 Simili-

1087 1107 1140 1133 ter
1176 1100 1304 1133 Comes
1342 1097 1526 1133 Flandriae
1567 1111 1645 1134 cum
1675 1097 1845 1146 Magistro

1089 1150 1146 1183 luo
1174 1150 1208 1183 &
1245 1148 1318 1183 acie
1356 1148 1432 1183 sua.
1473 1150 1520 1183 Et
1561 1148 1621 1184 diu
1649 1148 1717 1184 fuit
1746 1161 1846 1197 proe-

1088 1200 1175 1234 lium
1205 1199 1371 1238 dubium,
1411 1198 1494 1246 quia
1531 1198 1749 1234 Theotonici
1778 1198 1846 1234 mi-

1088 1250 1246 1285 rabiliter
1291 1262 1368 1284 cum
1423 1249 1558 1297 magnis
1599 1249 1731 1284 ensibus
1777 1248 1846 1284 suis

1389 1300 1452 1334 Sed
1499 1299 1615 1335 subito
1660 1310 1756 1335 ortus
1802 1299 1846 1335 est
1878 1304 1881 1306 ’

1089 1351 1222 1386 clamor
1249 1349 1341 1385 inter
1369 1352 1539 1385 Francos:
1580 1355 1659 1384 Cum
1693 1351 1846 1385 mucroni—

1089 1403 1145 1435 bus
1168 1401 1327 1444 feriantur
1356 1401 1448 1446 equi.
1487 1402 1570 1445 Quo
1607 1400 1721 1440 fa6’t0,
1758 1403 1846 1436 Ger—

1090 1450 1184 1486 mani
1231 1459 1418 1497 coeperunt
1468 1450 1612 1486 deficere
1654 1451 1846 1487 vulneratis

1089 1501 1206 1548 equis.
1245 1502 1349 1535 Tunc
1386 1499 1592 1536 Mansredus
1619 1502 1736 1550 coepit
1764 1502 1846 1537 hor-

1089 1551 1156 1587 tari
1185 1551 1278 1586 suam
1307 1550 1418 1585 aciem
1456 1553 1679 1598 Apulorum,
1721 1562 1760 1588 ut
1796 1552 1846 1587 se—

1090 1612 1277 1650 querentur
1319 1614 1396 1636 eum
1448 1602 1603 1649 probiter
1644 1603 1680 1638 in
1723 1604 1845 1638 bello.

1091 1653 1153 1688 Sed
1181 1654 1271 1687 male
1301 1650 1367 1686 fuit
1396 1652 1559 1692 auditus,
1588 1653 1670 1699 quia
1693 1667 1752 1700 pro
1774 1667 1848 1688 ma—

1091 1717 1156 1752 gna
1186 1713 1280 1751 parte
1309 1704 1459 1738 Ramnes
1489 1703 1600 1751 Regni
1627 1703 1846 1739 deseruerunt

1092 1767 1198 1792 eum,
1236 1753 1346 1800 aliqui
1384 1767 1425 1787 ex
1463 1753 1627 1795 vilitate,
1665 1754 1776 1801 aliqui
1805 1768 1846 1789 ex

1092 1804 1321 1851 illegalitate.
1341 1802 1544 1838 Manfredus
1568 1816 1748 1839 remanens
1769 1817 1845 1840 cum

1094 1855 1212 1902 paucis
1238 1853 1438 1901 equitibus,
1467 1863 1644 1900 tamquam
1667 1855 1849 1903 magnani-

1093 1919 1168 1940 mus
1186 1929 1196 1944 ,
1223 1904 1331 1952 elegit
1361 1904 1475 1949 potius
1503 1904 1594 1939 mori
1623 1904 1657 1939 in
1688 1905 1849 1952 proelio,

1093 1968 1195 2003 quam
1224 1955 1347 1990 viliter
1374 1953 1515 2001 fugere.
1556 1956 1603 1990 Et
1631 1954 1788 2003 ingerens
1818 1955 1850 1991 se

1093 2006 1129 2041 in
1169 2018 1329 2054 magnam
1368 2004 1477 2039 aciem
1515 2004 1743 2040 densissimam
1786 2005 1850 2041 ho·

1094 2056 1216 2099 stium,
1254 2053 1437 2090 fortiffime
1477 2054 1676 2095 dimicans,
1722 2055 1851 2091 cecidit

1093 2108 1131 2142 in
1160 2105 1314 2153 proelio.
1344 2104 1494 2140 Carolus
1523 2105 1639 2141 vi5³tor
1661 2106 1851 2141 advenien—

1095 2167 1129 2192 te
1157 2165 1260 2195 note,
1297 2155 1500 2203 persequens
1537 2166 1675 2202 gentem
1717 2157 1850 2191 vietam

1095 2207 1310 2256 fugientem,
1333 2207 1424 2252 cepit
1447 2208 1685 2242 Beneventum
1701 2233 1709 2241 .
1737 2208 1851 2243 Multi

1096 2271 1137 2293 ex
1181 2256 1356 2292 militibus
1398 2256 1575 2295 Manfredi
1613 2257 1706 2305 capti
1744 2257 1850 2293 sunt:

1097 2321 1205 2351 uxor,
1235 2307 1349 2347 soror,
1388 2306 1425 2341 ἃ
1454 2305 1520 2341 filii
1549 2306 1754 2347 hiansredi,
1791 2307 1854 2356 qui

1097 2367 1193 2394 erant
1232 2356 1427 2396 Nuceriae,
1463 2357 1590 2392 redditi
1634 2358 1711 2393 sunt
1739 2357 1854 2394 Caro-

1097 2410 1154 2448 10,
1182 2421 1268 2455 quos
1296 2420 1415 2442 omnes
1443 2407 1527 2442 fecit
1557 2408 1646 2443 mori
1674 2408 1711 2444 in
1740 2422 1854 2444 carce—

1097 2473 1131 2494 re
1160 2458 1218 2493 suo
1235 2485 1242 2493 .
1272 2460 1325 2493 De
1352 2457 1526 2505 sepultura
1553 2458 1730 2494 Manfredi
1759 2459 1852 2493 dice·

1099 2519 1154 2545 tur
1174 2509 1273 2557 plene
1294 2511 1398 2545 Cant.
1419 2509 1483 2544 111.
1506 2509 1702 2558 Purgatorii
1716 2535 1724 2544 .
1747 2511 1852 2592 Niimc

1762 2571 1779 2592 a
