2216 3105
308 213 389 253 397

596 193 887 236 COMMENT·
917 194 983 237 IN
1021 189 1245 236 DANTIS
1272 187 1514 231 COMOED.·
1725 194 1804 244 398

249 253 526 307 poenitentiam,
542 254 645 299 quam
668 252 794 301 poffint
812 252 1003 300 pati‚por-
1038 255 1070 288 A
1111 249 1329 299 quefaciebat
1364 248 1570 296 plumbum,
1606 246 1644 283 δ(
1680 246 1788 282 homo
1824 246 1864 280 fi-

249 314 361 343 tantes
381 303 569 351 aliquando
590 303 779 345 cilicium;
805 303 916 338 immo
937 302 1003 338 fer-

250 369 327 393 rum
355 354 395 390 ad
433 367 575 392 carnes,
612 354 645 388 &
683 362 840 392 catenas,
878 352 1002 400 quibus

247 406 361 455 ligant
382 404 601 440 mulierculas
621 405 654 438 δε
676 403 853 442 credulos,
881 416 1003 451 quam-

247 457 304 491 vis
330 455 370 490 de
398 454 448 490 rei
484 454 632 490 veritate
668 454 749 489 talis
786 453 1003 502 poenitentia

249 505 331 542 fiE’ta
361 504 483 540 debeat
511 504 618 539 nimis
647 517 788 553 gravare
817 506 849 540 ἃ
878 503 1004 552 fatiga-

251 569 288 593 re
316 554 565 590 conscientiam
594 555 708 590 suam.

299 605 375 641 Elli
400 618 500 639 avean
528 615 619 652 cappe
646 619 698 640 con
724 604 866 652 cappucct'
892 605 968 650 baffi

299 656 450 699 Dinanzi
476 655 544 702 agli
570 656 651 689 occhi
669 676 839 682 ------

249 706 342 743 Heie
370 704 507 740 Auffior
534 704 697 740 describit
728 705 887 741 habitum
926 718 1003 752 pro·
1030 707 1032 732 Υ

251 756 367 805 prium
395 754 693 803 Hypocritarum‚
730 756 789 804 qui
818 756 896 790 data
923 769 1004 803 ope-

252 808 289 842 ra
313 813 453 854 portant
474 804 577 840 vestes
597 806 707 850 viles,
736 806 906 855 abjefihxs,
934 806 1004 840 sor-

251 857 377 898 didas,
420 865 457 891 ut
495 855 677 891 videantur
714 857 798 891 bene
834 855 1005 904 despicere

250 906 419 942 mundum
445 919 523 941 cum
552 906 688 954 pompis
715 905 803 941 suis.
831 906 913 941 Ideo
933 905 1006 954 spe—

254 957 372 992 cificat
409 969 531 1004 cappas
559 956 699 991 istorum
739 969 798 1001 per
828 969 1006 1004 compara-

251 1007 387 1042 tionem
429 1019 613 1055 capparum
635 1034 644 1049 ,
690 1006 816 1054 quibus
861 1014 1007 1041 utuntur

253 1055 427 1093 Monachi
453 1056 491 1091 in
515 1056 749 1100 Alemannia,
777 1056 838 1103 qui
867 1064 1007 1104 portant

253 1105 413 1142 habiturn
449 1105 499 1141 ita
535 1106 692 1153 ineptum
720 1108 754 1142 ὃ(
791 1105 1007 1151 informem,

254 1165 294 1192 ut
320 1169 391 1191 non
418 1155 578 1191 videatur
604 1156 726 1192 habere
755 1157 908 1204 aliquam
937 1156 1008 1192 for-

254 1219 347 1241 mam
374 1205 500 1245 vestis,
536 1207 648 1242 immo
677 1207 814 1242 videtur
850 1206 942 1255 quasi
970 1220 1008 1242 u-

255 1270 320 1292 nus
346 1255 460 1291 saccus
476 1282 485 1291 .

502 1307 564 1341 Ad
591 1307 672 1351 Verfi
701 1308 760 1352 65.

303 1359 369 1391 Ma
406 1356 516 1390 dentro
554 1366 635 1389 tutte
672 1357 792 1402 piombo
810 1384 820 1400 ‚
860 1372 875 1391 e
914 1358 1010 1404 gravi

355 1416 463 1445 tanto,

251 1456 347 1502 Quia
387 1455 424 1491 in
461 1463 578 1491 mente
617 1455 696 1491 sunt
735 1455 933 1504 imperfecti
969 1456 1007 1492 ἃ

251 1505 415 1549 obscuri,
451 1504 536 1540 ficut
572 1506 782 1551 plumbum,
819 1506 920 1542 vitiis
948 1520 1008 1542 oc-

251 1556 376 1592 cultis.
404 1557 451 1590 Et
475 1555 668 1591 manifestat
695 1556 904 1605 gravitatem
926 1570 1007 1604 cap-

251 1620 372 1656 parum
401 1619 460 1654 per
479 1619 584 1641 unam
605 1607 903 1654 comparationem
929 1608 1007 1655 pul-

252 1656 481 1692 cherrimam.
518 1656 576 1690 Ad
604 1657 701 1705 cujus
728 1656 1004 1705 intelligentiam

251 1707 359 1745 volo,
386 1713 421 1741 te
447 1713 588 1744 notare,
616 1707 707 1752 quod
736 1706 931 1743 Fridericus
959 1708 1006 1744 ΙΙ.

255 1755 419 1802 Princeps
447 1755 659 1790 saeviffirnus
691 1756 834 1803 punitor
860 1770 978 1793 eorum
996 1782 1006 1796 ,

254 1805 317 1854 qui
343 1805 547 1840 dicebantur
573 1805 622 1841 rei
652 1805 867 1853 Majestatis,
894 1807 1006 1842 immo

252 1857 350 1903 saepe
385 1855 589 1891 innocentes
630 1856 845 1905 injustiffime
886 1857 1006 1905 poenis

252 1906 388 1942 affecit.
415 1905 512 1942 Sicut
533 1906 807 1955 primogenitum
828 1907 913 1943 fecit
933 1921 1006 1943 car-

251 1969 326 1992 cere
354 1956 465 1995 mori,
501 1957 534 1991 8<
574 1959 714 1993 Petrum
751 1957 792 1993 de
819 1958 944 1994 Vineis
971 1972 1006 1994 e-

250 2005 430 2046 xoculari,
458 2005 496 2041 &
516 2006 604 2043 alios
624 2007 763 2043 diverfis
791 2008 912 2056 poenis
931 2022 1005 2044 ma-

254 2056 386 2092 cerari.
422 2057 627 2104 Aliquando
662 2066 778 2093 autern
815 2072 909 2094 novo
947 2073 1006 2107 ge-

252 2119 333 2142 nere
376 2119 503 2154 poenae
544 2107 710 2154 punivit,
751 2108 813 2155 qui
853 2108 1005 2144 fecerant

252 2165 373 2192 contra
401 2155 579 2191 Coronam
597 2184 604 2192 .
634 2160 725 2193 Nam
753 2158 902 2194 faciebat
929 2159 1003 2194 fieri

252 2219 355 2242 unam
393 2205 548 2241 tunicam
584 2220 627 2241 ex
665 2209 810 2256 plumbo
845 2208 1003 2256 groffiori

251 2256 344 2304 quasi
372 2255 474 2292 unius
502 2255 648 2296 unciae,
685 2271 752 2305 qua
784 2257 932 2294 faciebat
958 2259 1003 2295 il-

249 2308 325 2343 lum
353 2306 473 2346 indui,
501 2306 552 2342 ita
579 2308 671 2354 quod
692 2308 732 2342 ad
762 2308 902 2344 modum
924 2322 1003 2357 cap-

248 2371 312 2405 pae
349 2357 488 2405 tegebat
523 2366 639 2393 totum
676 2371 799 2405 corpus
836 2372 853 2394 a
890 2360 1003 2408 capite

250 2407 354 2455 usque
382 2408 423 2443 ad
452 2407 573 2455 pedes.
603 2408 738 2444 Deinde
765 2408 914 2444 faciebat
941 2423 1004 2458 po-

249 2457 286 2493 ni
314 2457 351 2493 in
377 2471 484 2493 unum
510 2471 591 2495 vas,
619 2458 704 2495 ficut
730 2458 768 2494 in
795 2459 1003 2498 caldariam,

248 2507 287 2543 &
315 2508 433 2556 ignem
460 2507 607 2558 subjici,
638 2508 688 2544 ita
716 2509 809 2557 quod
837 2511 931 2545 calor
956 2510 1002 2546 li-

1111 300 1246 336 militer
1264 298 1472 334 fundebatur
1491 309 1570 332 cum
1599 298 1762 343 plumbo,
1792 310 1865 332 car-

1110 364 1152 386 ne
1181 349 1350 385 frustatim
1387 348 1554 383 cadente.
1591 348 1638 381 Et
1664 360 1742 382 ecce
1770 360 1866 382 com-

1111 400 1246 450 paratio
1282 398 1327 435 est
1362 398 1522 448 propria,
1557 395 1643 432 ficut
1679 396 1720 431 de
1748 396 1779 431 se
1807 410 1866 443 pa-

1111 460 1188 490 tet,
1221 450 1262 485 de
1290 462 1397 498 cappa
1425 448 1586 497 plumbea
1612 448 1646 482 δε
1674 445 1867 494 ponderosa

1111 501 1152 537 ad
1194 513 1338 549 cappam
1378 499 1578 548 plumbeam
1618 495 1866 545 ponderosam.

1111 552 1152 587 de
1188 552 1353 586 damnato
1389 549 1431 585 ad
1468 549 1694 587 damnatum,
1732 546 1772 581 de
1801 547 1869 582 cri—

1112 597 1206 637 mine
1234 601 1275 637 ad
1312 600 1468 636 crimen.
1505 598 1604 634 Sicut
1639 611 1720 646 ergo
1749 597 1868 632 Fri-de-

1112 652 1202 688 ricus
1243 652 1438 700 Imperator
1474 652 1713 685 Romanorum
1756 647 1868 696 rigide

1113 703 1279 751 puniebat
1306 701 1520 748 proditorem
1549 699 1674 743 suum,
1710 697 1761 733 ita
1797 697 1870 732 Im*

1114 762 1251 801 perator
1286 754 1380 787 Deus
1408 750 1520 799 rigide
1557 749 1659 799 punit
1688 749 1868 797 Hypocri-

1113 813 1208 848 tam,
1236 802 1298 851 qui
1325 801 1443 851 prodit
1469 813 1569 836 eum.

1360 854 1422 888 Ad
1449 852 1531 895 Vers.
1559 862 1620 897 94.

1165 906 1213 940 Et
1241 903 1270 938 io
1295 917 1316 938 a
1340 903 1405 937 lor.
1434 901 1462 937 Γ
1486 901 1538 944 fui
1564 911 1658 939 nato,
1686 913 1702 934 e
1728 900 1873 944 crescium

1164 957 1268 989 Sovra
1304 953 1328 987 'l
1366 952 1416 987 bel
1450 951 1564 986 Fiume
1597 950 1630 985 d'
1653 955 1748 986 ,Amo
1782 963 1803 984 a
1837 951 1872 984 la

1211 1017 1295 1052 gran
1323 1003 1431 1039 Villa.

1114 1054 1210 1100 Quia
1237 1053 1343 1101 usque
1377 1052 1418 1088 ad
1455 1051 1670 1102 trigesimum
1706 1050 1873 1100 quintum

1115 1118 1243 1140 annum
1284 1104 1422 1140 steterat
1460 1103 1499 1139 in
1540 1102 1652 1151 patria
1678 1130 1688 1146 ‚
1730 1101 1870 1149 quando

1114 1164 1236 1191 natura
1263 1153 1419 1190 hominis
1446 1153 1597 1201 amplius
1624 1166 1694 1187 non
1723 1151 1846 1188 crescit
1863 1178 1872 1186 .

1115 1205 1214 1241 Istius
1242 1204 1363 1240 Fluvii
1393 1203 1580 1251 descriptio
1610 1202 1756 1238 habetur
1787 1204 1876 1238 Pur-

1115 1255 1244 1304 gatorii
1272 1257 1377 1291 Cant.
1412 1254 1508 1289 XIV.
1535 1256 1582 1288 Et
1619 1254 1771 1301 appellat
1808 1252 1874 1288 Ci-

1115 1306 1263 1341 vitatem
1291 1306 1490 1340 Florentiae
1511 1303 1646 1338 Villam
1669 1316 1764 1339 more
1788 1304 1874 1338 Gal-

1116 1355 1207 1390 lico.
1234 1357 1334 1400 Quae
1362 1353 1541 1389 Florentia
1567 1353 1610 1388 est
1635 1354 1736 1389 decus
1764 1353 1874 1389 totius

1116 1405 1214 1440 illius
1242 1404 1414 1450 riperiae,
1452 1417 1575 1451 magna
1612 1404 1773 1443 ambitu,
1812 1417 1875 1452 po*-

1118 1455 1229 1490 tentifi.
1265 1453 1303 1490 δε
1340 1453 1548 1502 opulentia,
1585 1454 1799 1490 amoenitate
1835 1453 1875 1490 ὅ(

1118 1504 1316 1543 civilitate,
1354 1513 1393 1539 ut
1420 1513 1515 1552 patet
1544 1517 1602 1550 per
1629 1503 1679 1538 se.
1717 1507 1763 1539 Et
1790 1518 1874 1540 con-

1119 1555 1235 1591 firmat
1262 1554 1377 1594 illud,
1414 1554 1506 1601 quod
1544 1553 1601 1589 illi
1638 1554 1791 1601 superius
1819 1555 1872 1590 di-

1118 1606 1242 1641 cebant
1278 1604 1372 1640 inter
1407 1604 1465 1643 se,
1502 1603 1637 1640 scilicet
1674 1605 1767 1652 quod
1794 1618 1878 1640 vere

1117 1656 1161 1691 est
1188 1656 1312 1691 vivus:
1345 1654 1451 1690 Unde
1478 1654 1593 1690 dicit:

1167 1709 1200 1741 E
1233 1707 1291 1750 son
1331 1706 1376 1740 col
1415 1716 1500 1753 corpo
1523 1729 1534 1745 ‚
1574 1703 1619 1740 ch’
1641 1704 1663 1739 i’
1682 1705 1720 1740 ho
1752 1705 1873 1754 sempre

1217 1766 1290 1790 auto
1306 1782 1315 1791 .

1351 1807 1414 1841 Ad
1441 1806 1523 1852 Vers.
1556 1817 1636 1854 103.

1169 1856 1266 1891 Frati
1292 1858 1428 1891 Godenti
1449 1858 1567 1900 summo
1582 1878 1752 1884 ------

1118 1907 1174 1942 Ad
1197 1907 1293 1955 cujus
1314 1907 1363 1942 rei
1391 1906 1666 1955 intelligentiam
1690 1907 1734 1943 est
1762 1907 1871 1944 scien-

1116 1957 1230 1996 dum,
1266 1957 1358 2004 quod
1382 1984 1392 2001 ‚
1434 1957 1518 1992 ficut
1558 1971 1621 2006 ego
1663 1958 1790 2005 collegi
1828 1972 1870 1993 ex

1117 2008 1249 2055 Regula
1270 2007 1408 2042 istorum
1431 2010 1590 2043 Fratrum
1604 2035 1613 2050 ‚
1642 2008 1783 2055 quidam
1805 2022 1868 2043 no-

1116 2058 1202 2093 biles
1230 2056 1268 2092 &
1296 2057 1425 2093 divites
1452 2057 1550 2100 viri,
1579 2056 1664 2093 ficut
1691 2058 1868 2094 Lodorin-

1113 2121 1174 2156 gus
1202 2107 1243 2143 de
1270 2107 1411 2143 And-ale)
1428 2134 1438 2151 ‚
1473 2106 1580 2143 Civis
1617 2108 1868 2154 Bononiensis,

1113 2161 1293 2194 Guamons
1329 2158 1371 2193 de
1397 2157 1691 2198 Caecianimicis,
1730 2161 1867 2205 Rayne-

1112 2209 1183 2245 rius
1224 2208 1265 2244 de
1304 2207 1491 2243 Adelardis
1532 2207 1574 2244 de
1613 2208 1757 2244 Mutina
1783 2234 1792 2248 ,
1833 2210 1867 2244 &

1114 2260 1227 2307 plures
1254 2257 1317 2294 alii
1345 2258 1386 2294 de
1413 2257 1636 2294 Civitatibus
1664 2259 1865 2295 eorumdem

1113 2308 1336 2358 congregati,
1363 2308 1457 2344 inter
1484 2308 1516 2344 se
1543 2307 1664 2344 habito
1685 2310 1867 2357 colloquio

1112 2358 1149 2395 δε
1187 2358 1364 2403 confilio,
1401 2358 1686 2407 supplicaverunt
1723 2361 1868 2396 Urbano

1114 2411 1224 2459 Papae
1261 2411 1325 2445 IV.
1353 2417 1522 2457 quatenus
1558 2409 1760 2457 dignaretur
1786 2410 1865 2446 dare

1112 2459 1161 2494 eis
1202 2468 1334 2496 certum
1376 2458 1546 2495 Ordinem
1587 2459 1625 2495 ἃ
1667 2460 1867 2500 Habitum,

1112 2509 1171 2546 sub
1193 2523 1262 2558 quo
1283 2509 1415 2558 poffent
1435 2509 1555 2546 vivere
1581 2510 1690 2547 libere
1711 2509 1748 2546 ὅ(
1770 2509 1867 2557 quie-

1220 2559 1254 2596 C
1283 2573 1300 2596 c
1354 2572 1376 2597 2
1780 2569 1816 2595 te
