2216 3105
273 249 355 298 761
568 239 869 284 COMMENT.
901 241 967 285 ΙΝ
994 237 1220 284 DANTJS
1248 235 1488 280 COMoaD.
1697 244 1779 293 762

267 303 326 335 1²01·
346 298 489 347 seguini
513 316 746 326 ------

218 350 312 385 Heic
340 349 574 398 Cacciaguida
602 349 766 386 describit
794 350 825 386 se
853 353 894 388 ab
921 351 974 388 of-

221 399 304 436 ficio
332 400 414 445 suo,
457 400 593 435 scilicet
621 414 639 436 a
675 401 850 448 dignitate
878 403 975 439 mili-

221 450 308 486 tari.
351 452 407 486 Ad
457 452 553 500 cujus
605 451 882 500 intelligentiam
932 454 976 489 est

221 501 501 549 praesciendum,
543 503 635 549 quod
677 501 862 539 Conradus
905 507 975 540 Ro-

220 564 403 587 manorum
444 555 517 587 Rex
554 556 590 588 in
628 556 860 590 MCXLVlI.
898 568 974 590 cum

222 602 410 638 Ludovico
448 605 539 652 Rege
568 606 780 640 Francorum
819 604 977 641 transivit

223 665 302 687 cum
339 654 496 689 exercitu
533 653 815 690 Christianorum
857 656 898 691 ad
926 670 978 692 re-

224 704 453 751 cuperandam
482 706 628 740 Terram
658 705 816 741 sanatam
834 733 843 742 .
881 707 978 742 Inter

225 754 314 788 alios
342 754 455 790 ἀίξὶυε
492 755 727 803 Caeciaguida
767 757 837 792 ivit
865 760 905 792 ad
933 758 978 793 il-

226 803 284 838 lud
324 804 532 852 passagium.
570 807 643 850 Qui
687 806 886 843 strenuitate
923 807 979 843 sua

225 854 378 890 reddidit
406 855 437 890 se
464 865 600 903 gratum
631 856 727 891 dicio
756 857 866 904 Regi,
895 859 978 893 adeo

225 905 319 951 quod
348 905 494 940 donavit
522 919 599 941 eum
629 907 759 943 honore
795 908 979 943 Militari.

225 956 273 990 Et
300 955 438 990 demum
470 969 624 1004 pugnans
662 967 782 993 contra
820 957 979 993 Infideles

226 1005 356 1040 cecidit
377 1005 414 1040 in
435 1006 528 1042 acie.
557 1010 603 1042 Et
630 1008 707 1043 heic
728 1008 865 1044 Aueior
890 1009 980 1044 sum-

228 1055 268 1090 fit
295 1056 507 1092 occasionem
539 1059 689 1105 ponendi
717 1072 795 1094 eum
835 1061 977 1095 Beatum

225 1106 264 1141 in
292 1108 438 1156 Mat-teg
467 1107 549 1155 quia
577 1108 645 1144 fuit
666 1109 767 1145 fortis
789 1119 981 1156 pugnator,

227 1156 403 1192 militavit
444 1157 503 1193 sub
552 1159 713 1207 Principe
757 1160 955 1196 Christiano
972 1185 981 1199 ,

228 1207 399 1254 pugnavit
426 1221 488 1256 pro
516 1209 601 1244 Fide
629 1210 824 1246 Christiana
862 1220 981 1246 contra

228 1257 417 1297 nfideles,
443 1260 476 1293 ὃ(
505 1260 613 1295 Miles
642 1260 769 1296 Christi
799 1272 957 1297 mortuus
976 1288 983 1296 .

229 1310 334 1344 Nunc
379 1308 421 1344 ad
467 1309 628 1346 literam.
683 1311 785 1347 Dicit
838 1311 982 1347 Caecia-

227 1359 332 1407 guida
351 1371 360 1393 :

278 1409 338 1443 Poi
358 1410 501 1457 seguini
526 1411 549 1444 l’
567 1413 744 1458 Imperador
769 1414 912 1447 Ct-{rrado
926 1426 946 1455 ‚-

227 1459 384 1499 scilicet,
405 1461 440 1496 in
464 1460 647 1497 subsidium
669 1464 800 1497 Terrae
817 1462 980 1498 Sanciae:

278 1512 327 1541 Et
348 1511 377 1542 ei
396 1511 440 1542 mi
458 1512 538 1553 cinse
559 1514 598 1543 de
618 1512 653 1544 la
667 1512 727 1553 sim
746 1513 887 1556 Milizia
905 1539 915 1554 ‚

225 1556 328 1597 idest,
365 1557 451 1592 fecit
478 1571 533 1593 me
560 1559 722 1594 Militem
761 1561 980 1597 accinfflum:

277 1612 382 1642 Tanto
395 1620 451 1655 per
465 1608 523 1643 ben
539 1621 629 1656 oprar
639 1611 691 1657 gli
704 1611 805 1645 venai
828 1627 848 1646 a
863 1614 983 1658 grado.

228 1657 391 1696 Scilicet,
429 1658 465 1692 in
494 1659 666 1695 exercitio
707 1675 906 1706 armorum,
946 1662 983 1698 in

227 1707 401 1742 auxilium
442 1707 563 1742 Fidei.
605 1711 652 1743 Et
688 1709 825 1750 subdit,
862 1723 983 1748 contra

226 1770 314 1804 quos
342 1756 539 1800 militavit,
567 1758 707 1793 dicens:

278 1808 390 1842 Dietro
419 1808 471 1855 gli
500 1808 602 1843 andai
637 1809 774 1844 incontra
809 1825 829 1845 a
861 1812 896 1846 la
932 1825 985 1845 ne-

329 1858 461 1905 quizia‚

226 1907 333 1948 idest,
360 1908 610 1955 iniquitatem:

280 1959 326 1992 Di
351 1960 457 2006 quella
482 1963 615 2007 Legge,·
641 1982 657 1987 -
684 1982 699 1987 -
727 1982 742 1987 —
769 1983 785 1988 -

232 2008 368 2044 scilicet
405 2009 647 2050 Mahometti‚
685 2010 706 2046 sl
748 2021 867 2050 tamen
908 2013 986 2048 Lex

230 2059 302 2094 dici
329 2069 505 2096 meretur.
533 2063 579 2096 Et
606 2061 715 2097 dicit:

278 2129 465 2136 —————
494 2110 519 2143 il
538 2111 587 2144 cui
610 2111 718 2155 Popot’
734 2112 868 2157 usurpa,

230 2158 390 2203 scilicet,
427 2162 634 2203 saracenus,
681 2161 743 2208 qui
788 2162 884 2197 vivit
923 2161 983 2197 sub

230 2211 324 2258 Lege
354 2210 590 2246 Mahometti:
624 2211 743 2258 Usurpa

279 2264 338 2294 Per
365 2262 408 2294 col
409 2274 452 2307 pa
471 2262 506 2295 di
535 2261 641 2303 Pastor
665 2262 769 2304 vostra
785 2263 958 2306 ,qiustizt'a-

229 2310 337 2355 Idest,
365 2311 487 2359 injuste
515 2312 648 2347 detinet
675 2313 707 2347 8(
731 2312 875 2358 poffidet
893 2315 983 2348 Ter-

229 2375 303 2397 ram
346 2361 529 2404 Sanctam,
566 2375 652 2410 quae
690 2363 770 2411 juste
807 2364 852 2399 est
878 2363 984 2399 Chri-

229 2412 416 2448 stianorum
437 2438 445 2447 .
473 2414 520 2447 Et
548 2413 744 2449 incidenter
773 2415 891 2461 culpat
919 2416 983 2450 Pa-

230 2476 333 2511 pam,
370 2462 431 2510 qui
460 2464 637 2511 permittit
676 2464 806 2500 dictam
835 2467 980 2500 Terram

227 2522 433 2561 occupatam
463 2514 660 2550 conculcari
682 2516 724 2550 ab
752 2515 955 2551 Infidelibus
971 2542 982 2560 ‚

227 2564 366 2600 dicens:
394 2576 449 2611 per
477 2566 563 2612 calpa
595 2566 632 2599 di
663 2567 793 2608 Pastor,
821 2566 982 2610 scilicet,

329 2619 417 2650 Tem.
445 2618 505 2650 HI.

1017 310 1051 344 A
1085 296 1262 334 Bonifacii
1311 298 1423 344 Papae
1478 296 1604 338 vm„
1650 297 1712 341 qui
1758 303 1840 328 tunc

1085 349 1242 386 sedebat,
1279 346 1365 383 sicut
1403 347 1472 396 jam
1509 346 1602 382 idem
1642 345 1736 381 dixit
1765 346 1840 379 Au-

1063 428 1064 453 i
1084 399 1162 435 &or
1190 399 1286 447 supra
1301 426 1310 433 .

1136 450 1243 497 Qui-oi
1261 448 1311 493 fu’
1323 449 1352 482 io
1378 468 1565 474 -----

1063 501 1178 547 3Heic
1205 499 1440 548 Cacciaguida
1467 497 1585 546 tangit
1625 497 1718 532 suam
1748 510 1840 534 mor*

1086 560 1157 587 tem
1175 575 1185 590 ‚
1213 550 1351 586 dicens:
1382 549 1510 596 ρκῐυὶ,
1539 547 1695 593 scilicet,
1732 549 1770 584 in
1796 549 1841 584 il-

1086 602 1121 637 la
1147 603 1257 637 Terra
1285 600 1435 636 saneta:

1138 673 1154 679 -
1181 673 1196 679 -
1224 673 1240 679 -
1267 673 1282 678 -
1303 651 1354 696 [ω’
1366 652 1395 685 io
1419 652 1466 686 da
1480 650 1588 697 quella
1610 660 1705 698 gente
1724 660 1818 695 turpa

1138 703 1367 749 Difviluppato
1393 722 1580 729 -----

1065 752 1192 797 ]idest,
1229 752 1432 789 interfectus
1460 765 1477 786 a
1514 752 1719 794 Saracenis,
1755 765 1842 799 quae

1088 817 1170 852 gens
1206 803 1243 839 in
1280 803 1330 839 rei
1377 802 1525 838 veritate
1569 802 1616 838 est
1655 802 1768 852 turpis
1807 804 1840 837 δε

1088 854 1213 890 tristis:

1137 926 1154 931 -
1179 927 1195 932 -
1225 926 1240 931 -
1266 926 1282 931 -
1309 905 1367 940 dal
1392 905 1500 938 mondo
1524 904 1669 947 fallace,-

1089 955 1171 1002 quia
1199 955 1373 990 fallaciter
1401 954 1572 990 mentitur
1612 953 1843 999 felicitatem,

1089 1019 1192 1053 quam
1220 1018 1289 1040 non
1319 1005 1449 1040 habet:

1139 1057 1169 1091 Il
1188 1057 1237 1090 cui
1255 1069 1340 1090 amor
1362 1054 1447 1089 malt‘
1456 1055 1561 1089 anime
1582 1058 1716 1103 deturpa
1731 1083 1742 1100 ‚

1089 1106 1172 1154 quia
1208 1105 1325 1141 inficit
1359 1104 1399 1141 &c
1436 1107 1590 1141 maculat
1628 1107 1762 1141 animas
1803 1105 1845 1142 de

1091 1158 1123 1192 se
1159 1170 1258 1205 puras
1296 1157 1330 1191 &
1368 1156 1533 1191 mundas.
1580 1158 1626 1191 Et
1664 1157 1847 1192 concludit

1091 1207 1326 1243 narrationem
1372 1208 1407 1242 δε
1449 1205 1585 1242 claudit
1611 1208 1846 1256 Capitulum,

1091 1259 1208 1294 dicens
1227 1270 1235 1293 :

1141 1311 1174 1343 E
1196 1308 1295 1342 venm’
1317 1309 1375 1343 dal
1403 1308 1545 1343 martirio
1568 1322 1589 1343 a
1608 1308 1712 1355 questa
1728 1320 1823 1356 pace.

1096 1359 1260 1398 Scilicet,
1298 1358 1391 1394 necis
1420 1358 1460 1394 ad
1489 1369 1662 1394 aeternam
1702 1373 1848 1408 pacem,

1096 1411 1155 1446 ubi
1176 1422 1267 1445 nunc
1290 1409 1384 1445 fruor
1406 1410 1520 1457 palma
1541 1409 1712 1445 viciorum
1732 1424 1847 1446 meae.

1224 1464 1288 1495 Ad
1311 1464 1407 1494 Cant.
1435 1463 1522 1495 XVI.
1552 1461 1634 1505 Vers.
1664 1473 1722 1508 33.

1146 1513 1210 1545 Ma
1231 1524 1290 1544 mm
1311 1523 1363 1544 con
1386 1510 1490 1557 questa
1507 1513 1653 1545 moderna
1667 1512 1814 1555 stavella.

1096 1560 1212 1606 Quia,
1231 1570 1269 1595 ut
1286 1559 1420 1594 diffium
1441 1560 1485 1595 est
1504 1560 1542 1596 in
1562 1561 1733 1613 Capitulo
1755 1575 1851 1609 prae-

1097 1610 1256 1653 cedenti,
1294 1620 1450 1656 tempore
1489 1610 1608 1650 illius,
1650 1612 1852 1649 florentini

1095 1660 1208 1696 Cives
1249 1673 1319 1695 non
1364 1660 1604 1696 discurrebant
1649 1675 1710 1710 per
1749 1675 1851 1697 mun—

1096 1712 1201 1752 dum,
1243 1724 1305 1746 nec
1343 1724 1402 1759 per
1438 1711 1649 1759 consequens
1691 1711 1851 1748 dimitte,

1096 1762 1180 1796 bant
1208 1761 1387 1809 proprium
1413 1761 1547 1797 idioma
1577 1762 1730 1810 patriae,
1766 1762 1852 1798 sicut

1097 1823 1188 1844 nunc
1217 1811 1322 1845 multi
1351 1810 1509 1845 faciunt.
1538 1814 1601 1846 Sed
1629 1822 1722 1846 certe
1747 1812 1852 1859 quida

1097 1859 1182 1907 quid
1209 1859 1366 1902 dicatur,
1395 1860 1617 1904 florentini,
1657 1861 1719 1908 qui
1746 1861 1852 1898 hodie

1096 1908 1603 1957 peregrinantur‚'loquuntur
1628 1913 1743 1947 multo
1770 1914 1850 1961 pul-

1097 1959 1187 1994 crius
1224 1973 1263 1995 ac
1298 1958 1479 2004 ornatius,
1519 1973 1623 2008 quam
1664 1961 1744 2002 illi,
1787 1963 1850 2011 qui

1096 2023 1286 2058 numquam
1322 2011 1528 2046 reeefferunt
1564 2025 1583 2047 a
1624 2011 1750 2048 limine
1789 2027 1851 2061 pa-

1095 2060 1205 2099 triae,
1232 2061 1315 2108 quia
1341 2061 1533 2097 dimittunt
1558 2063 1670 2098 multa
1697 2064 1850 2100 vocabu-

1097 2112 1130 2146 la
1157 2111 1303 2158 inepta,
1330 2124 1418 2159 quae
1445 2111 1525 2148 sunt
1551 2113 1772 2154 Florentiae,
1814 2116 1849 2150 8<

1094 2161 1269 2197 affumunt
1305 2161 1374 2196 alia
1422 2162 1739 2200 convenientiora.
1782 2167 1850 2201 Vel

1095 2211 1211 2251 dicas,
1248 2212 1341 2259 quod
1377 2211 1441 2247 illa
1483 2213 1599 2251 anima
1641 2214 1740 2250 beata
1779 2228 1849 2251 non

1097 2263 1258 2297 utebatur
1284 2275 1376 2297 nunc
1404 2264 1544 2311 loquela
1571 2263 1743 2310 humani,
1779 2265 1850 2302 im-

1095 2326 1155 2347 mo
1191 2313 1384 2361 Angelica.
1423 2315 1470 2349 Et
1509 2314 1694 2362 respondet
1734 2316 1849 2364 primo

1095 2362 1260 2399 secundae
1288 2364 1476 2412 petitioni.
1516 2367 1564 2400 Et
1592 2365 1746 2402 breviter
1771 2368 1850 2403 vult

1094 2414 1231 2457 dicere,
1256 2413 1351 2461 quod
1379 2415 1421 2449 ab
1449 2415 1694 2452 incarnatione
1721 2418 1850 2454 Domi-

1095 2464 1132 2500 ni
1162 2464 1266 2512 usque
1292 2464 1334 2499 ad
1363 2463 1602 2502 Nativitatem
1628 2466 1725 2502 suam
1753 2476 1850 2503 tran-

1095 2514 1248 2550 siverunt
1285 2514 1385 2550 Anni
1427 2514 1538 2552 Mille
1576 2516 1849 2566 Quinquaginta

1096 2567 1288 2611 Quatuor:
1338 2564 1433 2613 quod
1481 2566 1542 2602 dat
1585 2567 1741 2616 intelligi
1789 2581 1849 2616 per

1113 2618 1145 2651 C
1173 2629 1190 2651 c
1218 2628 1236 2649 c
1718 2631 1794 2652 cur—
