2216 3105
333 221 381 248 21

243 220 387 306 ngnto
428 273 509 308 ergo
550 261 675 296 melius
716 261 751 295 &
795 260 997 307 prudentius

243 315 314 359 egit
343 315 370 347 B
395 312 508 349 etius,
551 311 609 357 qui
650 310 681 346 se
718 310 829 359 ipsum
859 309 998 346 fortiter

241 364 273 397 &
304 368 487 406 prudenter
526 360 723 396 consolatus
762 359 807 396 est
833 360 871 395 in
899 369 997 396 tanta

241 410 476 460 indignitate?

486 463 549 496 Ad
577 461 657 506 Vers.
684 473 744 508 74.

292 513 333 547 Vi
347 512 459 559 gimo,
489 513 538 546 che
558 512 714 559 giammai
740 524 799 545 non
820 511 912 558 ruppt'
927 511 997 554 fede

289 563 342 598 ,Al
357 564 417 595 mio
432 563 569 608 signer,
592 562 642 596 che
654 562 692 605 fu
705 561 738 596 d'
749 575 821 595 onor
834 562 862 595 ,εὶ
877 563 994 608 degne.

239 612 383 648 Scilicet
411 612 609 647 Friderico.
647 612 709 647 Sed
739 621 880 647 contra.
921 611 996 659 Ipse

241 665 362 698 Petrus
390 663 427 697 in
455 662 659 709 quibusdam
688 661 874 710 Epistolis,
911 675 994 708 quas

238 712 325 748 fecit
351 713 392 747 de
419 712 630 748 infelicitate
654 712 731 751 sua,
760 712 944 761 profitetur
964 711 995 746 se

239 772 444 798 nocentem.
474 763 565 798 Dico
594 762 766 803 breviter,
795 761 887 810 quod
913 762 995 797 illae

238 813 412 861 Epistolae
455 826 525 848 non
580 812 718 848 fuerunt
769 812 868 855 suae,
909 813 995 847 licet

237 863 425 898 videantur
452 863 576 898 habere
604 862 888 898 conformitatem
915 875 992 897 cum

237 913 317 949 stilo
357 913 416 948 suo
434 941 442 948 .
484 916 530 948 Et
573 913 681 960 polito
726 912 819 960 quod
865 911 994 947 fuerint

237 963 338 1005 suae,
384 963 449 998 hoc
495 963 644 998 faciebat
688 965 807 998 Petrus
844 962 914 1010 ipse
953 962 993 996 ad

237 1013 495 1048 conciliandam
523 1013 585 1048 fibi
612 1013 761 1060 gratiam
798 1012 992 1060 Principis.

237 1065 286 1098 Et
312 1064 394 1110 quia
421 1063 537 1111 dicit3

287 1134 517 1139 ------
544 1114 594 1147 che
615 1113 655 1156 fu
680 1111 796 1147 d’onor
820 1114 848 1146 s)
874 1114 992 1159 degno.

203 1175 207 1179 ’
237 1162 396 1198 Contra.
438 1163 656 1206 FridericuS,
692 1173 731 1198 ut
771 1163 904 1198 digium
948 1162 992 1197 est
1022 1186 1024 1202 1„

236 1215 342 1248 Cant.
370 1216 411 1247 X.
432 1213 500 1248 fuit
521 1213 749 1255 Haereticus,
778 1214 968 1260 Epicureus
984 1241 991 1254 ,

235 1263 578 1298 excommunicatus.
605 1263 796 1307 Quomodo
821 1276 902 1311 ergo
923 1263 991 1298 fuit

233 1312 366 1347 honore
401 1312 547 1359 dignus,
588 1325 695 1358 quum
739 1312 850 1347 honor
890 1313 992 1348 exhi-

235 1363 356 1397 beatur
383 1361 420 1396 in
448 1362 687 1396 testimonium
717 1361 885 1397 virtutis?
925 1363 990 1397 Di-

233 1425 275 1447 co
303 1412 478 1453 brevitcr,
521 1411 612 1458 quod
641 1411 837 1446 Fridericus
855 1438 863 1454 ,
904 1412 989 1447 ficut

233 1463 267 1497 &
295 1462 410 1497 omnis
438 1462 632 1500 Dominus,
661 1461 705 1496 est
733 1461 858 1508 dignus
878 1461 991 1496 hono-

231 1525 287 1551 re,
315 1525 385 1547 non
413 1511 549 1547 ratione
577 1510 742 1555 virtutis,
781 1511 834 1546 sed
872 1512 989 1560 digni-

231 1562 337 1601 tatis,
364 1562 447 1610 quia
468 1561 642 1596 Dominus
662 1561 892 1605 repraesentat
914 1576 989 1610 per-

231 1612 351 1648 sonam
379 1612 489 1647 totius
518 1611 762 1647 multitudinis
780 1637 788 1650 ,
815 1613 848 1647 23<
878 1613 989 1648 honor

231 1662 294 1697 fibi
334 1662 514 1697 exhibitus
549 1661 718 1697 redundat
753 1662 791 1696 in
820 1663 985 1698 honorem

230 1712 530 1747 Communitatis.
558 1712 641 1747 Ideo
670 1712 753 1746 bene
775 1712 864 1747 dicit
888 1715 988 1761 Apo-

229 1762 354 1797 stolus:
401 1761 497 1796 Servi
538 1762 664 1806 subditi
703 1761 791 1803 estote
840 1764 988 1797 Dominis

228 1811 350 1853 etiamst
375 1812 519 1851 discolis.
549 1811 744 1847 Fridericus
772 1822 898 1847 autem.
920 1812 987 1848 fuit

228 1862 360 1898 summe
388 1861 558 1910 gloriosus
585 1862 678 1896 inter
708 1863 886 1911 Principes
911 1876 986 1898 mo-

229 1913 372 1947 dernos.
412 1915 502 1948 Nam
531 1926 549 1947 a
577 1913 708 1947 Carolo
735 1912 870 1959 Magno
899 1914 985 1949 citra
1020 1948 1021 1951 ,

228 1976 299 1998 non
336 1963 404 1997 fuit
440 1962 529 1997 alius
567 1964 760 2010 Imperator
808 1966 985 1998 Romano-

228 2026 304 2048 rum
343 2012 625 2061 magnificentior
649 2038 659 2052 ,
705 2022 764 2048 aut
807 2015 985 2061 potentior

228 2076 288 2097 eo.
329 2063 410 2097 Fuit
445 2062 540 2098 enim
570 2065 763 2109 Imperator
807 2066 983 2100 Romano-

227 2125 326 2150 rum,
349 2114 421 2147 Rex
443 2113 700 2155 Alamanniae,
724 2116 797 2149 Rex
820 2115 984 2154 Siciliae,

227 2164 259 2197 δε
290 2161 463 2205 Apuliae,
505 2164 579 2197 Rex
616 2163 857 2208 Hierusalem,
901 2168 981 2201 Dux

227 2211 396 2255 suaviae,
439 2225 668 2259 magnamque
705 2223 835 2261 partem
865 2216 982 2260 Syriae

226 2261 361 2298 tenuit.
402 2261 485 2296 Fuit
527 2263 678 2297 multum
721 2262 926 2300 formidatus
964 2280 981 2301 a

225 2311 434 2348 Christianis
461 2313 495 2346 &
523 2313 699 2348 Saracenis
726 2315 814 2350 mari
851 2316 883 2350 δε
913 2325 982 2351 ter-

224 2364 278 2398 ra.
308 2362 444 2398 Habuit
471 2362 641 2408 inclytam
665 2364 820 2411 prolem,
846 2365 981 2403 scilicet

223 2413 420 2449 Henricum
458 2412 759 2462 primogenitum,
809 2416 870 2463 qui
912 2417 981 2453 fuit

222 2463 365 2499 claudus
391 2476 562 2511 corpore,
591 2464 645 2499 sed
674 2464 813 2513 integer
840 2477 978 2504 mente.

223 2515 361 2552 Habuit
376 2514 579 2552 Conradum
596 2515 868 2564 pulcherrimum
881 2544 889 2553 .
904 2520 980 2554 Ha—

1019 1959 1022 2093 ψ

1015 2095 1022 2418 l

596 200 895 244 COMMENT.
926 202 990 244 IN
1018 201 1246 248 DANTIS
1274 201 1515 243 COMOED.

1037 268 1067 301 A

1028 2061 1056 2093 E

1727 218 1805 256 322

1111 260 1188 296 buit
1224 260 1446 295 Manfredum
1490 258 1790 298 liberaliffimum,
1831 261 1864 294 δ(

1110 310 1255 346 Eritium
1285 309 1571 345 strenuissimum.
1599 311 1718 345 Multa
1738 311 1771 345 δε
1795 322 1867 344 ma-

1109 374 1175 409 gna
1203 359 1353 395 Castella
1382 359 1488 397 fecit,
1530 361 1711 406 praecipue
1748 361 1785 395 in
1814 361 1866 395 A·

1111 410 1224 459 pulia.
1264 410 1346 445 Fuit
1375 410 1571 444 Fridericus
1599 409 1742 444 staturae
1769 422 1866 444 com-

1110 461 1246 498 munis,
1274 460 1362 495 facie
1390 461 1522 497 laetus,
1550 460 1666 494 colore
1690 458 1866 502 subrufus,

1109 511 1236 546 habens
1265 511 1419 545 membra
1455 510 1603 557 quadra.
1648 509 1869 545 Naturaliter

1110 561 1286 609 prudens3
1325 561 1406 596 latis
1434 560 1620 595 literatus:
1661 558 1866 595 universalis

1109 612 1146 646 in
1173 612 1337 646 omnibus
1364 612 1483 646 rebus.
1512 612 1596 645 Erat
1620 611 1713 645 enim
1736 609 1866 657 peritus

1109 661 1235 697 artifex
1263 661 1422 696 omnium
1452 661 1520 696 fere
1550 662 1693 696 Artium
1721 659 1867 695 Mecha-

1110 712 1287 750 nicarum,
1316 712 1442 759 quibus
1470 710 1625 746 animum
1648 711 1864 746 intenderat.

1108 764 1305 797 Multarum
1335 763 1553 810 Linguarum
1581 761 1722 796 d05ius.
1751 761 1865 796 Scivit

1109 814 1203 848 enim
1232 814 1343 847 multa
1371 813 1562 854 idiomata,
1601 811 1734 847 scilicet
1763 810 1866 847 Lati—

1110 876 1214 902 num,
1241 863 1501 903 Teutonicum,
1529 862 1729 900 Gallicum,
1757 864 1866 897 Grae-

1109 926 1214 952 cum,
1243 913 1507 948 Saracenicum.
1545 914 1708 948 Strenuus
1747 912 1783 947 in
1813 925 1866 947 ar-

1109 964 1195 998 mis.
1239 963 1327 998 Satis
1364 963 1542 998 liberalis.
1586 962 1734 1010 Rigidus
1763 962 1864 1009 puni-

1108 1023 1186 1048 tor.
1215 1013 1463 1049 Dele&abatur
1490 1012 1589 1047 valde
1611 1013 1759 1060 aucupio
1786 1013 1866 1046 Fal-

1107 1076 1255 1103 conum,
1283 1063 1338 1099 sed
1366 1065 1480 1099 multo
1508 1063 1619 1110 magis
1646 1063 1864 1111 amplexibus

1065 1115 1069 1116 ⁷
1107 1114 1292 1149 mulierum
1307 1140 1314 1148 .
1335 1115 1497 1149 Habebat
1517 1115 1610 1148 enim
1634 1112 1765 1159 semper
1786 1126 1863 1160 gre-

1076 1169 1077 1178 *
1106 1178 1183 1212 gem
1213 1164 1543 1212 pulcherrimarum.
1571 1165 1617 1198 Et
1645 1173 1682 1198 ut
1712 1163 1864 1198 breviter

1075 1255 1077 1259 .
1106 1215 1217 1250 dicam
1236 1241 1245 1249 .
1273 1216 1388 1249 Totus
1417 1224 1597 1252 terrenus,
1626 1213 1736 1262 magis
1765 1213 1863 1260 cupi-

1105 1265 1167 1299 dus
1197 1264 1309 1312 Regni
1337 1264 1528 1304 mundani,
1554 1277 1659 1311 quam
1689 1263 1861 1299 coelestis.

1105 1314 1178 1360 Qui
1208 1315 1398 1360 imperavit
1425 1314 1524 1350 annis
1566 1317 1677 1349 XXX.
1705 1315 1737 1348 S<
1769 1314 1863 1349 vixit

1074 1352 1077 1365 ¹
1104 1365 1203 1400 annis
1230 1366 1348 1400 Lvn.

1269 1416 1331 1449 Ad
1358 1415 1440 1458 Vers.
1461 1416 1520 1461 75.
1546 1414 1591 1453 όν
1605 1416 1690 1462 seqq.

1155 1467 1202 1499 Et
1222 1464 1256 1507 se
1281 1465 1318 1498 di
1342 1466 1397 1498 voi
1423 1466 1513 1499 alcun
1542 1467 1592 1498 nel
1619 1467 1728 1499 mondo
1754 1465 1838 1499 riede

1154 1514 1296 1558 Conforti
1322 1515 1355 1548 la
1382 1516 1525 1549 memoria
1551 1515 1616 1549 mia
1642 1537 1658 1541 -
1684 1537 1700 1541 -
1727 1537 1742 1541 —
1770 1537 1786 1542 -

1105 1564 1196 1600 Heic
1216 1574 1299 1599 nota
1315 1589 1325 1603 ‚
1353 1564 1505 1603 Lector,
1526 1565 1618 1612 quod
1640 1566 1777 1601 Auffior
1803 1566 1861 1601 be-

1073 1628 1146 1650 ⁴ne
1183 1615 1334 1649 servavit
1373 1615 1573 1662 promissum
1614 1617 1737 1655 Petro,
1779 1616 1862 1663 quia

1104 1666 1189 1700 bene
1217 1664 1435 1700 resuscitavit
1464 1666 1589 1700 bonam
1618 1665 1745 1701 famam
1768 1679 1862 1701 mor—

1104 1726 1222 1753 tuam,
1251 1716 1394 1763 purgata
1421 1715 1590 1751 infamia.
1628 1717 1722 1762 Quia
1751 1718 1860 1752 donec

1103 1766 1212 1801 Liber
1253 1765 1311 1800 iste
1360 1766 1480 1804 vivet,
1528 1766 1657 1814 semper
1698 1768 1860 1810 dicetur,

1103 1815 1195 1864 quod
1227 1817 1345 1850 Petrus
1373 1816 1431 1851 iste
1458 1815 1526 1851 fuit
1552 1816 1675 1865 injuste
1712 1817 1859 1852 infama—

1104 1875 1180 1908 tus,
1216 1866 1249 1900 &
1288 1865 1409 1912 injuste
1448 1866 1608 1913 punitus.
1650 1869 1696 1902 Et
1737 1867 1859 1906 credo,

1103 1915 1194 1964 quod
1225 1915 1362 1950 Au<9mr
1388 1929 1457 1950 non
1486 1917 1607 1952 fecerit
1645 1917 1710 1952 hoc
1738 1926 1858 1952 contra

1073 1965 1378 2013 *conscientiamg
1417 1966 1498 2013 quia
1537 1968 1626 2002 ultra
1669 1967 1796 2002 famam
1824 1969 1858 2002 8<

1105 2016 1306 2064 scripturam
1329 2017 1550 2064 aliquorum,
1575 2018 1720 2052 habebat
1742 2018 1858 2063 conje-

1103 2067 1235 2102 &uram
1275 2065 1522 2102 verisimilem.
1568 2069 1658 2103 Nam
1707 2067 1859 2102 Frideri-

1103 2131 1161 2152 cus
1199 2119 1242 2152 ΙΙ.
1285 2116 1400 2152 filium
1442 2117 1539 2152 suurn
1583 2118 1859 2166 primogenitum

1103 2166 1263 2203 similiter
1290 2166 1536 2211 innocentem,
1564 2169 1596 2202 ὃς
1627 2167 1711 2202 falso
1739 2168 1859 2203 crimi—

1102 2231 1144 2252 ne
1172 2217 1384 2266 proditionis
1419 2217 1627 2253 infamatum
1657 2218 1740 2254 fecit
1769 2218 1860 2254 mori

1102 2268 1138 2303 in
1176 2281 1309 2303 carcere
1347 2267 1426 2303 suo.
1471 2269 1571 2303 Unde
1607 2269 1708 2304 debes
1746 2269 1858 2308 scire,

1101 2318 1193 2366 quod
1222 2319 1396 2354 Henricus
1425 2318 1678 2366 primogenitus
1707 2319 1859 2354 Frideri—

1102 2369 1156 2409 ci,
1183 2378 1348 2417 operante
1376 2379 1492 2417 patre,
1523 2370 1652 2405 eleffius
1682 2372 1754 2405 Rex
1787 2373 1856 2404 Ro-

1100 2432 1280 2455 rnanorum
1296 2444 1306 2458 ,
1334 2433 1376 2454 ex
1405 2419 1616 2455 conscientia
1640 2421 1756 2466 coepit
1776 2432 1855 2455 cum

1098 2469 1301 2505 humilitate
1340 2471 1374 2504 ὃς
1416 2470 1610 2505 reverentia
1651 2484 1769 2518 rogare
1798 2483 1856 2506 ,na-

1097 2530 1208 2560 trem,
1236 2527 1275 2555 ut
1302 2518 1441 2556 cessaret
1465 2534 1484 2556 a
1505 2521 1766 2604 perturbatione
1788 2522 1855 2554 Ec-

1734 2582 1750 2604 c
1770 2581 1805 2604 e*
