2216 3105
486 222 571 260 439
763 206 1235 249 BENVENUTI
1278 205 1719 249 JMOLENSJS
1903 221 1989 261 440

479 266 509 296 Ε
538 278 595 298 non
623 278 675 298 con
702 268 855 305 saracin,
893 267 930 300 n&
958 280 1009 300 :on
1036 267 1179 304 Giua'ei,
1208 267 1252 304 ΙΑ
1291 266 1366 309 Qui
1393 265 1637 301 deficientibus
1665 263 1843 311 stipendiis
1870 265 2045 300 Domino-

425 311 531 354 Quasi
567 314 692 355 dicat,
729 316 840 351 immo
886 329 964 351 cum
1015 316 1182 352 Christia-

424 366 502 402 nis,
540 378 618 400 cum
656 367 781 412 quibus
812 366 1082 401 misericorditer
1109 375 1182 402 erat

425 415 617 461 agendum.
645 419 692 452 Et
719 416 870 452 declarat
898 415 995 452 suum
1022 416 1180 460 dietum,

424 464 543 501 dicens
560 479 569 501 τ

474 519 539 550 Che
565 516 685 561 ciafiun
706 517 763 561 suo
791 518 904 551 nemico
929 530 983 552 era
1002 517 1179 558 Cvisliano.

424 566 529 611 Quasi
555 567 669 602 dicat:
702 568 817 602 nullus
838 581 956 601 eorum
986 566 1097 602 fuerat
1124 567 1180 601 in—

425 616 537 651 fidelis
555 644 563 660 ‚
593 630 672 652 cum
701 616 942 651 mercimoniis
970 616 1180 652 conferendo

424 668 473 702 eis
514 668 608 702 lucra
647 668 702 701 vel
740 666 923 700 commoda
961 666 1103 713 aliqua,
1140 665 1178 701 in

423 716 549 764 quibus
577 715 704 751 casibus
743 716 894 751 Praelati
929 715 1042 750 solent
1082 729 1178 763 prae-

422 768 541 802 cedere
570 766 806 802 Christianos.
835 765 898 801 Sed
925 779 968 801 ne
996 765 1176 801 dimittam

421 817 557 865 aliquid
577 816 781 856 obscurum,
809 816 911 851 debes
939 815 1024 851 scire
1044 816 1085 851 ad
1107 818 1178 852 cla-

421 881 494 903 ram
523 867 800 915 intelligentiam
829 867 930 914 hujus
957 867 1079 902 literae
1099 880 1177 902 cru-

420 918 496 954 dele
524 917 700 953 excidium
721 916 897 953 Civitatis
919 919 1042 952 Acon.
1069 918 1176 962 Quod

421 969 574 1004 breviter
618 967 687 1003 fuit
727 969 797 1003 tale
824 994 832 1003 .
875 970 983 1002 Anno
1025 967 1175 1003 Domini

418 1021 608 1055 MCCXC.
646 1018 814 1054 soldanus
851 1017 1067 1063 Babyloniae
1103 1021 1176 1053 Ae-

420 1069 542 1118 gypti,
571 1069 663 1104 faeto
691 1068 849 1104 maximo
877 1077 1065 1117 apparatu,
1094 1081 1172 1104 cum

419 1118 670 1156 innumerabili
698 1118 856 1154 exercitu
885 1118 1029 1153 transito
1062 1118 1174 1154 deser-

419 1179 479 1210 to,
508 1170 606 1205 venit
635 1169 671 1204 in
699 1169 856 1215 Syriam,
883 1169 917 1203 &
944 1168 1080 1204 obsedit
1107 1168 1175 1205 Ci-
1212 1170 1244 1208 C

419 1221 568 1257 vitatem
607 1221 730 1255 Acon.
767 1218 883 1254 Causa
919 1228 1035 1254 autem
1074 1219 1174 1268 hujus

418 1270 633 1310 obsidionis,
670 1269 753 1306 ficut
781 1271 975 1305 retulerunt
1003 1269 1108 1305 multi
1136 1268 1173 1305 &

418 1322 536 1370 magni
574 1330 782 1356 mercatores
805 1347 814 1363 ,
855 1320 916 1367 qui
957 1319 1096 1355 fuerunt
1132 1334 1173 1355 eo

418 1381 573 1420 tempore
601 1370 673 1409 ibi,
701 1370 832 1406 dicitur
859 1370 957 1405 fuiss‘e
984 1370 1084 1405 talis.
1113 1372 1172 1405 Sa-

416 1424 463 1459 tis
491 1422 641 1461 constat,
669 1421 761 1468 quod
790 1420 949 1456 Saraceni
978 1429 1057 1454 ante
1084 1419 1169 1455 istud

415 1483 552 1516 tempus
588 1471 795 1507 abstulerant
832 1469 1038 1505 Christianis
1066 1470 1170 1505 Civi-

415 1533 521 1559 tatem
551 1521 789 1564 Antiochiae,
826 1520 1007 1563 Tripolim
1025 1547 1035 1563 ‚
1070 1521 1104 1555 ὃ(
1133 1533 1168 1555 a—

413 1573 478 1609 lias
515 1575 667 1610 Terras,
704 1584 788 1619 quas
825 1569 1014 1606 Christiani
1051 1579 1167 1605 tenere

413 1623 570 1659 solebant
607 1622 648 1657 ad
689 1621 868 1656 maritima
894 1647 902 1655 .
944 1622 1166 1669 Quapropter

411 1676 514 1709 Acon
544 1673 693 1708 multum
723 1682 796 1707 erat
832 1671 1046 1719 amplificata
1081 1671 1164 1706 viris

410 1725 443 1759 8<
482 1723 654 1758 mercibus
676 1747 687 1761 ,
724 1721 807 1769 quia
843 1721 912 1756 alia
949 1723 1057 1756 Terra
1095 1735 1164 1755 non

410 1775 592 1809 tenebatur
619 1773 654 1808 in
692 1773 791 1817 Syria
829 1785 886 1819 per
922 1771 1162 1819 Christian033

408 1823 459 1860 ita
487 1823 579 1872 quod
610 1825 684 1858 Rex
712 1822 956 1865 Hierusalem,
987 1824 1061 1856 Rex
1090 1823 1163 1867 Cy-

409 1874 482 1923 pri,
524 1873 702 1920 Principes
730 1872 966 1910 Antiochiae,
1005 1874 1162 1917 Congre-

406 1924 503 1973 gatio
530 1923 699 1972 Templi,
738 1922 922 1968 Hospitale
959 1922 1075 1957 San&i
1104 1925 1163 1965 Jo—

406 1974 552 2018 hannis,
579 1976 613 2009 8<
641 1974 730 2008 aliae
758 1974 894 2012 Aulam,
923 1974 1075 2020 Legatus
1099 1975 1162 2007 Pa-

403 2038 486 2074 pae,
513 2027 546 2060 δ(
570 2023 758 2066 Praesides,
787 2023 847 2070 qui
869 2023 1105 2058 remanserunt
1132 2023 1163 2058 i-

406 2077 441 2111 bi
470 2089 531 2124 pro
570 2078 663 2122 Rege
700 2074 887 2112 franciae,
923 2075 956 2108 &
986 2073 1161 2122 Angliae,

405 2139 525 2161 omnes
554 2125 728 2160 faciebant
756 2135 858 2171 caput
887 2124 922 2159 in
953 2123 1064 2166 Acri,
1101 2123 1161 2159 ubi

405 2186 503 2212 erant
531 2175 582 2211 ibi
611 2173 700 2210 forte
730 2174 848 2209 decem
878 2175 911 2209 &
940 2173 1068 2222 septem
1099 2173 1161 2209 do-

406 2226 542 2260 minia.
579 2228 626 2260 Et
654 2224 783 2272 singula
811 2225 984 2259 habebant
1020 2223 1160 2272 jurisdi-

403 2276 558 2311 &ionem
601 2274 776 2321 sanguinis
800 2301 808 2309 .
852 2274 958 2319 Quod
1005 2274 1161 2322 pariebat

404 2339 565 2374 magnam
608 2324 842 2359 confusionem
865 2350 874 2359 .
914 2327 966 2359 Eo
1003 2333 1160 2372 tempore

405 2376 517 2412 fuerat
558 2386 702 2423 treugua
744 2374 838 2410 inter
873 2373 1089 2409 Christianos
1124 2376 1158 2409 &

404 2429 613 2463 Saracenos.
651 2428 697 2460 Et
733 2424 769 2459 in
808 2426 910 2459 Acon
948 2434 1046 2460 erant
1083 2426 1159 2472 plu-

403 2477 522 2525 squam
551 2477 668 2510 decem
697 2476 730 2510 &
758 2474 840 2509 οὲὶο
866 2476 980 2510 millia
1009 2477 1158 2523 peregri-

404 2540 528 2564 norum
557 2526 741 2563 hominum
781 2524 991 2573 signatorum
1019 2527 1158 2562 Cruce.

1291 328 1367 350 rum
1395 317 1428 351 8(
1453 317 1706 352 Communium
1736 315 1895 354 suorum,
1923 328 2045 362 coepe-

1291 376 1371 401 runt
1410 366 1543 402 violare
1582 367 1733 409 viduas,
1776 365 1968 413 praedando
2005 363 2044 400 &

1290 416 1479 463 jugulando
1516 419 1725 456 Saracenos,
1766 415 1827 464 qui
1856 416 2044 450 veniebant

1290 469 1416 506 Acon,
1451 466 1511 502 sub
1541 467 1722 502 securitate
1751 476 1934 510 treuguae,
1963 477 2042 500 cum

1288 530 1406 552 eorum
1445 518 1615 553 mercibus
1652 519 1685 552 &
1714 516 1950 552 victualibus.
1988 515 2042 550 Si-

1289 567 1422 602 militer
1460 568 1557 602 ibant
1599 568 1636 603 in
1674 567 1832 615 praedam
1871 580 1929 614 per
1965 567 2042 600 loca

1287 617 1540 651 circumvicina
1564 643 1572 652 .
1613 619 1756 664 Propter
1791 617 1884 664 quod
1922 615 2043 651 Solda-

1286 679 1349 701 nus
1376 666 1530 713 graviter
1556 666 1730 705 offensus,
1768 665 1860 700 mifit
1888 669 2041 713 Legatos

1286 715 1327 750 ad
1355 729 1406 750 res
1435 715 1617 763 petendas,
1644 714 1683 751 &
1711 715 1903 763 puniendos
1926 716 2043 762 viola-

1287 775 1380 801 tores
1408 774 1596 814 treuguae,
1633 765 1717 800 ficut
1744 765 1789 800 est
1816 765 1857 800 de
1892 764 2041 811 antiquo

1287 816 1359 863 jure
1386 816 1566 864 gentium.
1593 816 1656 851 Sed
1685 825 1811 864 negato
1838 815 1932 863 jure,
1963 815 2041 849 Sol-

1285 866 1392 902 danus
1426 880 1505 902 cum
1534 867 1691 901 maximo
1729 875 1911 913 potentatu
1941 864 2040 900 venit

1287 915 1384 964 supra
1410 917 1628 952 Civitatem.
1667 918 1768 951 Unde
1804 916 1876 964 ejus
1904 915 2038 951 exerci-

1285 975 1340 1002 tus
1367 967 1559 1015 occupabat
1595 981 1654 1015 per
1689 966 1872 1002 duodecim
1904 966 2039 1001 millia-

1284 1016 1335 1052 ria
1361 1043 1369 1052 .
1414 1019 1460 1053 Et
1497 1030 1575 1053 cum
1614 1017 1842 1052 multitudine
1878 1016 2038 1064 gentium

1283 1067 1434 1115 replevit
1454 1066 1553 1103 fossas
1575 1067 1779 1116 profundas.
1799 1069 1852 1101 Ex
1874 1079 1940 1101 una
1962 1079 2038 1111 par-

1282 1126 1317 1152 te
1344 1127 1546 1166 receperunt
1578 1118 1728 1166 primum
1760 1117 1931 1152 ambitum
1961 1129 2038 1151 mu-

1281 1181 1421 1208 rorum,
1454 1167 1491 1203 &
1521 1168 1706 1204 secundum
1735 1167 1890 1203 fecerunt
1918 1167 2037 1202 cadere

1281 1231 1360 1254 cum
1389 1218 1572 1255 curriculis
1608 1220 1642 1253 &
1678 1218 1862 1266 operibus.
1900 1219 1945 1251 Et
1982 1230 2036 1252 ce-

1284 1277 1407 1316 perunt
1435 1283 1595 1317 magnam
1624 1269 1792 1310 Turrim,
1820 1281 1907 1315 quae
1932 1280 2035 1301 voca-

1283 1320 1382 1354 batur
1409 1319 1628 1356 Maleditsta.
1665 1319 1728 1354 Sed
1756 1331 1834 1353 cum
1864 1327 1940 1352 toto
1968 1316 2033 1351 hoc

1281 1382 1350 1404 non
1381 1380 1516 1417 poterat
1543 1369 1620 1417 capi
1645 1369 1806 1407 Civitas,
1835 1366 1915 1415 quia
1944 1366 2033 1402 illud

1281 1419 1373 1465 quod
1416 1420 1591 1456 faciebant
1628 1418 1785 1454 Saraceni
1822 1417 1863 1452 de
1900 1416 2032 1455 nobie,

1281 1468 1470 1505 Christiani
1497 1469 1700 1505 reficiebant
1727 1468 1768 1503 de
1796 1468 1873 1506 die,
1910 1468 1942 1501 δ(
1971 1468 2034 1501 ob-

1278 1518 1448 1566 stipabant
1477 1532 1597 1554 caveas
1626 1532 1704 1553 cum
1734 1518 1838 1553 saccis
1868 1519 1966 1552 lanae
1994 1515 2032 1552 ὃς

1277 1569 1452 1605 bambacis
1464 1597 1472 1605 .
1489 1571 1535 1605 Et
1550 1569 1714 1617 Magister
1729 1568 1909 1603 Generalis
1927 1569 2034 1602 Tern-

1279 1619 1351 1667 pli,
1389 1620 1450 1667 qui
1490 1620 1637 1655 habebat
1674 1618 1884 1657 custodiam,
1923 1618 2034 1652 multa

1278 1669 1460 1716 prudentia
1474 1671 1507 1705 &
1530 1669 1704 1716 probitate
1722 1668 1926 1703 defendebat
1942 1669 2031 1703 Ter-

1276 1733 1369 1754 ram.
1397 1720 1460 1755 Sed
1488 1719 1561 1754 fato
1589 1718 1738 1754 faciente
1765 1719 1965 1753 vulneratus
1994 1718 2031 1752 in

1278 1769 1419 1805 brachio
1461 1783 1539 1805 cum
1579 1782 1645 1804 una
1682 1768 1806 1817 sagitta
1843 1768 2030 1806 toxicata,

1276 1833 1318 1855 ex
1347 1833 1388 1855 eo
1415 1821 1558 1855 vulnere
1585 1819 1678 1854 intra
1716 1832 1842 1867 paucos
1870 1819 1942 1854 dies
1971 1831 2031 1853 ex-

1276 1869 1441 1918 spiravit.
1469 1871 1579 1917 Cujus
1606 1879 1719 1904 morte
1744 1868 1932 1904 Christiani
1961 1877 2030 1903 ter-

1275 1920 1360 1963 riti,
1390 1920 1474 1956 sagii
1503 1921 1580 1955 sunt
1610 1919 1803 1955 inordinati
1832 1917 1869 1953 ὅ(
1898 1916 2028 1953 discor-

1275 1970 1332 2006 des
1359 1970 1396 2005 in
1425 1970 1618 2006 defensione
1645 1971 1678 2005 8<
1708 1968 1857 2004 custodia
1886 1967 2028 2004 Civita-

1275 2021 1320 2056 tis
1357 2031 1497 2069 propter
1533 2019 1765 2055 confusionem
1795 2018 2028 2056 antediRam.

1274 2073 1327 2106 Ex
1355 2084 1425 2119 quo
1452 2080 1641 2118 coeperunt
1668 2084 1809 2112 omnes,
1840 2070 1898 2117 qui
1929 2078 2028 2117 pote-

1272 2131 1351 2157 rant
1378 2121 1531 2170 refugere
1559 2121 1598 2156 ad
1629 2134 1741 2160 mare,
1778 2123 1954 2155 recedere.
1995 2122 2027 2155 1-

1272 2172 1337 2207 deo
1364 2172 1524 2207 Saraceni
1561 2171 1628 2206 fine
1657 2169 1909 2207 intermissione
1945 2170 2025 2206 infi-

1271 2222 1393 2258 stentes
1413 2223 1633 2258 intraverunt
1653 2220 1852 2258 Civitatem
1875 2234 1952 2256 cum
1973 2221 2026 2257 fu-

1272 2286 1368 2313 rore,
1404 2287 1525 2309 omnes
1552 2272 1788 2316 trucidantes,
1824 2271 1942 2307 omnia
1970 2285 2024 2306 ra·-

1272 2324 1427 2372 pientes,
1454 2325 1488 2359 &
1509 2323 1726 2359 abduxerunt
1754 2323 1790 2358 in
1820 2321 2022 2357 servitutem

1272 2375 1366 2409 viros
1393 2373 1431 2410 ἃ
1461 2374 1623 2409 mulieres
1652 2374 1830 2408 viventes.
1860 2374 1903 2406 Et
1930 2370 2022 2407 inter

1270 2424 1430 2460 homines
1463 2424 1640 2471 utriusque
1678 2424 1773 2458 sexus
1802 2423 1877 2457 Lx.
1907 2421 2022 2457 millia

1270 2473 1308 2510 ἅ
1335 2476 1427 2510 ultra
1462 2475 1560 2510 fuiffe
1595 2474 1806 2509 referuntur.
1845 2474 2021 2507 Damnum

1270 2538 1383 2560 rerum
1410 2526 1444 2559 &
1473 2524 1692 2573 personarum
1720 2522 1788 2558 fuit
1814 2521 2021 2558 infinitum.

1925 2575 1973 2607 Et
