2216 3105
297 202 311 229 1

203 202 296 291 quosd
323 203 512 291 3Vergilius
547 241 654 278 suerit
695 240 817 277 auetor
854 241 956 290 hujus

198 293 356 330 Caveae.
385 292 565 341 Vergilius
592 292 687 328 enim
716 305 854 341 peregre
879 305 956 327 mo—

198 346 313 385 ricus,
340 344 423 380 dum
451 342 729 391 proficisceretur
768 343 806 378 in
847 344 956 378 Grae-

199 395 313 438 ciam,
341 394 538 430 infirmatus
559 394 596 429 in
618 394 698 436 via,
726 393 820 429 inter
841 401 956 428 extre-

199 458 256 481 ma
283 444 426 494 suspiria
453 444 651 480 recordatus
679 443 724 480 est
751 444 827 479 suae
863 445 956 479 Nea-

201 495 312 545 polis.
358 497 405 531 Et
444 495 604 531 obtinuit
643 495 761 531 reduci
790 493 829 530 ad
859 507 956 534 eam,

169 566 176 573 ·
202 554 262 591 ut,
290 559 394 594 quam
423 546 526 582 vivus
548 556 746 585 amaverat,
775 542 958 580 desanaus

202 598 352 633 coleret.
389 596 449 632 Ab
477 598 546 633 alia
584 606 679 646 parte
717 595 887 642 Neapolis
914 594 959 630 est

202 647 291 683 alius
328 660 450 686 mons,
487 648 577 683 olim
613 647 726 682 dietus
763 646 958 685 Vesaems,

203 697 308 733 hodie
344 700 428 732 verb
466 699 573 746 vulgo
609 706 756 732 vocatur
794 698 960 732 Summa.

203 748 277 784 Hic
305 760 406 783 mons
434 747 572 796 biceps,
608 747 802 796 imperante
846 748 960 783 Nero-

203 812 269 837 ne,
296 797 406 834 faetus
433 798 478 833 est
505 798 645 838 ardens,
682 796 721 834 δε
762 810 822 846 per
848 797 962 833 multa

204 849 326 885 Secula
353 848 471 897 ignem
499 848 632 884 emifit.
673 847 731 884 Ad
758 847 852 896 quod
888 846 962 895 spe-

205 899 382 936 &acutum
419 899 507 934 olim
545 898 682 935 acceffit
724 898 861 934 Plinius
901 899 960 933 Se-

206 949 337 986 cundus
365 949 591 989 Veronenfis,
620 949 718 985 causa
745 947 889 985 videndi
923 946 962 983 &

206 999 435 1048 cognoscendi
457 1000 570 1036 causas
591 999 767 1036 incendii.
793 999 856 1035 Sed
877 1010 962 1033 ven-

207 1058 244 1085 to
292 1049 442 1086 cinerem
479 1052 513 1085 8<
556 1050 716 1086 favillam
763 1049 961 1087 excitante,

207 1100 380 1149 oppressus
407 1100 471 1136 est.
498 1100 623 1149 Sicque
650 1099 739 1136 illud
767 1099 887 1136 ardens
907 1098 962 1134 in-

207 1150 348 1200 genium
376 1151 500 1187 vivum
528 1150 700 1199 sepultum
730 1150 776 1186 est
802 1150 841 1186 in
868 1149 963 1185 cine-

207 1201 302 1236 ribus
328 1201 422 1237 illis.
450 1202 506 1237 Sic
536 1201 704 1249 Neapolis
731 1213 775 1238 ex
801 1213 867 1236 una
888 1212 965 1248 par-

207 1259 244 1286 te
280 1251 428 1287 custodit
469 1252 669 1301 Vergilium
706 1252 963 1289 Mantuanum2

209 1314 251 1337 ex
280 1301 349 1336 alia
377 1301 535 1337 Plinium
562 1300 819 1345 Veronensem,
847 1300 964 1336 virum

208 1350 421 1398 multiplicis
448 1350 613 1387 scientiae
655 1350 692 1387 &
722 1349 865 1387 floridae
891 1351 965 1386 elo-

209 1400 394 1448 quentiae.
422 1400 479 1436 Est
505 1410 621 1437 autem
649 1401 708 1437 iste
737 1414 837 1436 mons
860 1401 966 1436 mira-

210 1450 293 1486 bilis
334 1450 448 1486 frue‘tu
493 1452 685 1486 multarum
731 1463 869 1494 rerum,
910 1449 965 1485 sed

207 1500 391 1549 praecipue
418 1501 574 1537 ubertate
601 1500 710 1544 vini,
737 1500 830 1549 quod
858 1502 966 1536 Grae-

208 1564 288 1586 cum
317 1551 532 1599 appellatur,
568 1551 651 1599 quia
691 1550 756 1586 illa
792 1564 868 1600 pars
896 1552 967 1586 Ita-

208 1600 278 1637 liae
304 1601 393 1637 olim
421 1615 439 1637 a
465 1602 607 1638 Graecis
644 1601 782 1649 poffeffa
815 1601 967 1650 Magna-

208 1651 357 1687 Graecia
384 1653 594 1688 vocabatur.
623 1654 688 1700 vEt
724 1660 832 1696 nota,
873 1651 967 1700 quod

212 1709 288 1735 tota
316 1701 379 1735 illa
405 1701 529 1749 regio,
565 1714 652 1748 quae
692 1700 798 1737 hodie
837 1701 968 1737 dicitur

213 1752 324 1786 Terra
350 1751 522 1795 Laboris,
548 1750 618 1787 fuit
645 1751 734 1787 olim
762 1764 837 1798 pars
857 1750 968 1788 Cam-

214 1800 363 1848 paniae,
407 1799 446 1837 &
494 1810 639 1850 utraque
689 1801 880 1850 appellatio
926 1802 967 1837 ab

214 1851 310 1886 Urbe
336 1851 426 1887 fasta
454 1850 498 1887 est
525 1866 542 1888 a
571 1865 772 1900 camporum
801 1851 968 1888 fertilita—

213 1909 247 1937 te
273 1902 307 1936 δ(
335 1910 503 1938 terrarum
531 1904 650 1945 cultu,
678 1902 846 1951 quoniam
871 1904 969 1951 Ager

212 1953 412 2000 Campanus
447 1965 518 1988 non
563 1953 674 1989 solum
714 1952 969 2002 pulcherrimus

213 2002 358 2046 Italiae,
396 2002 450 2038 sed
487 2002 594 2038 etiam
629 2003 724 2040 orbis
770 2012 967 2048 terrarum,

212 2060 252 2087 ut
279 2051 329 2088 ait
355 2052 501 2088 Livius.
529 2055 608 2089 Hoc
635 2053 715 2090 ideo
742 2053 897 2090 diffufius
916 2063 969 2090 te-

213 2101 304 2150 rigi,
345 2111 384 2137 ut
413 2102 554 2148 videas,
592 2104 684 2151 quod
723 2105 828 2139 Poeta
864 2103 968 2153 digne

214 2152 298 2188 fecit
327 2153 530 2189 memoriam
569 2153 610 2189 de
648 2156 759 2190 Terra
799 2153 968 2190 fertiliffi-

213 2216 293 2242 ma,
320 2202 358 2238 in
386 2217 453 2250 qua
480 2203 595 2252 jacent
622 2204 692 2240 offa
718 2203 890 2240 fructiferi
914 2204 970 2240 in-

214 2252 338 2301 genii,
374 2253 412 2290 &
441 2254 505 2290 alti
533 2254 689 2302 eloquii,
724 2254 763 2291 in
791 2255 969 2292 montibus

214 2303 403 2339 fructiferis
444 2306 477 2339 δε
515 2305 597 2341 altis
639 2305 729 2354 apud
758 2306 970 2354 Neapolim.

216 2357 321 2391 Nunc
350 2355 390 2390 ad
419 2354 579 2391 literam.
608 2355 710 2391 Dicit
737 2355 941 2404 Vergilius:

266 2406 386 2453 Napoli
409 2404 432 2439 l'
443 2406 504 2445 ha,
533 2420 549 2440 e
565 2407 609 2442 da
628 2407 800 2442 Brunditt'o
831 2408 849 2440 ἓ
874 2408 969 2443 talto.

215 2456 360 2492 Scilicet
386 2455 476 2492 illud
497 2469 619 2506 corpus
641 2469 757 2493 meum
777 2456 970 2501 sepultum.

212 2506 310 2552 Quia
338 2506 517 2555 Vergilius
545 2516 705 2545 mortuus
730 2507 777 2546 est
812 2507 971 2545 Brundu-

551 181 854 226 COMMENT.
885 181 948 226 IN
978 182 1109 226 DAN
1116 180 1204 223 TiS
1232 179 1472 222 COMOED.

1688 183 1768 235 514'

994 244 1027 277 A
1067 241 1128 283 fii,
1166 238 1203 275 &
1247 239 1319 287 ejus
1346 238 1414 272 offa
1442 239 1549 272 relata
1581 238 1657 274 sunt
1686 240 1828 283 Neapo—

1067 291 1160 335 lim,
1198 289 1258 325 ubi
1287 298 1503 336 praeceperat
1545 287 1703 335 sepeliri.
1747 287 1827 323 Alii

1069 351 1185 378 tamen
1223 338 1401 382 scribunt,
1447 337 1541 385 quod
1588 347 1744 373 mortuus
1787 338 1827 374 fit

1069 391 1157 441 apud
1184 392 1400 426 Tarentum.
1429 390 1526 424 Haec
1553 387 1673 422 omnia
1698 390 1733 422 ὅ(
1753 390 1826 435 ejus

1068 455 1172 491 opera
1198 448 1390 489 tanguntur
1427 438 1465 474 in
1501 437 1599 474 illius
1627 437 1726 473 brevi
1754 438 1827 486 epi-

1069 492 1216 542 taphio,
1243 492 1337 539 quod
1363 490 1435 526 tale
1461 487 1528 525 est:

1071 597 1214 629 Mantua
1253 607 1300 628 me
1331 592 1444 641 genuit
1460 618 1469 628 .
1506 589 1642 627 Calabri
1681 600 1826 638 rapuere.

1173 648 1272 679 Tenet
1298 658 1378 678 nunc

1121 696 1338 742 Parthenope.
1375 693 1483 729 Cecini
1521 692 1669 738 Pascua,
1709 696 1827 729 Rura.

1173 748 1295 782 Duces.

1318 796 1381 831 Aa
1408 794 1491 840 Vers.
1518 807 1578 842 49.

1123 850 1189 882 Tra
1212 846 1316 881 Lerici
1341 860 1357 880 e
1383 844 1528 889 Turbia,
1553 846 1589 880 la
1607 845 1668 891 pit}
1686 843 1803 890 dzferta

1122 900 1173 932 La
1192 898 1251 944 pia
1275 896 1387 931 romita
1409 896 1488 931 via.
1516 915 1702 923 -----

1073 947 1198 983 Lerice
1225 946 1270 982 est
1297 959 1363 982 una
1398 948 1509 982 Terra
1544 944 1762 989 Januenfium
1790 945 1828 980 in

1074 997 1217 1046 Riperia
1244 999 1363 1032 vers-us
1390 995 1594 1032 Orientem.
1621 995 1757 1034 Turbia
1785 994 1830 1030 est

1073 1060 1179 1083 unum
1207 1046 1399 1083 Castellum
1435 1045 1659 1082 fortiffimum
1693 1045 1730 1082 in
1759 1045 1829 1081 fine

1073 1098 1198 1134 Italiae
1233 1098 1271 1134 in
1312 1097 1464 1134 introitu
1494 1097 1701 1133 Provinciae
1731 1096 1829 1142 supra

1072 1151 1285 1184 Monacum.
1313 1150 1405 1184 Vere
1431 1147 1589 1186 Turbia,
1629 1146 1721 1194 quasi
1758 1155 1829 1182 tur-

1073 1200 1155 1234 bans
1184 1198 1278 1234 viam
1307 1197 1508 1234 volentibus
1527 1197 1657 1234 intrare
1677 1197 1733 1232 vel
1753 1196 1829 1233 exi-

1071 1263 1107 1285 re
1144 1249 1311 1285 Italiam.
1349 1251 1396 1284 Et
1433 1250 1513 1284 vere
1549 1248 1611 1296 qui
1648 1246 1733 1283 fecit
1768 1246 1829 1283 ista

1072 1299 1201 1335 itinera
1227 1299 1383 1348 alpestria
1407 1298 1568 1347 Riperiae
1587 1301 1738 1342 Januae,
1767 1311 1828 1346 po-

1072 1349 1133 1385 test
1160 1349 1372 1397 imaginari,
1411 1349 1505 1397 quod
1534 1350 1640 1384 Poeta
1668 1361 1737 1383 non
1766 1362 1829 1396 po·
1891 1392 1893 1394 v

1073 1408 1162 1435 terat
1190 1401 1266 1448 plus
1303 1399 1498 1446 exprimere
1526 1399 1745 1448 asperitatem
1774 1400 1828 1434 lo·-

1073 1462 1192 1485 corum
1205 1477 1215 1493 ,
1244 1463 1303 1496 per
1329 1462 1416 1498 quae
1435 1449 1608 1486 habebant
1629 1449 1733 1486 modo
1752 1448 1825 1485 ire:

1074 1499 1155 1544 {deo
1182 1499 1296 1536 dicit:

1123 1571 1395 1577 -------
1421 1552 1437 1584 ἒ
1455 1563 1519 1585 una
1538 1551 1629 1596 scala

1125 1601 1214 1646 Verso
1231 1601 1268 1635 di
1287 1602 1392 1647 quella
1415 1602 1547 1649 agevole
1565 1616 1581 1636 e
1599 1611 1728 1648 aperta.

1074 1651 1183 1695 Idest,
1220 1650 1334 1686 facilis
1361 1652 1396 1686 &
1423 1653 1526 1700 plana
1553 1651 1708 1701 respectu
1734 1651 1829 1701 ripae

1073 1701 1172 1738 illius
1200 1703 1331 1737 montis
1347 1728 1356 1737 .

1308 1754 1371 1788 Ad
1398 1753 1481 1798 Verfi
1513 1763 1595 1800 103.

1124 1805 1171 1837 Et
1189 1816 1230 1836 un
1246 1801 1282 1836 di
1295 1803 1358 1837 loro
1373 1802 1569 1838 incomincia.
1586 1803 1752 1850 Chiunque
1762 1803 1829 1839 &aa

1076 1854 1182 1888 Po‘e'ta
1202 1852 1397 1888 introducit
1418 1866 1524 1889 unum
1559 1852 1721 1901 spiritum
1754 1866 1831 1889 mo-

1075 1903 1220 1939 dernum
1258 1903 1451 1943 illustrem,
1491 1903 1553 1952 qui
1581 1903 1651 1939 fuit
1677 1904 1831 1940 maxime

1076 1953 1214 1989 infestus
1241 1953 1431 1989 Ecclesiae.
1458 1956 1505 1990 Et
1530 1953 1645 2002 primo
1665 1954 1832 2002 praemit-

1077 2003 1124 2040 tit
1150 2003 1347 2039 orationem
1374 2003 1475 2040 illius
1512 2004 1554 2040 ad
1594 2003 1652 2044 se,
1689 2004 1830 2053 dicen53

1078 2058 1126 2089 Et
1151 2067 1193 2088 un
1219 2054 1255 2088 di
1281 2055 1368 2090 loro.
1410 2054 1483 2090 Hic
1522 2063 1595 2090 erat
1624 2057 1698 2090 Rex
1726 2056 1832 2090 Man-

1079 2104 1214 2144 fredus,
1251 2103 1321 2140 dux
1363 2104 1568 2154 principalis
1595 2104 1696 2153 hujus
1723 2105 1832 2141 scenae

1080 2155 1299 2191 animarum.
1335 2155 1536 2196 Incomimib,
1564 2154 1704 2204 supple,
1741 2156 1835 2192 dice-

1078 2219 1114 2242 re
1141 2204 1253 2241 mihi.
1280 2205 1445 2253 Chiunque
1471 2217 1505 2241 tu
1526 2205 1598 2251 se’:
1624 2206 1726 2247 idest,
1754 2206 1834 2254 qui·-

1080 2269 1228 2304 cumque
1255 2264 1294 2292 tu
1322 2255 1388 2300 fis,
1415 2256 1453 2293 in
1480 2270 1551 2304 quo
1577 2265 1715 2293 tantum
1743 2258 1835 2293 relu-

1079 2316 1133 2343 cet
1161 2305 1272 2355 gratia
1300 2306 1390 2351 Dei,
1417 2307 1510 2355 quod
1530 2307 1634 2344 vivus
1660 2307 1757 2344 vadis
1776 2321 1836 2344 ve—

1079 2357 1206 2393 lociter
1233 2356 1273 2392 ad
1295 2366 1450 2393 montem
1463 2370 1476 2407 3
1505 2359 1564 2393 cos>
1582 2359 1751 2397 undando,
1771 2358 1836 2394 sci-

1080 2407 1188 2452 licet,
1216 2420 1258 2443 ne
1285 2408 1404 2455 perdas
1431 2416 1594 2457 tempus:
1623 2410 1714 2456 volgi
1731 2408 1757 2442 ’l
1781 2408 1834 2444 -υί-

1075 2459 1134 2504 so:
1160 2457 1242 2506 quia
1271 2458 1339 2506 jam
1368 2460 1474 2496 Poeta
1500 2460 1658 2497 vertebat
1684 2458 1747 2497 fibi
1766 2467 1836 2496 ter-

1082 2521 1186 2558 gum,
1212 2508 1395 2546 recedens:

1724 2564 1791 2597 Pon
