2216 3105
378 194 457 232 291

318 239 466 272 Certum
495 236 589 273 enim
626 237 693 284 est,
730 239 822 286 quod
860 239 898 274 in
934 240 1073 275 Mundo

319 286 519 323 Christiano
556 289 652 323 nulla
689 290 733 324 est
770 291 882 337 major
921 290 1073 339 dignitas

318 336 487 372 Maximo
528 338 719 374 Pontificio
743 367 753 375 .
803 343 980 376 Praeterea
1020 341 1074 375 di-

319 396 425 428 cunt,
462 388 554 436 quod
583 390 798 425 coelestinus
835 392 911 439 plus
939 400 1074 439 poterat

320 440 510 484 promereri
547 439 584 474 in
621 441 738 475 labore
765 442 798 475 &
827 455 906 476 cura
941 441 1074 476 anima-

319 501 423 532 rum,
459 502 563 536 quam
600 490 637 524 in
674 491 793 539 quiete
820 489 857 525 ἃ
890 491 966 526 otio
1003 504 1075 526 ere-

322 539 392 574 mi.
434 539 536 575 Unde
573 542 694 575 Petrus
731 541 918 587 Apostolus
954 541 1071 576 dixit:

322 588 505 628 Laboraw',
543 602 602 623 non
637 590 855 634 srufflificavi.
879 592 946 627 ‘Ita
982 591 1074 639 quod

323 638 517 674 sufficiebat
545 640 638 674 bono
665 640 785 674 animo
812 641 994 684 laborare,
1031 640 1076 676 li—

323 691 379 724 cet
406 701 476 723 non
505 690 654 724 multum
694 688 900 738 proficeret.
940 693 1076 726 Praete-

322 752 380 774 rea
414 738 562 780 dicunt,
600 739 714 786 quod,
756 750 1078 788 quantumcumque

322 788 412 825 forte
438 788 653 825 coelestinus
689 789 811 826 fecerit
848 791 936 827 hanc
965 791 1078 826 maxi-

324 852 418 875 mam
458 839 757 876 renuntiationem
794 841 887 876 bono
922 843 956 876 &
992 855 1078 890 puro

326 890 471 932 animo,
513 899 631 926 tamen
667 900 866 939 reputatum
908 892 977 927 fuit
1017 891 1077 926 fibi

326 941 534 988 generaliter
569 941 610 976 ad
649 941 840 977 maximam
877 942 1078 977 vilitatem.

326 990 431 1036 Quod
459 991 576 1039 negari
604 1004 674 1026 non
702 992 828 1040 potest.
865 993 928 1027 Sed
964 992 1080 1027 brevi-

326 1050 399 1080 ter,
427 1041 598 1088 quidquid
619 1041 776 1086 dicatur,
805 1042 895 1077 mihi
920 1042 1080 1080 videtur,

327 1091 419 1139 quod
457 1091 594 1126 AuS'tor
635 1093 734 1127 nullo
770 1093 876 1127 modo
918 1093 1082 1139 loquatur

326 1154 389 1181 nec
416 1140 515 1188 loqui
552 1140 655 1189 poffit
681 1142 722 1176 de
750 1142 968 1177 Coelestino.
1007 1142 1083 1177 Pri-

328 1205 387 1227 mo
438 1191 521 1238 quia
563 1191 650 1226 licet
690 1191 910 1228 Coelestinus
961 1192 1084 1228 fecerit

327 1240 520 1276 maximam
559 1242 855 1278 renuntiationem
877 1270 887 1286 ,
923 1256 994 1278 non
1030 1252 1084 1278 ta-

329 1305 408 1327 men
436 1305 478 1327 ex
507 1291 648 1327 vilitate
676 1292 781 1336 fecit,
810 1293 922 1328 immo
945 1306 988 1328 ex
1011 1306 1083 1328 rna—

329 1341 582 1391 gnanimitate.
611 1342 694 1378 Fuit
721 1343 814 1378 enim
844 1343 1082 1385 Coelestims,

322 1393 352 1427 ‘si
380 1405 500 1428 verum
538 1393 637 1440 loqui
674 1394 860 1437 volumus,
898 1396 978 1429 vere
1012 1407 1085 1427 ma-

329 1442 514 1491 gnanimus
549 1452 629 1477 ante
667 1445 862 1491 Papaturn,
899 1444 937 1478 in
975 1446 1084 1491 Papa-

328 1503 389 1536 ω,
425 1494 459 1527 &
496 1492 568 1540 post
606 1494 804 1539 Papatum.
843 1495 938 1529 Ante
978 1496 1085 1540 Papa-

328 1553 435 1582 tum,
476 1543 558 1589 quia
599 1543 713 1577 statim
755 1543 872 1578 audita
913 1543 1084 1579 elestione

329 1592 408 1636 sua,
436 1601 581 1627 conatus
605 1592 649 1627 est
674 1592 790 1641 fugere
817 1606 894 1628 cum
922 1607 991 1629 uno
1018 1593 1083 1628 Di-

329 1642 463 1690 scipulo
490 1641 571 1680 suo,
599 1643 742 1678 nomine
771 1645 948 1686 Roberm,
988 1644 1084 1691 juve-
1109 1674 1110 1678 ,

330 1706 372 1728 ne
400 1691 604 1727 Salentino.
634 1692 697 1727 Sed
726 1706 767 1728 ex
796 1693 988 1740 improviso
1018 1694 1085 1728 cir—

331 1752 537 1777 cumventus
565 1741 676 1777 subita
705 1743 935 1779 multitudine
970 1745 1083 1791 Popu-

330 1793 379 1831 li,
416 1804 484 1826 non
522 1792 639 1839 potuit
667 1792 827 1837 efficere,
864 1793 957 1839 quod
985 1804 1085 1841 opta—

331 1843 409 1877 bat.
439 1841 521 1876 Fuit
548 1842 654 1877 etiam
684 1843 926 1900 magnanimus
954 1843 990 1878 in
1021 1846 1084 1878 Pa-

331 1902 434 1940 patu.
473 1893 565 1927 Nam
593 1894 754 1938 quamvis
785 1893 911 1941 positus
939 1894 1020 1930 effet
1048 1894 1084 1928 in

331 1941 466 1977 summo
491 1943 646 1977 culmine
666 1943 873 1991 dignitatis,
899 1945 992 1979 intra
1013 1957 1086 1979 am-

322 1993 427 2040 ¹plum
456 1990 494 2027 ἅ
523 1994 648 2039 Papale
678 1995 875 2033 Palatium,
913 1993 998 2029 fecit
1025 1994 1086 2028 fibi

331 2042 462 2078 arEtam
488 2043 521 2077 8<
547 2042 762 2078 eremiticam
791 2045 1023 2087 camerulam,
1050 2044 1086 2079 in
1111 2064 1113 2084 ι,

331 2105 398 2139 qua
426 2106 485 2140 per
520 2091 670 2150 singulos
697 2094 769 2128 dies
799 2095 890 2129 certa
918 2094 1000 2129 hora
1014 2072 1113 2129 vai-*³

331 2143 431 2177 cabat
462 2142 557 2178 dulci
593 2143 671 2178 otio
708 2144 843 2179 sanetae
870 2146 1088 2193 contempla-

331 2192 463 2234 tionis,
490 2192 551 2227 ubi
574 2193 784 2239 loquebatur
804 2207 882 2229 cum
908 2196 1006 2233 Deo,
1034 2194 1089 2229 in—

331 2251 385 2277 ter
412 2251 467 2276 tot
498 2241 688 2276 laboriosos
716 2241 753 2277 ἃ
782 2252 933 2278 armatos
969 2243 1054 2291 strep
1058 2244 1087 2278 i—

331 2301 388 2327 tus
417 2291 623 2330 hominum,
650 2292 701 2326 ita
728 2293 820 2338 quod
849 2293 945 2328 vixit
971 2293 1089 2328 humi-

331 2342 378 2377 lis
412 2341 450 2376 in
478 2342 578 2383 alto,
615 2340 791 2377 solitarius
826 2342 921 2377 inter
946 2344 1088 2382 turbas,

333 2393 366 2426 8<
392 2391 485 2427 inter
507 2391 652 2427 divitias
679 2404 806 2440 pauper
831 2392 923 2441 suit3
951 2394 984 2427 &
1012 2403 1088 2428 tan-

318 2449 372 2477 'to
400 2441 681 2490 magnanimior,
710 2452 842 2489 quanto
870 2443 1087 2478 renuntiatio

334 2492 466 2541 major.
505 2494 626 2529 Petrus
652 2491 820 2541 fiquidem
846 2492 977 2530 Christi
1017 2494 1088 2543 pri—

683 179 1121 223 BENVENUTI
1159 178 1570 223 IMOLENSIS

1112 240 1143 273 A

1108 2320 1115 2537 l
1168 2327 1205 2535 1

1796 200 1876 238 292

1182 253 1255 274 mus
1278 239 1439 276 Vicarius
1467 240 1612 288 reliquit
1633 240 1833 278 naviculam
1860 257 1935 291 par-

1181 303 1259 324 vam
1298 292 1331 325 ὃς
1369 304 1574 339 pauperem.
1611 291 1682 327 Hic
1718 305 1803 328 vero
1841 295 1937 330 Petri

1181 340 1366 383 successor,
1406 341 1499 376 Petri
1528 341 1648 377 navim
1677 344 1868 378 maximam
1897 343 1935 379 &

1181 390 1383 426 ditiffimam
1426 391 1590 440 dimifirg
1633 393 1666 426 8<
1705 393 1859 430 maxime
1895 408 1937 430 eo

1183 450 1358 487 ternpore,
1396 455 1466 489 quo
1494 452 1566 477 erat
1603 442 1638 478 in
1669 443 1826 479 maximo
1861 457 1936 492 pre-

1183 491 1256 530 tio,
1288 492 1426 539 quando
1454 492 1588 527 scilicet
1617 506 1741 541 magna
1769 494 1937 530 ambitio-

1183 554 1224 575 ne
1253 541 1294 575 ab
1320 542 1483 576 omnibus
1513 543 1719 589 petebatur.
1748 543 1832 579 Ideo
1861 544 1939 580 feli-

1184 590 1256 625 cius
1281 590 1342 625 fibi
1368 590 1484 630 ceffit,
1511 606 1614 639 quam
1642 593 1849 637 Bonifacio,
1877 594 1941 642 qui

1183 653 1269 675 onus
1294 640 1379 675 istud
1404 651 1503 676 tanto
1527 642 1637 677 studio
1661 643 1852 690 quaesivit,
1880 645 1940 680 sub

1184 703 1253 736 quo
1277 699 1393 724 tamen
1417 699 1490 725 erat
1513 690 1721 726 infeliciter
1729 694 1940 729 moriturus.

1184 739 1426 787 Cognoscebat
1458 740 1553 776 enim
1582 742 1649 775 Vir
1685 741 1820 777 sanstus
1849 745 1942 779 Coe·

1185 789 1324 825 lestinus
1351 790 1383 825 se
1411 790 1603 826 inhabilem
1633 789 1670 826 &
1695 792 1862 828 inutilem
1888 792 1942 828 of-

1186 839 1290 884 ficio,
1317 841 1410 887 quod
1438 841 1612 876 divinitus
1637 852 1837 890 acceperat,
1864 853 1942 879 turn

1185 890 1268 937 quia
1304 900 1377 926 erat
1414 890 1615 938 inexpertus
1642 893 1676 926 &
1704 891 1845 940 ignarus
1881 907 1941 930 ne-

1186 939 1362 987 gotiorum
1401 941 1544 984 Seculi,
1580 942 1726 977 assuetus
1763 943 1823 978 diu
1860 957 1943 979 con-

1186 989 1437 1035 templationi,
1470 990 1506 1024 in
1535 990 1644 1035 sylvis
1671 1005 1741 1026 non
1770 993 1807 1027 in
1836 994 1944 1030 Urbi-

1189 1039 1274 1074 bus:
1306 1048 1381 1073 tum
1411 1039 1493 1086 quia
1522 1039 1640 1075 frustra
1667 1040 1823 1086 sperabat
1851 1043 1943 1090 posse

1188 1088 1298 1124 facere
1325 1088 1476 1125 frucRum
1505 1090 1675 1126 Ecclesiae
1705 1092 1798 1135 Dei,
1835 1105 1944 1140 quum

1166 1139 1323 1175 videret
1359 1139 1443 1175 illos
1470 1139 1679 1176 Cardinales
1716 1141 1944 1191 incorrigibi-

1189 1191 1258 1231 les,
1287 1189 1503 1226 insatiabiles
1521 1219 1530 1235 ,
1568 1205 1637 1226 non
1666 1192 1763 1240 posse
1785 1194 1945 1230 revocari

1189 1254 1207 1274 a
1243 1217 1432 1280 Simoniis,
1470 1239 1509 1276 δί
1546 1241 1627 1277 aliis
1663 1243 1944 1290 cupiditatibus,

1188 1290 1314 1337 quibus
1351 1300 1467 1326 totum
1504 1291 1662 1327 animum
1699 1293 1942 1329 intenderant.

1189 1340 1266 1374 Post
1295 1343 1462 1389 Papatum
1490 1342 1826 1390 magnanimiffimus
1854 1343 1944 1379 fuit.

1190 1392 1281 1425 Nam
1311 1391 1461 1437 deposita
1487 1393 1607 1436 Papali
1635 1392 1830 1441 dignitate,
1859 1407 1944 1441 qua-

1189 1440 1209 1474 1'1
1239 1441 1386 1487 quadam
1415 1441 1614 1488 gravissima
1642 1442 1793 1486 sarcina,
1831 1444 1945 1492 pristi-

1188 1503 1268 1524 nam
1306 1490 1534 1525 solitudinem
1572 1501 1644 1526 tam
1682 1492 1783 1528 avide
1810 1503 1945 1540 repete-

1189 1540 1269 1580 bat
1297 1549 1336 1575 ut
1363 1540 1541 1576 videretur
1567 1542 1728 1588 captivus
1757 1543 1798 1578 ab
1827 1542 1946 1579 hostili

1191 1603 1324 1625 carcere
1351 1590 1542 1626 liberatus.
1580 1592 1678 1626 Sicut
1706 1591 1800 1627 enim
1828 1606 1946 1628 narra·

1190 1650 1346 1679 verunt,
1387 1640 1448 1687 qui
1489 1653 1567 1676 eum
1608 1641 1805 1682 viderunt,
1845 1651 1946 1679 tanto

1191 1691 1319 1737 gaudio
1347 1691 1379 1724 8<
1408 1690 1546 1725 laetitia
1575 1691 1777 1731 recedebat,
1809 1700 1849 1728 ut
1877 1705 1947 1728 non

1192 1740 1368 1774 videretur
1395 1740 1598 1776 subtraxisse
1635 1739 1817 1777 humerum
1848 1743 1947 1777 blan-

1191 1790 1235 1824 do
1263 1790 1382 1834 oneri,
1411 1789 1465 1825 sed
1494 1791 1665 1833 cervicem
1694 1792 1825 1827 minaci
1855 1791 1948 1828 secu-

1191 1839 1242 1875 ri.
1281 1842 1356 1875 Nec
1385 1840 1539 1875 mirum.
1578 1841 1717 1876 Sciebat
1754 1841 1848 1877 enim
1876 1856 1947 1890 quo

1193 1890 1351 1938 redibat3
1390 1903 1452 1926 nec
1489 1890 1699 1939 ignorabat,
1740 1893 1829 1927 unde
1855 1906 1950 1927 rece-

1194 1940 1318 1975 deret.
1362 1940 1557 1975 Recedebat
1593 1941 1687 1976 enim
1726 1943 1768 1976 ab
1807 1941 1950 1978 Inferno

1196 1990 1417 2029 viventium,
1454 1992 1486 2025 &
1515 1990 1650 2026 redibat
1678 1992 1717 2025 ad
1749 1991 1949 2027 Paradisum

1197 2040 1519 2088 viventium3nis1
1559 2040 1618 2076 fibi
1654 2041 1837 2077 obstitisset
1864 2042 1950 2077 astu—

1170 2090 1246 2131 ,tia
1275 2090 1473 2133 Bonifacii,
1507 2092 1566 2138 qui
1596 2091 1697 2126 illum
1729 2101 1868 2140 captum
1897 2106 1951 2128 re·-

1196 2140 1330 2179 traxit,
1367 2139 1405 2176 &
1442 2141 1579 2176 retrusit
1616 2141 1652 2176 in
1683 2155 1852 2177 carcerem
1892 2142 1951 2178 sub

1194 2190 1293 2225 firma
1322 2190 1494 2226 custodia.
1534 2191 1609 2226 Ubi
1639 2190 1658 2225 si
1689 2193 1806 2227 locum
1836 2201 1951 2228 muta-

1194 2241 1269 2284 vit,
1298 2254 1366 2275 non
1388 2250 1504 2276 tamen
1527 2241 1705 2278 animum.
1725 2243 1836 2290 Cujus
1857 2256 1950 2277 mor-

1195 2291 1248 2326 tui
1276 2290 1393 2326 anima
1421 2291 1604 2327 ascendens
1642 2293 1679 2327 in
1711 2294 1862 2328 Coelum
1891 2305 1950 2339 ap-

1196 2341 1310 2389 paruit
1341 2342 1495 2377 Roberto
1533 2342 1718 2391 Discipulo
1755 2342 1814 2378 suo
1852 2342 1948 2388 supe-

1195 2392 1265 2426 rius
1293 2402 1514 2435 memorato,
1551 2394 1584 2427 8<
1622 2393 1655 2428 ei
1696 2391 1874 2440 persuasit,
1911 2398 1951 2426 ut

1197 2441 1232 2476 in
1270 2441 1384 2477 saneta
1420 2442 1611 2478 solitudine
1647 2442 1876 2498 perseveraret
1913 2454 1951 2476 u-

1196 2491 1276 2539 sque
1321 2492 1360 2528 in
1405 2493 1511 2529 finem
1536 2517 1549 2532 ,
1598 2492 1684 2528 ficut
1719 2505 1737 2526 a
1774 2490 1952 2539 principio

1745 2542 1904 2576 voluerat
