2216 3105
234 183 313 249 377
518 188 819 232 COMMENT.
850 190 917 232 IN
943 187 1171 233 DANTIS
1198 186 1439 230 COMOED.

172 264 259 288 naco
287 250 348 284 IX.
376 247 458 284 Lib.
484 248 635 284 Aeneid.
665 248 765 283 Dicit
792 261 895 296 ergo:

223 319 491 327 -------
519 297 565 336 όν
600 299 642 332 ba
670 312 755 332 nome
780 302 923 334 Benaco.

173 349 374 396 Intelligas,
410 348 496 383 olim
513 377 522 384 .
565 351 669 386 Nunc
697 349 792 384 enirn
820 362 925 384 voca-

171 411 229 437 tur
254 402 367 436 Lacus
393 399 550 443 Gardae,
589 400 624 434 ἃ
660 399 706 435 est
733 399 926 445 pulcherri—

171 463 248 487 mus
275 451 408 486 Lacus.
445 451 560 493 Ciam,
600 449 683 497 quia
711 451 832 498 planus
859 449 925 489 est,

166 501 258 547 suso,
294 500 428 535 scilicet
464 501 499 535 in
529 501 660 535 mundo
696 500 924 539 viventium,

172 552 255 599 quia
283 550 462 598 Vergilius
489 551 526 587 in
554 550 695 586 Inferno
717 551 842 599 positus
866 551 925 586 sub

173 611 264 637 terra
299 601 388 636 dicit
424 600 483 636 ista
520 602 624 637 verba
669 601 842 637 AuCtori:
888 604 925 636 In

173 652 274 687 Italia
308 653 417 695 bella,
453 652 537 699 quia
577 653 674 688 nulla
701 652 746 688 est
774 652 928 701 pulcrior

172 702 270 751 regio
297 702 334 737 in
362 703 513 738 mundo.
778 720 780 722 ·

224 754 333 800 Api&
350 752 426 786 dell'
437 753 527 799 alpe,
554 753 606 787 che
624 753 713 798 serra
731 754 765 788 la
781 756 927 799 IlAagna,

174 802 262 838 Idest
302 804 339 838 in
367 802 523 839 confinio
557 803 651 839 inter
677 805 925 840 Alemanniam

175 852 214 889 &
242 853 380 888 Italiam
400 881 407 889 .

224 907 324 951 Sapra
350 904 471 938 Tiralli
496 923 810 932 --------

176 954 251 1000 Qui
287 954 331 989 est
359 968 445 989 unus
472 954 677 991 Comitatus
713 955 751 991 in
778 954 928 992 introitu

176 1004 430 1048 Alemanniae,
458 1005 517 1040 ubi
545 1015 690 1054 regnant
717 1006 821 1041 hodie
851 1006 931 1054 qui—

175 1054 255 1089 dam
292 1055 453 1090 Comites
489 1055 734 1096 Theotonici‚
770 1057 832 1104 qui
867 1070 932 1092 vo-

177 1114 300 1140 cantur
325 1107 509 1141 Turones.

228 1159 290 1190 Per
314 1157 400 1189 mille
422 1156 507 1199 fonti
533 1178 802 1184 -------

176 1207 248 1241 Hei
277 1205 440 1241 describit
466 1208 599 1242 Lacum
629 1221 646 1242 a
675 1207 856 1248 fontibus,
897 1209 930 1243 8<

177 1269 195 1290 a
223 1254 438 1290 confinibus.
478 1257 578 1291 Dicit
605 1257 720 1297 enim,
749 1259 840 1305 quod
869 1258 931 1294 ille

176 1307 291 1341 Lacus
311 1305 343 1344 fi
368 1307 474 1351 [mgna
498 1306 687 1353 dell’acqua
722 1314 772 1342 che
791 1309 930 1355 stagna,

175 1355 259 1390 idest
297 1353 410 1394 stans,
451 1368 522 1390 non
566 1369 729 1401 currens,
770 1359 822 1392 nel
846 1361 931 1392 detto

175 1409 275 1440 Laco.

226 1459 289 1490 Per
306 1456 393 1489 mille
406 1456 494 1499 sonti
511 1458 616 1496 credo,
637 1471 652 1491 e
675 1458 736 1504 pit&
756 1458 788 1498 fi
806 1460 929 1505 bagua.

175 1505 355 1553 Loquitur
370 1505 428 1540 sub
445 1507 672 1546 credulitate,
687 1521 730 1543 ne
751 1507 852 1556 poffit
877 1522 930 1544 er-

174 1569 268 1592 rare.
289 1556 350 1591 Sed
372 1566 463 1591 certe
484 1557 606 1597 credo,
623 1559 714 1606 quod
732 1558 796 1594 slnt
818 1560 929 1607 plures

174 1620 279 1654 quam
309 1607 408 1642 mille
443 1608 650 1657 quingenti.
688 1610 930 1645 Innumerabi-

176 1658 225 1692 les
245 1657 339 1692 enim
360 1657 474 1693 fontes
495 1658 629 1693 intrant
649 1662 783 1695 Lacum
809 1660 908 1696 istum
922 1687 929 1696 .

176 1708 272 1741 Inter
299 1707 386 1742 alios
414 1708 458 1742 est
486 1721 573 1743 unus
601 1708 750 1749 fluvius,
778 1710 837 1757 qui
868 1724 929 1746 vo-

177 1765 275 1791 catur
301 1756 447 1796 Sarcha,
475 1758 536 1805 qui
564 1768 636 1793 tarn
661 1759 855 1808 impetuose
875 1774 930 1795 ca-

176 1806 230 1841 dit
257 1806 294 1841 in
322 1809 479 1847 Lacum,
520 1809 613 1856 quod
649 1822 692 1844 ex
721 1810 932 1846 confraffio-

177 1870 222 1891 ne
249 1870 356 1904 aquae
383 1858 548 1901 albescit,
586 1859 636 1894 ita
673 1870 712 1895 ut
738 1874 855 1896 currus
883 1861 933 1896 fa-

175 1907 271 1942 rinae
299 1908 418 1943 cadere
445 1909 624 1945 videatur.
667 1912 732 1946 Per
768 1912 931 1947 multitu-

175 1957 293 1992 dinem
321 1971 402 2005 ergo
429 1958 581 1994 fontium
619 1970 721 1996 notat
756 1963 933 1997 abundan-

177 2007 265 2042 tiam
294 2021 456 2055 aquarum
475 2037 483 2044 .
524 2011 596 2046 Hic
624 2011 790 2058 siquidem
818 2015 932 2048 Lacus

177 2057 281 2092 habet
307 2058 344 2092 in
372 2060 594 2107 longitudine
623 2064 771 2098 XXXII.
800 2063 933 2098 millia-

177 2107 251 2147 ria,
288 2107 325 2143 in
361 2109 550 2145 latitudine
588 2114 684 2147 XVI.
713 2113 753 2147 ad
791 2115 866 2160 plus
894 2112 930 2149 ὅ(

178 2160 241 2192 VI.
270 2158 309 2192 ad
339 2159 472 2195 minus.
510 2163 556 2196 Et
582 2163 742 2197 turbatur
767 2163 863 2211 saepe
891 2165 930 2199 ad

1651 193 1730 246 378

947 252 1004 291 }A³
1032 248 1117 283 ficut
1151 247 1314 282 scribitur
1341 248 1377 282 in
1407 247 1518 283 Libro
1545 247 1584 281 de
1609 250 1789 295 Proprieta—

952 705 991 741 oi

177 2208 321 2243 modum
348 2209 474 2244 maris.
502 2213 548 2250 Et
575 2212 620 2246 est
645 2213 782 2248 lucidus
801 2216 834 2248 8<
857 2228 931 2262 per-
959 2214 961 2219 ⁴

177 2258 312 2307 spicuus
341 2268 379 2294 ut
406 2260 603 2305 crystallus.

227 2313 293 2344 Tra
318 2311 429 2345 Garda
454 2332 770 2341 --------

174 2361 268 2408 quod
296 2360 341 2395 est
368 2361 556 2397 Castellum
585 2363 622 2398 in
649 2363 724 2409 ripa
751 2363 838 2400 di&i
859 2366 929 2401 La-

174 2424 234 2446 cus
276 2412 393 2446 versils
431 2414 605 2448 Veronam
623 2439 631 2448 .
677 2414 794 2450 Habet
835 2416 928 2450 enim

174 2463 289 2497 Lacus
309 2475 351 2496 ex
382 2470 525 2510 utraque
546 2474 642 2512 parte
669 2468 779 2500 multa
800 2466 928 2500 Castel—

174 2513 227 2552 la,
261 2514 293 2547 δε
325 2512 484 2549 homines
514 2527 657 2563 magnos
693 2515 731 2552 ἃ,
764 2516 928 2560 audaces,

272 2567 360 2598 Tom.
380 2566 441 2599 III.

1031 298 1118 333 tibus
1148 302 1286 332 Rerum.
1323 299 1369 333 Et
1406 297 1510 333 habet
1542 310 1704 346 magnam
1731 312 1791 334 co-

1033 349 1126 397 piam
1148 348 1323 383 olivarum
1337 374 1346 382 .

1083 419 1269 424 -----
1297 397 1343 435 &⁴
1382 398 1598 433 Valdt'monica
1624 420 1640 425 -
1667 420 1682 425 -
1708 420 1723 425 -
1749 421 1764 425 -

1033 448 1089 484 Est
1116 462 1183 483 una
1211 448 1326 484 Vallis
1364 448 1432 484 slve
1469 458 1629 485 contrata
1656 449 1694 485 in
1723 458 1790 485 ter-

1002 493 1004 538 ἕ
1033 500 1160 535 ritorio
1189 498 1385 535 Brixienfi.

1084 570 1440 577 ---------
1468 551 1630 587 Pennino.

1033 602 1140 635 Mons
1182 600 1248 644 est,
1290 601 1350 648 qui
1392 601 1524 637 dividit
1562 601 1702 638 Italiam
1733 616 1792 651 per

1034 651 1210 691 medium,
1238 649 1277 686 ἃ.
1305 652 1438 687 claudit
1466 666 1544 688 cum
1573 653 1655 688 altis
1683 655 1790 701 Alpi—

1035 702 1095 736 bus
1123 715 1165 736 ex
1195 712 1290 749 parte
1317 703 1455 738 Galliae
1480 704 1514 738 δε
1537 704 1790 740 Alemanniae.

1036 752 1137 787 Unde
1166 752 1234 800 jam
1260 753 1374 788 dixit:

1084 805 1193 849 Api&
1210 802 1409 850 detl’Alpe,
1430 805 1480 838 che
1495 804 1582 848 serra
1597 805 1629 838 la
1645 808 1792 852 Magna.

1034 855 1081 887 Et
1118 852 1161 888 sic
1197 853 1286 889 dicit
1322 855 1414 889 idem
1454 854 1551 890 heic.
1594 857 1640 890 Et
1677 854 1793 893 subdit

1036 903 1320 939 convenientiam
1350 904 1498 944 finium,
1526 905 1669 944 dicens,
1698 907 1792 953 quod

1036 953 1127 1001 quali
1155 954 1247 989 circa
1275 955 1429 990 medium
1457 956 1554 990 istius
1574 958 1689 991 Lacus
1710 969 1794 992 con-

1036 1014 1178 1040 currunt
1215 1005 1368 1040 confinia
1406 1006 1514 1041 trium
1553 1006 1794 1045 Dioecefium.

1040 1055 1138 1090 Unde
1166 1055 1274 1091 dicit:

1087 1109 1191 1151 Lzsogo
1218 1107 1234 1139 ὲ
1261 1107 1312 1140 nel
1338 1120 1445 1154 mezzo
1472 1108 1506 1142 ld
1517 1129 1743 1147 ------

1008 1169 1009 1181 ¹
1037 1154 1243 1191 Confinium
1271 1157 1570 1205 Episcopatuum,

1087 1227 1356 1234 -------
1383 1210 1462 1242 dove
1489 1210 1514 1242 il
1541 1209 1693 1244 Tremino

1086 1257 1211 1299 Pastore
1229 1284 1238 1300 ‚

1036 1305 1122 1341 Idest
1150 1307 1340 1356 Episcopus
1367 1308 1600 1346 Tridentinus
1617 1338 1627 1355 ,

1087 1378 1102 1382 -
1129 1378 1145 1382 -
1215 1379 1231 1383 -
1257 1372 1272 1391 e
1298 1360 1369 1404 quel
1393 1360 1430 1393 di
1456 1362 1582 1404 Brescia
1608 1382 1623 1388 -
1651 1383 1665 1388 -
1692 1383 1709 1389 -
1735 1384 1753 1390 -

1037 1406 1179 1442 Scilicet
1209 1407 1342 1447 Pastor,
1372 1413 1427 1444 vel
1455 1410 1668 1458 Episcopus,

1088 1477 1529 1487 -----------
1555 1475 1570 1494 e
1586 1461 1610 1495 'l
1631 1463 1800 1508 Veronese,

1038 1506 1181 1542 Scilicet
1210 1507 1350 1552 Pastor,
1379 1510 1435 1544 vel
1463 1510 1654 1559 Episcopus

1087 1560 1208 1603 Segnar
1231 1559 1322 1604 poria
1349 1580 1664 1590 --------

1037 1607 1144 1647 Idest,
1173 1608 1316 1656 Signum
1346 1610 1472 1646 Crucis
1499 1610 1631 1651 facere,

1089 1679 1319 1685 ------
1340 1662 1375 1704 se
1398 1660 1473 1707 feffe
1499 1662 1570 1709 quel
1596 1663 1736 1703 camino,

1040 1708 1144 1749 Idest,
1173 1708 1195 1743 fi
1223 1709 1405 1746 tranfirent
1434 1725 1492 1759 per
1518 1712 1617 1748 illam
1641 1725 1794 1762 partem.

1041 1761 1120 1794 Hoc
1149 1773 1210 1807 pro
1240 1769 1337 1795 tanto
1366 1761 1481 1806 dicit,
1522 1763 1616 1811 quod
1653 1765 1694 1799 de
1722 1766 1795 1811 jure

1039 1809 1222 1844 Canonico
1253 1811 1442 1859 Episcopus
1466 1825 1535 1847 non
1557 1814 1665 1862 potest
1685 1814 1795 1863 signa-

1040 1873 1074 1894 re
1102 1870 1199 1895 extra
1229 1861 1420 1896 Dioecefim
1440 1862 1554 1898 suam.
1583 1864 1694 1899 Modo
1711 1866 1794 1912 quia

1039 1910 1117 1945 heic
1155 1912 1388 1946 terminantur
1425 1922 1491 1948 tres
1535 1914 1794 1961 jurisdicffiones

1041 1960 1280 2000 Dioecefium,
1319 1962 1454 2009 poffunt
1489 1964 1535 1999 ob
1572 1964 1636 2000 hoc
1665 1965 1794 2013 signare

1039 2020 1107 2046 tres
1136 2011 1296 2058 Episcopi
1329 2012 1519 2059 praediffii.

1089 2063 1180 2095 siecle
1206 2062 1381 2105 Pes.<!2‚²era'
1393 2084 1665 2092 -------

1038 2111 1130 2147 Heic
1168 2111 1347 2159 Vergilius
1387 2113 1552 2150 describit
1587 2115 1623 2150 in
1652 2115 1792 2164 speciali

1038 2174 1145 2197 unum
1187 2162 1399 2207 Castellum,
1449 2164 1598 2213 pofitum
1643 2166 1681 2202 in
1724 2166 1791 2203 fine

1037 2212 1132 2248 istius
1159 2213 1297 2253 Lacus,
1337 2223 1376 2249 ut
1402 2214 1446 2250 fic
1484 2216 1791 2252 ordinate‘veniat

1036 2263 1077 2298 ad
1104 2272 1222 2298 ortum
1249 2265 1282 2298 ἃ
1311 2264 1524 2312 principium
1565 2266 1697 2303 Mincii
1727 2266 1790 2303 flu-

1038 2313 1143 2349 minis
1170 2313 1381 2351 Mantuani.
1410 2317 1468 2351 Ad
1496 2317 1588 2364 quod
1616 2317 1660 2352 est
1681 2317 1789 2353 scien-

1010 2364 1146 2408 ¹dum,
1182 2365 1275 2411 quod
1312 2365 1349 2400 in
1378 2366 1553 2413 principio
1588 2367 1682 2403 istius
1720 2370 1789 2404 La-

1037 2428 1095 2450 cus
1136 2414 1181 2449 est
1218 2428 1325 2450 unum
1369 2416 1557 2453 Castellum
1599 2418 1790 2466 pulcherri-

1038 2478 1156 2503 mum,
1193 2466 1285 2513 quod
1314 2466 1445 2502 dicitur
1471 2468 1581 2514 Ripa,
1620 2468 1791 2503 Dioecefis

1009 2527 1010 2559 J
1037 2516 1288 2551 Tridentinae.
1318 2518 1356 2551 In
1385 2516 1454 2553 fine
1482 2522 1564 2554 vero
1592 2518 1637 2554 est
1664 2518 1794 2553 Castel-

1098 2566 1174 2600 Bb

1670 2569 1743 2602 lum
