2216 3105
262 247 343 288 793

201 291 249 327 li:
253 300 286 325 et
316 293 445 337 Regem
465 289 651 324 franciae.
681 288 739 322 Ad
767 289 862 335 cujus
884 287 959 323 evi-

202 340 357 376 dentiam
386 339 430 375 est
458 338 737 387 praesciendum,
778 339 870 384 quod
898 338 959 373 iste

201 391 270 427 fuit
309 393 382 426 Rex
420 389 604 438 Philippus
641 387 754 423 diaus
784 388 958 427 Pulcher,

203 441 264 489 qui
292 442 403 476 multa
429 440 540 488 impia
567 438 672 474 fecit.
701 441 754 473 De
782 452 851 485 quo
876 439 959 486 quia

203 491 358 527 maxima
399 489 523 525 scelera
551 488 684 537 scripfit
723 488 760 524 in
792 491 958 537 Purgato-

201 542 278 585 rio,
307 541 387 577 ideo
415 553 506 576 nunc
533 539 700 575 describit
727 551 805 574 eum
826 539 868 574 ab
891 553 960 574 uno

202 591 277 626 lolo
304 591 450 630 scelere,
493 590 628 626 scilicet
655 590 696 624 ab
733 589 806 637 ejus
833 589 962 625 avaris-

202 641 285 677 sima
313 641 476 681 vilitate,
519 640 561 676 ad
588 639 778 689 augendam
807 640 879 688 ejus
907 641 962 675 in-

202 691 373 736 famiam,
415 691 453 728 &
490 692 532 727 ab
559 692 632 739 ejus
660 699 774 726 morte
810 690 962 726 crudeli.

202 742 371 778 Construe
398 741 441 776 fic
471 742 630 777 literam.

252 793 295 827 L?
320 792 349 834 [ἱ
374 793 444 826 ved
442 794 476 826 ἰἒ
503 812 734 818 ------

203 840 361 886 scilicet,
390 842 426 878 in
455 841 551 878 dieto
578 841 691 877 libro:
987 817 991 870 l

296 914 313 920 -
340 913 355 919 -
382 913 398 919 -
425 893 450 926 il
469 893 564 937 duol,
590 912 778 920 -----

202 941 311 987 idest,
339 942 461 978 dolor:

253 1014 271 1020 -·
297 1014 314 1020 -
340 1014 356 1020 ·
382 1014 399 1019 -
425 994 476 1027 Che
502 1014 518 1020 ·
544 1015 560 1020 -
587 1014 603 1020 ··
630 1014 646 1020 ···
987 871 994 1087 ξ

202 1042 287 1080 idest
313 1056 417 1090 quem
445 1043 624 1079 dolorem:

254 1095 342 1140 Quel
367 1094 419 1128 che
445 1096 546 1128 mom}
571 1095 608 1128 di
633 1095 717 1140 colpe
749 1094 787 1128 di
812 1102 938 1128 cotenna
954 1120 964 1138 ‚
989 1089 993 1102 ’

203 1142 360 1183 scilicet,
413 1143 597 1192 Philippus
648 1146 723 1179 Rex
772 1143 964 1189 franciae,

202 1194 265 1242 qui
292 1193 528 1230 interficietur
554 1196 596 1230 ab
624 1195 746 1242 Apro:

251 1265 441 1273 -----
461 1245 555 1292 sopra
580 1248 689 1280 Senna

252 1297 390 1336 Induce.

201 1343 308 1386 idest,
354 1344 519 1389 Parifius,
566 1359 670 1394 quarn
712 1344 919 1381 denominat
946 1359 964 1381 a

202 1394 351 1431 flumine
378 1395 458 1432 suo.
487 1396 544 1431 Est
564 1397 659 1432 enim
681 1398 792 1432 Senna
813 1395 964 1440 fluvius,

202 1446 264 1494 qui
291 1446 425 1482 labitur
452 1460 512 1495 per
540 1446 705 1482 Parifius.
733 1448 780 1481 Et
807 1447 921 1482 dicit:

251 1515 269 1522 -
294 1517 311 1522 -
336 1518 353 1523 -
381 1518 396 1523 -
418 1497 644 1541 salseggiando
669 1498 704 1529 la
731 1507 874 1539 moneta,

198 1544 283 1593 quia
312 1544 497 1590 Philippus
525 1544 677 1580 faciebat
701 1543 864 1580 fabricari
888 1558 963 1580 mo-

199 1605 316 1630 netam
347 1595 486 1630 falum.
525 1597 572 1630 Et
609 1605 714 1635 nota,
756 1596 850 1642 quod
881 1596 963 1632 Phi-

201 1644 319 1693 lippus
360 1645 553 1688 praediaus
591 1642 660 1680 fuit
685 1645 891 1681 interfefflzus
920 1648 962 1682 ab
1005 1647 1038 1680 D

200 1697 303 1742 Apro
331 1695 367 1730 in
398 1698 613 1742 venatione;
661 1695 740 1729 ideo
768 1695 880 1744 dicit3
926 1698 964 1731 cli

200 1746 284 1792 colpe
319 1746 354 1779 di
389 1756 537 1788 cotenna,
579 1743 661 1778 idest
701 1744 803 1780 dente
850 1747 961 1793 Apri.

202 1798 297 1832 Nam
326 1798 362 1831 in
402 1773 539 1840 vulgari
579 1794 786 1829 Florentino
823 1799 964 1830 Cotenna

200 1845 315 1881 solum
353 1848 550 1894 appellatur
585 1845 676 1880 cutis
715 1845 817 1880 Porci
854 1845 963 1893 grossa

201 1898 236 1930 δε
264 1896 433 1939 setolosa‚
459 1898 494 1931 δε
524 1909 581 1944 per
609 1894 876 1931 similitudinem
904 1909 964 1931 cu-

201 1946 250 1981 tis
278 1946 433 1982 hominis
462 1948 588 1995 capitis
625 1946 754 1984 etiam,
791 1959 878 1993 quae
921 1945 966 1981 est

201 1996 312 2044 groffa
338 1998 372 2032 δε
401 1996 531 2044 pilosa.
559 1999 654 2054 Ergo
681 2010 740 2045 per
766 1996 878 2032 cutim
905 1996 966 2033 dat

202 2046 361 2095 intelligi
391 2049 554 2094 Aprum,
596 2047 657 2094 qui
685 2047 798 2091 ipsum
828 2046 966 2095 Philip-

203 2108 287 2143 pum
317 2096 517 2131 interfecit.
545 2098 591 2131 Et
620 2096 747 2132 merite>
768 2098 810 2131 ab
830 2097 966 2132 anima·
1010 2096 1038 2129 E

202 2146 232 2182 li
260 2145 367 2182 feroci
396 2144 434 2182 ὅ(
455 2145 622 2189 superbo,
651 2146 819 2182 videlicet
842 2149 964 2193 Apro,

204 2196 338 2232 occisus
385 2196 430 2232 est
475 2197 582 2232 homo
611 2206 683 2233 tam
719 2196 818 2233 ferox
845 2196 884 2234 δε
911 2197 966 2234 su—

203 2248 353 2296 petbus.

254 2300 296 2333 Li
316 2298 348 2339 fi
372 2300 472 2333 vedrh
497 2319 685 2326 -----

202 2348 296 2384 Heic
325 2350 460 2396 Aquila
488 2349 654 2385 describit
681 2349 868 2385 secundum
896 2352 964 2386 Re-

201 2411 280 2447 gem
298 2426 309 2442 ‚
346 2399 482 2434 scilicet
510 2401 687 2448 Angliae,
729 2413 854 2448 quem,
882 2400 964 2447 quia

201 2449 447 2498 magnanimus
475 2461 571 2495 erat,
600 2460 638 2486 ut
666 2451 783 2499 tangit
810 2451 847 2486 in
880 2453 966 2486 Pur-

202 2499 365 2549 gatorio,
393 2513 485 2536 nunc
521 2500 687 2538 describit
726 2501 837 2537 solum
866 2515 884 2537 a
912 2501 966 2538 su-

204 2550 346 2600 perbia,
373 2550 513 2587 dicens:

308 2604 397 2636 Tom.
420 2605 482 2638 HI.

284 2659 301 2672 ⁸
323 2658 481 2699 Irrgbt'lefi’.

546 231 625 271 CO
624 229 846 271 uMENT
878 229 942 271 IN
970 224 1103 269 DAN
1109 223 1196 266 TIS
1224 222 1465 267 COMOED.

1008 745 1033 778 (33

1681 242 1767 281 794-

1116 285 1157 318 L:-
1178 282 1209 324 st
1235 285 1334 317 vedra
1360 304 1376 309 -
1403 305 1418 310 -
1445 304 1461 310 ·

993 287 1041 376 Al
1068 333 1225 377 scilicet,
1253 333 1291 368 in
1320 333 1498 381 praedifi‘m
1526 333 1638 370 Libro
1665 334 1757 370 Dei:

1245 384 1322 418 -la
1342 383 1511 430 superbia,
1538 384 1584 419 cb'
1598 383 1716 429 affetu,

1069 405 1175 473 ide-:st
1200 404 1413 469 sitibundum
1441 433 1552 470 facit.
1582 435 1684 471 Unde
1710 435 1824 472 dicit:

1119 485 1183 519 che
1205 484 1243 528 fa
1269 485 1299 518 lo
1324 487 1427 519 Scotto
1435 505 1704 524 -------

1070 535 1174 574 idest,
1204 537 1334 583 Regem
1364 535 1523 579 Scotiae.

1163 607 1178 612 -
1206 606 1220 612 -
1248 607 1263 611 -
1291 599 1306 619 e
1331 585 1354 619 ι’
1378 585 1395 604 ¹*
1427 586 1547 633 Inglese
1568 587 1668 630 folle,

1070 636 1174 680 idest,
1203 638 1334 684 Regem
1363 637 1443 671 Anu
1425 638 1516 685 t‚liae
1552 637 1750 674 Eduardum
1778 646 1830 675 te-

1072 664 1192 722 merui·¹
1200 700 1281 730 um,
1319 686 1380 733 qui
1417 696 1456 723 ut
1492 688 1615 728 credo,
1651 699 1724 724 erat
1754 691 1828 725 Rex

1072 736 1249 784 uniusque
1278 737 1430 772 Iniulae.
1467 737 1522 772 Est
1556 738 1652 774 enim
1695 740 1830 788 Anglia

1073 787 1186 822 Inlula
1171 801 1265 822 rum
1296 787 1449 823 maxima
1477 788 1513 823 in
1541 791 1683 825 Oceano
1722 790 1830 825 Occi-

1073 839 1112 873 de
1097 838 1225 873 nrali.
1255 837 1372 873 Scotia
1400 841 1482 874 vero
1503 838 1535 874 ei
1556 839 1762 888 ςοῃΞιΞιΞξὶα.
1782 843 1830 877 Et

1074 888 1183 924 dicit:

1123 941 1159 973 5}
1186 939 1235 973 che
1262 952 1321 974 mm
1346 943 1408 984 pub
1436 939 1548 988 fiaffrx'r
1580 942 1690 976 dentro
1717 956 1738 976 a
1767 943 1830 988 sua

1174 1000 1274 1026 meta.

1072 1039 1174 1079 idest,
1215 1040 1308 1075 intra
1343 1040 1513 1077 terminos
1549 1043 1583 1077 &
1619 1042 1726 1079 litora
1754 1042 1831 1080 suae

1073 1089 1232 1126 Insulae.
1246 1090 1357 1139 Quia
1385 1090 1522 1127 scilicet
1547 1105 1618 1128 non
1646 1103 1832 1130 contentus

1073 1140 1217 1189 proprio
1255 1143 1397 1189 Regno,
1442 1142 1582 1178 invadit
1622 1144 1736 1180 aliena
1765 1148 1834 1181 Re-

1073 1204 1164 1239 gna.
1201 1193 1248 1226 Et
1276 1202 1368 1228 certe
1395 1192 1481 1228 istud
1523 1193 1657 1229 dietum
1686 1196 1732 1231 est
1759 1209 1833 1232 ma-

1072 1241 1169 1277 xime
1189 1241 1412 1278 verificatum
1437 1244 1556 1279 diebus
1577 1244 1720 1290 nostris,
1749 1247 1833 1294 quia.

1073 1292 1228 1341 Angliae
1256 1295 1331 1329 Rex
1368 1293 1494 1330 invafit
1537 1297 1695 1344 Regnum
1725 1299 1834 1333 Fran-

1074 1343 1168 1381 ciae,
1195 1344 1228 1378 δί
1258 1346 1352 1392 Rege
1379 1353 1502 1394 capto,
1543 1354 1656 1381 totam
1683 1346 1753 1384 fere
1778 1361 1833 1384 re—

1073 1393 1216 1442 gionem
1245 1394 1412 1430 vastavit:

1128 1444 1268 1489 Vedraffi
1278 1466 1546 1483 -------
1742 1457 1746 1460 ’

1075 1495 1166 1529 Heic
1194 1495 1329 1542 Aquila
1357 1495 1523 1533 describit
1549 1497 1635 1534 duos
1656 1499 1744 1536 alios
1767 1502 1837 1537 Re-

1073 1558 1131 1593 ges
1160 1555 1319 1592 potentes
1347 1545 1467 1587 simul,
1505 1548 1566 1596 qui
1604 1550 1707 1586 ambo
1734 1553 1834 1587 labo-

1075 1595 1198 1630 rabant
1224 1594 1345 1630 eodem
1376 1598 1498 1633 morbo
1527 1599 1722 1644 vitiorum,
1768 1601 1836 1637 sci-

1075 1644 1160 1680 licet
1186 1645 1327 1681 luxuria
1354 1644 1392 1682 ὃς
1429 1648 1606 1692 mollitie,
1648 1650 1687 1687 ὃ(
1732 1652 1838 1688 ambo

1075 1704 1174 1731 erant
1195 1694 1263 1731 fine
1283 1695 1402 1743 aliqua
1422 1697 1578 1734 virtute.
1609 1700 1710 1736 Dicit
1729 1715 1835 1750 eigo:

1129 1746 1268 1790 Vea'raffi
1287 1747 1320 1780 la
1343 1745 1496 1792 luffurt'a‚
1525 1762 1541 1783 e
1551 1748 1576 1782 'l
1601 1751 1696 1784 viver
1723 1753 1836 1796 molle,

1077 1794 1180 1832 idest,
1209 1795 1246 1829 in
1274 1795 1396 1830 eodem
1424 1797 1537 1832 Libro
1559 1798 1648 1836 Dei,
1678 1800 1750 1835 vita
1774 1813 1837 1836 νο-

1077 1843 1260 1928 luptuosa,
1306 1845 1396 1880 unde
1431 1845 1653 1892 animositas,
1698 1850 1732 1884 &
1773 1864 1838 1887 vo-

1093 1903 1213 1942 uptas,

1129 1944 1176 1978 Di
1202 1944 1273 1990 quel
1298 1944 1336 1979 di
1359 1948 1512 1993 spagna,

1076 1993 1234 2034 scilicet,
1272 1994 1377 2044 Regis
1413 1996 1612 2046 Alphonfi,
1656 2000 1721 2049 qui
1749 2009 1833 2040 tunc

1077 2046 1268 2094 regnabat:

1213 2118 1229 2123 -
1256 2117 1272 2123 -
1298 2110 1314 2131 e
1338 2097 1375 2132 di
1400 2100 1471 2146 quel
1496 2100 1533 2135 di
1560 2104 1732 2148 Bmmme,

1076 2145 1181 2191 idest,
1210 2146 1386 2184 Vincislai
1416 2150 1520 2199 Regis
1549 2152 1764 2198 Bohemiae,
1791 2155 1835 2192 de

1077 2210 1148 2245 quo
1184 2197 1319 2233 dietum
1355 2199 1400 2234 est
1441 2200 1479 2236 in
1508 2202 1736 2252 purgatorio.
1787 2207 1837 2242 Et

1077 2247 1166 2283 dicit
1193 2248 1235 2284 de
1263 2258 1431 2297 utroque:

1129 2299 1194 2332 Che
1220 2300 1286 2334 mai
1310 2301 1402 2335 calor
1428 2315 1488 2337 non
1515 2306 1648 2340 conobbe
1669 2307 1708 2340 nb
1732 2307 1834 2343 velle.

1078 2346 1226 2398 supple,
1254 2350 1459 2399 cognoscere
1488 2353 1684 2393 virtutem.

1131 2401 1311 2445 Vedraffi—
1756 2420 1759 2424 '

1078 2450 1171 2486 Heic
1198 2451 1297 2498 Aqui
1301 2453 1334 2488 la
1361 2452 1526 2491 describit
1544 2457 1653 2494 alium
1681 2461 1835 2508 Regem,

1079 2500 1213 2537 scilicet
1258 2500 1430 2540 Carolum
1478 2508 1641 2556 Regem
1659 2510 1834 2558 Apuliae,

1079 2551 1148 2637 qul}
1168 2551 1282 2589 dietus
1309 2554 1354 2589 est
1396 2556 1573 2602 Claudas,
1610 2559 1668 2596 cui
1708 2559 1835 2595 adscri-

1177 2616 1194 2638 e
1221 2616 1239 2638 e

1732 2610 1786 2644 bit
