2216 3105
247 255 327 306 569
539 244 840 289 COMMENT.
870 224 939 289 ΙΝ
965 242 1191 288 DANTIS
1218 241 1458 285 COMOED.
1671 256 1751 297 570

982 306 1011 339 A
1053 303 1276 340 intricatam.
1303 303 1351 336 Et
1379 302 1457 336 vult
1485 299 1655 336 sententia
1675 300 1810 335 dicere)

238 329 284 334 --
300 327 347 334 --
374 309 405 340 E
432 304 532 353 questo
556 305 628 339 vole

239 359 344 404 Επεὶ,
380 357 430 391 che
465 356 499 391 Ia
525 356 568 389 da*
582 370 602 398 ;
632 356 742 402 perch&
767 355 811 390 da
836 356 884 389 lui
912 355 944 397 fi

285 407 402 443 chiam?
418 433 426 441 .

185 458 268 495 idest
285 486 295 503 ‚
332 455 598 506 recognoscatur
625 470 643 491 a
672 458 773 494 Deo,
801 468 872 490 non
900 456 942 491 ab

185 510 258 545 alio
275 536 283 544 .

235 564 330 595 Anco
356 560 390 595 al
416 558 539 603 Nasum
554 579 570 583 -
586 579 601 584 -
617 579 633 584 -
649 579 666 584 -

187 611 282 647 Heic
323 609 498 645 Sordellus
519 636 529 653 ‚
572 608 654 656 quia
690 607 868 657 vituperat
904 619 944 642 u-

187 670 349 708 trumque
377 659 599 695 successorem
639 658 760 698 Petri,
798 658 944 706 degene-

187 720 322 746 rantem
364 724 382 746 a
422 719 563 756 paterna
605 708 780 756 probitate
801 733 811 747 ‚
854 721 945 743 nunc

188 760 339 797 reflefilit
376 760 567 795 sermonem
607 758 704 794 suurn
734 758 775 794 ad
813 758 944 794 socium

190 812 262 860 ejus
290 809 461 846 Carolum
479 835 489 849 ,
518 809 556 845 ἃ
584 809 693 845 dicit:

240 866 333 897 Anco
361 863 395 896 al
424 861 546 905 Nasum
571 874 678 895 vanno
704 860 764 895 mie
786 861 912 907 parole.

192 912 276 948 idest
305 911 501 947 mordentia
533 912 572 946 ad
610 911 777 947 Carolum
817 909 949 959 praefa-

192 972 269 999 tum
289 989 298 1005 ,
326 975 430 1010 quem
459 961 610 1008 superius
639 960 803 997 describit
831 975 850 996 a
875 974 948 996 ma-

195 1013 290 1048 sculo
318 1012 421 1055 naso,
450 1012 531 1059 quia
559 1012 682 1047 habuit
703 1024 868 1061 magnum
888 1025 950 1047 na-

193 1063 266 1098 sum
284 1091 292 1104 ,
322 1062 359 1098 &
388 1063 529 1098 virilem
558 1062 736 1098 animum.

248 1117 319 1148 ,Non
348 1127 415 1147 men
443 1113 519 1148 cla’a
545 1113 568 1146 l'
579 1114 660 1148 altro
686 1114 761 1148 Pier
787 1134 801 1140 -
817 1134 893 1140 -—-

200 1166 329 1212 Regem
359 1166 563 1212 Aragonum
579 1192 590 1207 ‚

250 1236 265 1241 -
281 1236 296 1240 -
314 1236 328 1240 -
345 1236 360 1241 -
387 1215 439 1249 che
465 1228 517 1249 con
545 1215 593 1248 lm·
619 1225 735 1250 canta:

199 1278 305 1313 quum
345 1273 463 1300 tamen
504 1265 724 1301 contenderit
768 1265 881 1301 secum
919 1265 957 1301 in

199 1316 275 1352 vita
307 1315 349 1351 de
380 1318 500 1363 Regno
530 1315 672 1351 Siciliae
708 1325 878 1364 occupato
916 1316 957 1350 ab

199 1381 262 1410 eo,
283 1367 316 1401 δε
338 1366 520 1401 vocaverit
547 1379 625 1401 eum
655 1366 891 1413 proditorem,
920 1364 957 1402 ὅ(

199 1416 444 1463 provocaverit
473 1416 512 1451 ad
556 1415 725 1463 singulare
762 1426 957 1452 certamen.

199 1467 262 1503 Sed
299 1465 465 1514 affignato
502 1467 582 1501 loco
610 1465 648 1501 δε
676 1475 855 1514 tempore,
896 1469 958 1502 Pe-

197 1526 270 1551 trus
298 1529 368 1550 non
398 1515 617 1560 comparuit,
656 1517 809 1564 allegans
838 1518 956 1552 locum

198 1566 417 1613 suspeetum.
456 1568 536 1601 Hoc
565 1575 681 1601 autem
720 1566 873 1602 creditur
909 1566 958 1602 fe—

200 1617 280 1653 ciffe
309 1615 421 1665 sagaci
447 1615 585 1660 fraude,
612 1626 651 1652 ut
677 1614 959 1665 interponeretur

199 1677 364 1714 tempus,
401 1680 471 1714 quo
509 1666 663 1702 firmaret
699 1667 822 1704 statum
860 1668 956 1705 suum

200 1718 239 1753 in
267 1716 410 1758 Sicilia,
439 1716 523 1751 ficut
551 1716 656 1752 fecit.
685 1719 774 1752 Vult
800 1732 881 1767 ergo
905 1720 959 1754 di-

202 1780 278 1802 cere
314 1765 517 1801 Sordellus:
561 1766 659 1802 Idem
696 1766 776 1802 dico
812 1768 853 1803 de
891 1783 960 1804 uno

203 1816 326 1852 herede
367 1816 515 1859 Caroli,
559 1816 651 1864 quod
693 1817 764 1865 jam
807 1818 883 1854 dixi
920 1819 960 1854 de

204 1867 336 1903 duobus
363 1866 545 1903 heredibus
576 1866 691 1903 Petri.
727 1867 811 1904 Ideo
847 1869 957 1905 dicit:

254 1921 342 1951 Ortde
357 1939 372 1942 -
389 1939 405 1943 -
420 1939 435 1944 -
451 1939 467 1944 -

203 1982 222 2004 a
249 1981 319 2016 quo
347 1969 503 2008 Carolo,

255 2039 300 2045 --
316 2040 331 2045 -
347 2039 362 2044 -
388 2019 510 2065 Puglia
535 2033 554 2063 e*
572 2023 715 2064 Proenza
737 2021 796 2067 git}
817 2020 849 2062 st
873 2022 960 2057 dole.

207 2071 353 2116 Propter
380 2080 529 2105 mortem
552 2070 646 2116 ejus,
675 2069 757 2117 quia
784 2071 880 2107 heres
903 2071 962 2107 de-

206 2118 312 2158 bilis,
340 2118 476 2154 scilicet
503 2118 654 2155 Carolus
682 2121 860 2160 Claudus‚
888 2121 962 2157 suc-

208 2168 304 2205 ceffit
331 2168 392 2203 fibi
420 2168 457 2204 in
487 2171 608 2216 Regno
636 2170 790 2217 Apuliae
818 2170 856 2206 c&
879 2173 962 2207 Pro-

206 2219 345 2255 vinciae
366 2244 376 2258 ,
417 2232 567 2266 quorum
613 2220 766 2267 primum
815 2223 962 2258 Carolus

208 2269 452 2306 vindicaverat
479 2283 497 2304 a
536 2271 629 2318 Rege
667 2269 878 2311 Manfredo‚
913 2272 962 2308 se-

208 2320 359 2357 cundum
403 2319 570 2355 habuerat
610 2333 652 2355 ex
694 2321 776 2357 dote
819 2322 964 2362 uxoris,

208 2385 295 2416 quae
315 2370 426 2406 fuerat
447 2369 520 2406 filia
547 2371 746 2416 Raymundi
771 2372 964 2421 Beringerii

207 2421 368 2458 Comitis
398 2421 606 2457 Provinciae
623 2447 634 2461 ‚
663 2430 702 2458 ut
728 2421 865 2458 dicetur
892 2425 965 2472 ple-

205 2486 249 2509 ne
278 2474 342 2507 VI.
380 2473 484 2508 Cant.
523 2471 695 2508 Paradifi.
732 2474 779 2508 Et
814 2473 964 2510 declarat

207 2523 383 2558 Sordellus
407 2522 585 2558 vilitatem
607 2522 743 2559 heredis
762 2524 884 2560 Caroli
907 2538 966 2573 per

207 2586 312 2610 unam
339 2573 639 2621 comparationem
666 2573 726 2610 sub
754 2574 857 2612 litera
883 2573 966 2611 satis

308 2627 398 2660 Tom.
424 2626 487 2661 III,

992 1209 1024 1245 (Ὗ

1053 353 1146 402 quod
1172 352 1325 388 Carolus
1362 350 1517 387 claudus
1547 350 1591 385 est
1627 353 1727 386 tanto
1755 347 1810 383 vi-

1053 405 1123 440 lior
1149 411 1267 452 patre,
1295 404 1429 450 quanto
1458 402 1579 436 Petrus
1606 403 1809 448 Aragonum

1053 454 1098 491 est
1125 454 1252 490 melior
1279 452 1365 488 filiis
1392 451 1482 487 suis.
1512 450 1612 486 Dicit
1640 462 1743 498 ergo:

1103 508 1209 540 Tanto
1227 506 1244 538 ὲ
1263 505 1315 538 del
1333 504 1414 548 seme
1431 502 1488 547 suo
1508 502 1608 536 minor
1627 501 1661 535 la
1678 502 1811 547 pianta.

1055 555 1163 598 idest,
1201 554 1295 590 filius
1323 554 1422 603 ejus,
1459 551 1521 600 qui
1559 552 1657 587 velut
1694 550 1814 598 planta

1056 605 1232 642 descendit
1273 618 1316 641 ex
1359 603 1490 639 semine
1531 602 1670 651 patris,
1711 602 1813 635 tanto

1057 656 1174 693 minor
1219 656 1263 691 est
1309 654 1485 704 probitate
1510 680 1520 698 ‚
1566 651 1605 688 &
1650 651 1783 688 virtute
1802 674 1813 690 ,

1058 710 1189 756 quanto

1108 760 1287 803 Gfflanza,
1304 779 1319 783 -
1334 778 1349 783 -
1363 778 1380 782 -
1395 778 1411 783 -

1058 821 1146 857 quae
1173 807 1284 845 fuerat
1312 807 1387 842 filia
1413 805 1518 853 Regis
1545 803 1746 843 Manfrecii,
1774 803 1815 838 de

1059 872 1126 908 qua
1155 860 1254 906 plene
1281 857 1417 894 dietum
1444 857 1490 893 est
1516 858 1621 892 Cant.
1649 855 1715 891 ΙΙΙ.
1752 853 1816 889 hu-

1061 911 1112 959 jus
1140 909 1270 949 Libri,

1110 981 1216 987 ----·
1241 961 1278 994 di
1305 960 1416 994 marito
1441 971 1534 994 ancor
1552 957 1585 999 st
1610 967 1732 991 mmm.

1060 1010 1173 1054 Idest‚
1210 1009 1382 1058 gloriatur
1409 1009 1450 1044 de
1478 1008 1624 1044 meliore
1661 1005 1790 1041 marito
1808 1034 1817 1049 ,

1061 1060 1196 1097 scilicet
1224 1063 1353 1096 Donno
1383 1062 1486 1095 Petro
1515 1056 1773 1094 valentiffizno.

1112 1115 1241 1158 „Quanto
1274 1112 1334 1159 pize
1372 1112 1423 1145 che
1458 1109 1602 1144 Beatrice
1636 1122 1652 1142 e
1678 1110 1819 1154 Mm’ga‘-

1162 1163 1249 1197 rita.

1064 1213 1145 1248 Istae
1175 1212 1260 1248 duae
1288 1220 1386 1248 erant
1424 1213 1542 1248 Nurus
1579 1209 1693 1245 dietae
1721 1210 1819 1243 Con-

1063 1263 1226 1305 stantiae,
1264 1264 1371 1298 altera
1399 1275 1488 1297 uxor
1516 1260 1637 1296 Donni
1672 1258 1819 1304 Jacobi>

1064 1315 1171 1349 altera
1200 1312 1320 1349 Donni
1349 1312 1541 1355 friderici,
1569 1324 1714 1360 quarum
1737 1322 1821 1345 neu-

1064 1374 1118 1400 tra
1146 1372 1283 1412 poterat
1319 1363 1464 1412 gloriari
1502 1362 1543 1398 de
1580 1361 1690 1411 probo
1717 1360 1821 1404 viro,

1064 1414 1147 1463 quia
1175 1424 1214 1449 ut
1242 1424 1338 1463 patet
1365 1427 1408 1449 ex
1436 1413 1563 1452 dietis,
1591 1412 1645 1448 isti
1673 1411 1742 1447 dno
1763 1411 1821 1446 de„

1065 1465 1274 1514 generabant
1311 1478 1330 1499 a
1366 1464 1499 1499 virtute
1536 1472 1703 1509 paterna.
1741 1460 1822 1496 Alii

1065 1526 1182 1551 tamen
1210 1514 1359 1557 dicunt,
1397 1514 1490 1561 quod
1517 1513 1597 1549 istae
1625 1513 1711 1549 duae
1747 1511 1822 1547 fue-

1066 1575 1146 1602 runt
1183 1564 1313 1601 sorores
1340 1564 1592 1602 Constantiae:
1632 1563 1725 1612 quod
1752 1574 1823 1598 non

1067 1616 1189 1652 credo,

1119 1668 1230 1701 Vedete
1257 1667 1283 1700 il
1310 1671 1360 1701 Re
1377 1687 1520 1693 -----

1069 1717 1161 1754 Heic
1189 1717 1365 1753 Sordellus
1393 1717 1556 1753 nominat
1583 1717 1693 1752 alium
1722 1715 1824 1764 spiri-

1069 1778 1144 1803 tum
1164 1795 1174 1811 ‚
1202 1767 1368 1803 illustrem
1399 1771 1529 1816 Regem
1560 1767 1732 1815 Angliae.
1762 1766 1825 1801 Iste

1069 1818 1137 1853 fuit
1164 1818 1340 1853 Henricus
1357 1845 1367 1861 ,
1404 1819 1498 1853 filius
1536 1817 1678 1852 Ricardi
1706 1818 1826 1852 valen-

1070 1867 1220 1910 tiffimi,
1262 1867 1323 1915 qui
1362 1867 1540 1903 mirabilia
1576 1867 1660 1902 fecit
1696 1866 1826 1902 strenue

1071 1927 1192 1954 contra
1213 1918 1434 1954 Saladinum.
1462 1917 1536 1963 Qui
1561 1916 1736 1953 Henricus
1758 1916 1827 1952 fuit

1073 1969 1127 2004 vir
1155 1969 1264 2004 bonus
1283 1996 1292 2013 ,
1328 1969 1361 2003 8<
1391 1969 1501 2003 bonae
1530 1967 1612 2003 fidei
1641 1967 1827 2015 possessor,

1072 2019 1126 2055 sed
1154 2019 1276 2055 habuit
1304 2018 1463 2054 heredem
1492 2018 1697 2062 meliorem,
1735 2017 1830 2053 seili—

1074 2079 1128 2105 cet
1157 2083 1216 2118 per
1243 2069 1458 2104 contrarium
1491 2069 1587 2104 Petri
1614 2070 1648 2104 &
1677 2067 1829 2112 Caroli,

1075 2119 1208 2155 scilicet
1238 2120 1444 2155 Adoardum
1483 2119 1599 2155 virum
1635 2118 1830 2154 valentiffi-

1075 2183 1170 2206 mum
1187 2197 1195 2206 .
1224 2170 1326 2205 Dicit
1353 2183 1455 2218 ergo:

1125 2243 1140 2247 -
1157 2242 1172 2247 -
1189 2242 1204 2247 -
1220 2242 1235 2247 -
1264 2221 1289 2255 il
1316 2225 1367 2256 Re
1392 2221 1478 2255 della
1499 2220 1642 2267 semplice
1668 2221 1742 2255 vita

1076 2271 1241 2319 fimplex,
1269 2272 1302 2306 &
1331 2284 1455 2317 purus,
1483 2271 1538 2307 sed
1560 2285 1630 2306 non
1657 2272 1832 2316 strenuus,

1077 2321 1162 2357 ficut
1190 2331 1286 2370 pater
1314 2320 1351 2357 ἃ
1380 2321 1496 2365 filius,
1525 2321 1662 2358 scilicet

1127 2374 1223 2407 Seder
1249 2373 1282 2407 la>
1303 2372 1393 2416 solo,
1419 2373 1543 2420 Arrigo
1569 2372 1602 2407 d’
1618 2373 1833 2418 Ingbilterra.

1078 2422 1185 2458 Ponit
1212 2422 1325 2471 ipsum
1352 2422 1488 2467 solum,
1525 2423 1608 2470 quia
1644 2423 1736 2458 solus
1765 2423 1833 2459 fuit

1076 2472 1220 2521 fimplex
1249 2473 1286 2509 in
1313 2486 1459 2509 numero
1489 2476 1623 2522 Regum
1652 2473 1832 2522 Angliae,

1075 2523 1137 2571 qui
1173 2523 1313 2559 fuerunt
1349 2523 1585 2560 communiter
1621 2525 1720 2560 astuti
1755 2525 1832 2558 val-

1074 2574 1143 2623 de3
1178 2575 1234 2611 vel
1272 2574 1354 2621 quia
1390 2574 1567 2612 solitarius
1594 2588 1665 2611 non
1702 2573 1828 2623 gaude-

1233 2627 1268 2661 O
1293 2638 1314 2660 o
1724 2624 1782 2659 bat
