2216 3105
222 226 277 263 49
553 203 822 245 DJSSERTA
829 183 928 244 TJo'

165 279 243 315 quae
268 269 350 299 Gens
378 262 448 304 fine
482 263 582 308 eapite
616 263 813 296 vocabatur:
841 272 919 307 quae

163 317 262 363 primo
292 324 396 359 parva
416 337 425 351 ,
459 312 562 359 postea
598 325 714 359 magna
748 310 888 357 aggressa
907 336 918 350 ,

164 376 310 410 magnam
336 363 493 397 Franciae
518 372 640 408 partem
675 372 821 408 occupans
849 361 919 402 fine

162 414 301 460 legibus,
325 412 458 460 expulsis
476 413 530 447 vel
542 411 682 457 suhaHis
700 413 830 446 locorum
851 414 917 446 Do-

164 464 286 507 mt'm's,
316 463 538 510 subjugavit;
573 473 720 509 erantque
756 475 814 496 non
844 471 918 496 tan—

164 525 232 548 tum
258 515 297 548 de
323 527 386 549 una
416 523 510 560 gente
538 513 592 546 vel
618 513 742 547 natione
758 536 768 551 ,
800 511 857 556 sed
881 513 919 545 de

163 564 308 612 pluribus
335 564 514 599 nationibus
541 563 736 609 congregati.
774 561 918 597 Famosa

165 627 304 662 quoque
323 614 411 662 apud
432 614 553 648 Gallos
573 612 678 649 evafit
697 613 833 647 Societas
851 612 919 648 Al-

165 667 226 703 ba,
247 662 285 699 ὅ(
309 665 445 699 Societas
464 667 642 702 Fortunae,
663 663 716 699 uti
742 662 830 711 apud
857 675 920 697 nos

167 715 304 750 Societas
337 716 425 749 della
458 715 590 753 Stella,
626 714 763 748 Societas
796 715 890 749 Aba
909 737 919 752 ,

166 764 302 800 Societas
335 764 450 800 Sam‘Ii
482 764 609 811 Georgii
634 766 701 799 &a
737 766 824 799 Sunt
860 763 920 811 qui

169 824 322 863 putant,
359 824 462 862 atque
497 814 590 850 inter
625 814 713 850 alios
751 816 921 849 Du-Can-

168 865 245 912 gius
282 866 319 900 in
347 864 520 901 Gloffario
555 865 716 909 Latino,
752 864 921 914 ejusmodi

168 915 381 951 Societatum
422 915 564 963 aliquod
601 916 801 964 exemplum
838 916 923 950 Gal-

168 965 253 1001 liam
282 966 428 1002 dedisse,
464 967 568 1014 longe
595 976 780 1012 antequam
809 966 850 1000 ab
879 965 923 1000 iis

171 1015 294 1051 misera
330 1016 579 1062 discerperetur
615 1016 742 1064 Italia3
780 1016 923 1051 Saeculo

170 1065 265 1102 enim
285 1068 364 1101 XII.
385 1064 422 1101 ὃς
446 1068 542 1100 XIII.
563 1065 652 1112 apud
672 1067 816 1109 Gallos,
844 1066 924 1100 Bel-

170 1129 228 1165 gas
250 1141 259 1155 ,
298 1116 453 1163 aliosque
490 1115 663 1151 finitimos
702 1117 854 1163 Populos
889 1128 925 1150 e—

170 1167 320 1202 mersere
338 1167 507 1210 Gemelli,
528 1165 589 1213 qui
615 1164 653 1201 &
677 1166 925 1201 Brabantiones.

171 1215 221 1252 Hi
259 1217 464 1262 Ruptuart'i,
501 1229 539 1250 ac
576 1216 756 1262 Ruptarii‚
793 1215 924 1263 saepius

170 1265 338 1314 appellati
375 1264 453 1300 sunt
490 1264 609 1312 (unde
646 1265 758 1312 postea
787 1266 926 1300 Gallica

170 1329 241 1352 vox
280 1316 457 1363 Roturier)

171 1379 248 1402 rure
286 1365 501 1415 potissimum
538 1365 679 1400 colleffi
701 1390 711 1404 ‚
749 1365 810 1412 qui
846 1378 924 1413 pro—

170 1416 307 1453 vincias
344 1417 619 1466 populabantur.
657 1417 760 1451 Hanc
788 1415 825 1451 in
852 1429 925 1451 rem

170 1469 283 1503 multa
308 1466 530 1503 coacervavit
554 1466 647 1502 idem
673 1465 925 1515 Du-Cangius.

171 1519 304 1553 Verlim
341 1517 364 1552 fi
398 1518 482 1565 quid
510 1517 640 1557 video,
677 1526 811 1553 turmae
847 1516 927 1564 qui-

169 1567 247 1604 dem
280 1567 538 1616 praedabundae
576 1568 715 1603 fuerunt
742 1568 928 1614 Ruptarii‚·

170 1617 226 1654 sed
265 1617 356 1654 inter
383 1632 438 1655 eas
466 1632 504 1655 ac
542 1618 732 1654 Societates
770 1618 927 1653 militum

153 1667 207 1704 ‘in
235 1669 343 1704 Italia
379 1678 498 1712 natas,
536 1669 725 1714 plurimum
754 1668 928 1704 discrimi-

171 1717 225 1753 nis
254 1718 468 1754 interceffit.
506 1720 630 1765 Neque
667 1719 760 1753 enim
798 1718 825 1753 ii
865 1732 928 1754 un-

174 1780 278 1814 quam
318 1767 354 1802 in
395 1767 588 1803 exercitum
631 1768 780 1815 justum,
817 1781 928 1816 neque

173 1817 233 1853 sub
260 1817 378 1866 magni
406 1818 560 1854 nominis
583 1820 678 1854 Duce
704 1819 927 1858 coaluerunt,

172 1881 284 1916 neque
311 1868 351 1904 de
377 1881 445 1904 uno
471 1869 507 1904 in
534 1870 680 1904 alterum
704 1869 927 1904 Comitatum

171 1917 367 1967 progreffi,
411 1919 630 1965 Principibus
671 1919 750 1967 ipsis
793 1930 926 1955 metum

170 1968 358 2008 incussere,
383 1968 541 2005 Urbesve
563 1969 603 2005 ad
632 1969 849 2005 deditionem
871 1979 929 2005 aut

172 2018 423 2054 redemtionem
452 2025 611 2069 coegere:
651 2020 715 2055 Sed
742 2020 924 2056 turmatim

175 2068 417 2117 procedentes,
445 2070 621 2106 latronum
647 2083 764 2114 more,
791 2070 828 2106 in
855 2071 925 2119 pri-

175 2128 336 2155 vatorum
373 2119 463 2155 casas
503 2120 539 2156 ἃ
577 2134 657 2168 opes
697 2120 925 2156 saeviebant.

175 2170 277 2214 Quod
306 2169 475 2207 summum
505 2171 569 2211 est,
597 2171 623 2206 ii
654 2171 808 2217 profefiffi
836 2171 926 2217 gras—

175 2219 301 2254 satores
337 2219 456 2260 fuere,
492 2221 546 2257 sed
577 2221 718 2265 rustici,
755 2221 926 2269 facileque

173 2282 192 2304 a
230 2269 404 2305 militibus
432 2271 620 2307 vincendi.
656 2273 708 2307 At
744 2272 925 2308 societates

174 2319 319 2355 Italicae
356 2321 536 2368 pleraeque
572 2335 589 2356 e
619 2322 791 2357 veteranis
829 2323 926 2358 mili-

172 2369 267 2405 tibus
304 2371 538 2417 cogebantur,
575 2369 612 2406 &
654 2372 690 2407 in
732 2373 923 2409 exercitum

172 2419 364 2455 immanem
394 2420 601 2459 crescentes,
629 2430 687 2457 aut
714 2422 775 2458 fibi
803 2433 861 2458 aut
889 2438 925 2459 a-

171 2470 230 2505 liis
260 2470 354 2517 (hoc
382 2470 427 2505 est
453 2471 495 2506 ab
522 2470 602 2507 aliis
629 2472 823 2521 conduffi)
852 2475 925 2509 bel—

170 2520 202 2555 la
234 2519 416 2555 fortiffime
448 2522 642 2570 gesserunt.
680 2525 796 2568 Quare
832 2524 924 2560 nihil

268 2575 354 2606 Tem.
381 2573 442 2607 III.

496 1314 681 1363 praedones
723 1328 846 1363 nempe
883 1329 954 1357 ex¹

966 199 1406 244 SEXTADECIMA;
1687 221 1739 261 50

966 263 999 296 A
1041 259 1114 294 veri
1143 258 1283 294 videtur
1320 258 1488 297 similius,
1527 260 1650 296 Italica
1679 278 1795 300 exem-

1040 311 1096 357 pla
1122 309 1284 356 peperisse
1308 309 1345 344 in
1378 309 1507 345 Galliis
1541 311 1661 346 eodem
1694 317 1796 350 Secu—

1041 362 1076 394 lo
1106 361 1202 394 XIV.
1230 359 1316 394 alias
1343 359 1494 407 ejusdem.
1522 359 1647 396 furoris
1676 376 1714 398 ac
1745 365 1796 399 la*

1041 408 1187 445 trocinii
1233 409 1424 445 Societates
1443 438 1453 453 ,
1497 423 1641 458 quarum
1688 413 1795 449 etiam

1041 460 1258 495 mentionem
1279 459 1444 496 habemus
1465 461 1553 508 apud
1573 462 1795 499 Matthaeum

1043 509 1262 545 Villanium.
1301 512 1432 546 Verum
1461 511 1560 559 pestis
1586 512 1669 547 haec
1697 514 1734 548 in
1763 517 1797 549 1-

1042 560 1128 596 talia
1164 561 1284 596 eodem
1322 563 1467 605 Seculo,
1504 575 1574 609 quo
1610 572 1691 598 nata
1732 565 1796 604 est,

1042 610 1149 646 etiam
1177 610 1341 646 evanuit.
1372 614 1508 660 Nempe
1534 611 1669 649 foedera
1697 615 1797 650 Prin—

1010 629 1014 731 1
1043 661 1159 708 cipum
1188 660 1226 697 ἃ.
1256 661 1433 701 Urbium,
1463 672 1522 698 aut
1551 676 1670 698 aurum
1698 665 1797 701 obla—

1011 734 1014 750 1
1042 720 1139 750 tum,
1169 711 1313 747 illorum
1342 712 1450 747 furori
1480 712 1585 748 finem
1614 713 1718 750 fecit.

1093 763 1254 797 Alteram
1288 776 1379 798 nunc
1415 763 1514 812 juvat
1543 777 1798 802 commemora-

1040 825 1075 847 re
1096 812 1238 847 alterius
1263 813 1397 860 generis
1418 813 1653 853 notiffimam,
1678 815 1795 852 fimul-

1040 876 1106 909 que
1143 876 1284 911 gravem
1321 863 1476 911 antiquis
1515 866 1696 905 Saeculis‚
1738 866 1795 903 sed

1039 926 1130 948 nunc
1163 913 1322 961 ignotam
1360 914 1467 950 ferme
1504 915 1592 961 apud
1620 918 1728 952 Italos
1756 916 1795 954 ὃς

1041 976 1146 1011 paene
1174 964 1388 1000 extintstam.
1427 967 1480 1000 De
1507 969 1610 1012 Lepra
1645 967 1794 1015 loquor,

1040 1014 1199 1049 omnium
1228 1014 1423 1051 foediffimo
1453 1016 1597 1055 morbo,
1627 1030 1698 1064 quo
1725 1019 1795 1053 im·-

1041 1077 1161 1099 munes
1188 1065 1357 1105 abibant,
1388 1075 1447 1101 aut
1477 1067 1714 1103 liberabantur
1742 1069 1796 1115 (fi

1039 1114 1234 1161 Archigeni
1263 1115 1487 1151 vetustissimo
1512 1117 1656 1153 Medico
1685 1117 1796 1168 fides)

971 1167 1002 1202 C
1039 1164 1100 1212 qui
1137 1164 1311 1200 leviffimo
1347 1166 1508 1201 antidoto
1539 1167 1571 1202 se
1598 1167 1631 1202 se
1657 1170 1797 1205 munie-

1040 1215 1146 1254 bant,
1184 1215 1249 1250 hoc
1286 1216 1330 1250 est
1357 1216 1418 1263 qui
1455 1216 1488 1252 se
1517 1216 1549 1252 se
1586 1217 1795 1256 evitabant.

1039 1267 1166 1300 Natale
1202 1265 1301 1301 illius
1337 1265 1448 1302 solum
1480 1269 1690 1316 Aegyptus,
1731 1272 1796 1306 Pa-

1037 1314 1198 1354 laestina,
1227 1317 1344 1361 Syria,
1373 1317 1530 1365 aliaeque
1557 1318 1714 1355 Orientis
1740 1334 1795 1356 re-

1036 1364 1156 1411 giones
1184 1365 1282 1401 fuisse
1303 1366 1486 1403 videntur:
1510 1368 1577 1403 five
1599 1369 1691 1416 quod
1720 1370 1795 1418 pes-

1037 1413 1154 1449 limam
1183 1414 1282 1450 illam
1311 1415 1460 1452 scabiem
1489 1432 1598 1466 aqua,
1627 1425 1702 1463 aer,
1731 1430 1793 1457 aut

1037 1464 1204 1500 alimenta
1220 1465 1341 1514 sponte
1361 1479 1544 1515 generent,
1566 1471 1791 1507 nutriantve:

1038 1513 1105 1550 sive
1130 1515 1222 1563 quod
1252 1516 1466 1553 mundiciem
1496 1519 1642 1555 minime
1670 1534 1792 1557 curan—

1037 1574 1087 1600 tes
1116 1566 1242 1614 Populi
1270 1566 1373 1602 semel
1397 1568 1572 1604 invetstam
1596 1571 1688 1605 luem
1710 1572 1792 1618 (ut—

966 1618 999 1652 D
1037 1624 1118 1663 pote
1154 1629 1242 1663 quae
1279 1618 1472 1658 contaStu,
1514 1632 1582 1654 non
1624 1620 1715 1655 secus
1752 1635 1792 1658 ac

1037 1667 1190 1715 vulgaris
1218 1667 1346 1703 scabies
1374 1668 1412 1704 δε
1442 1669 1656 1717 pestilentia,
1682 1672 1793 1707 trahi—

1035 1719 1119 1765 tur)
1149 1718 1265 1766 vigere
1293 1717 1423 1758 sinant,
1451 1719 1588 1756 fortaffe
1617 1722 1792 1758 vermicu-

1035 1766 1080 1802 lis
1120 1767 1297 1804 venenosis
1340 1783 1415 1805 eam
1457 1771 1711 1819 gignentibus,
1752 1772 1792 1809 ὃς

1038 1830 1095 1865 per
1115 1817 1297 1854 hominum
1327 1819 1498 1856 incuriam
1520 1834 1561 1857 ex
1593 1821 1733 1858 infestis
1754 1824 1793 1859 in

1037 1867 1134 1903 sanos
1162 1870 1381 1917 repentibus.
1416 1871 1614 1907 Theodosio
1642 1875 1694 1908 M.
1723 1874 1791 1909 irn-

1038 1928 1177 1965 perante
1224 1919 1374 1956 floruisse
1411 1922 1563 1958 creditur
1599 1925 1791 1960 Marcellus

1037 1969 1260 2010 Empiricus.
1296 1971 1368 2007 Hic
1395 1973 1481 2019 Cap.
1513 1985 1568 2021 19.
1597 1973 1647 2009 sui
1676 1975 1791 2023 operis

1036 2017 1181 2055 scribit:
1221 2021 1458 2067 Elephantiasis
1493 2025 1613 2058 morbus
1649 2025 1691 2066 est
1719 2029 1790 2060 Ae-

970 2066 999 2099 E
1032 2070 1212 2117 gyptiorum
1238 2072 1368 2118 Populis
1394 2084 1503 2113 notus,
1531 2087 1582 2108 nec
1608 2078 1732 2109 tanticm
1758 2077 1792 2111 in

1036 2123 1153 2167 vulgus
1180 2131 1370 2161 extremum,
1401 2123 1459 2167 sed
1494 2125 1590 2160 ett'am
1627 2126 1659 2159 in
1689 2130 1790 2173 Reges

1036 2171 1114 2217 ipsos
1134 2171 1311 2218 frequenter
1338 2173 1482 2220 irrepsit.
1513 2177 1559 2210 Et
1586 2175 1627 2210 de
1655 2178 1789 2225 Lepro-

1034 2220 1070 2257 so
1095 2221 1235 2269 quidem
1259 2223 1405 2270 loquens
1431 2225 1620 2274 Gregorius
1646 2228 1697 2262 M.
1727 2229 1789 2263 Pa-

1034 2285 1075 2319 pa
1102 2272 1184 2308 Lib.
1214 2285 1247 2308 2.
1275 2275 1419 2309 Homel.
1449 2287 1507 2322 39.
1545 2276 1582 2311 in
1620 2279 1788 2325 Evangel.

1032 2321 1073 2357 de
1109 2322 1183 2370 ipso
1221 2323 1295 2359 ait:
1334 2328 1436 2370 ‚Quem
1472 2326 1574 2366 densis
1602 2327 1787 2361 vulneribus

1031 2374 1264 2419 Elephantinus
1290 2376 1412 2408 morf'ms
1437 2386 1492 2421 per
1519 2378 1652 2412 membra
1676 2377 1786 2421 foeda-

1030 2433 1140 2457 verat.
1177 2424 1267 2458 Satis
1295 2424 1434 2470 liquet,
1472 2427 1528 2461 vel
1562 2426 1664 2474 ipsius
1693 2428 1784 2462 anti-

1033 2472 1186 2520 quiffimi
1214 2474 1321 2509 Molis
1350 2488 1458 2514 acv0,
1497 2489 1535 2511 ac
1572 2490 1630 2522 per
1667 2478 1785 2512 Secula

1005 2523 1259 2571 ⁴subsequuta,
1296 2522 1334 2559 Sc
1374 2524 1514 2561 Christo
1550 2526 1708 2562 Domino
1748 2527 1787 2561 in.

1099 2575 1132 2608 D
1636 2575 1735 2611 terris
