2216 3105
285 322 302 329 ·
330 258 389 328 —5-
416 321 434 327 -
458 313 474 334 e
501 312 560 334 nen
582 299 617 344 so
643 300 695 333 che
722 302 766 332 Ge
754 309 876 332 ntucca

286 351 424 387 semim
452 351 480 384 io
506 368 777 377 -------

237 401 342 445 idest,
371 415 452 450 gens
471 400 633 436 obscura.
664 401 756 435 Nam
777 399 898 434 turbae
920 399 994 434 ani—

239 466 374 488 marum
402 462 498 488 erant
528 451 663 493 secum,
705 459 744 485 ut
779 450 914 497 patebit
941 449 995 485 in·-

239 503 312 544 fra
340 504 391 538 ita
418 501 509 548 quod
535 512 644 548 germ
638 515 709 543 ca,
741 500 808 535 five
835 499 994 548 genticu-

238 553 300 596 la,
328 552 416 587 dicit
444 552 521 586 heic
549 551 822 586 diminutionem
852 553 889 585 in
910 563 994 597 qua-

238 602 363 642 litate,
401 615 469 637 non
498 602 533 637 in
563 602 761 649 quantitate
789 602 846 637 vel
874 613 994 636 nume—

237 665 297 689 to.
327 655 372 688 Et
398 652 512 688 dicit:

288 723 305 729 —
333 724 348 729 -
375 724 391 729 —
418 723 434 729 -
461 704 494 736 ld
521 701 612 736 ov’ex'
633 702 737 746 sentia
763 703 796 736 la
819 702 919 749 pt'aga

292 757 340 787 De
367 753 401 787 la
423 753 600 798 giustlzz‘a,
640 753 690 786 che
725 753 751 786 s>
779 753 806 785 ti
828 754 969 798 pilucsa.

239 802 344 849 Quasi
374 802 488 841 dicat,
517 803 566 837 ibi
596 815 700 850 prope
728 803 907 842 arborem,
936 801 994 837 ubi

240 853 412 888 sentiebat
440 866 583 900 poenam
599 880 608 895 ,
636 866 723 899 quae
746 853 825 897 juste
846 863 995 887 macerat

240 917 324 939 eos,
364 904 428 937 Vel
457 902 539 945 dic,
582 903 647 945 ilai,
677 903 810 938 scilicet
837 903 874 938 in
902 902 996 951 gustu

240 966 260 988 a
288 963 427 1001 gutture
456 952 606 992 sursum,
643 952 692 988 ibi
722 952 893 989 sentiebat
920 967 995 988 cru—

239 1004 372 1039 eiacum
401 1002 502 1038 famis
529 1004 561 1037 &
591 1002 680 1038 fitis.
710 1005 754 1038 Et
783 1003 883 1051 ponit
908 1003 998 1052 peti-

240 1063 377 1088 nonem
414 1054 508 1088 1uam
543 1053 584 1088 ad
621 1054 908 1102 Bonagiu1t2m‚
944 1053 997 1089 di-

243 1116 342 1139 cens:

293 1160 320 1188 O
345 1155 474 1199 anima,
501 1154 577 1200 dr‘ss'
593 1154 644 1199 io,
671 1155 724 1189 che
746 1165 808 1202 par
833 1157 860 1190 si
887 1168 975 1203 vaga

243 1203 348 1246 idest,
377 1205 500 1240 avida:

292 1257 342 1291 Di
374 1256 486 1299 parlar
524 1269 621 1294 τηεσε,
657 1256 696 1299 sa
730 1257 757 1290 si
797 1256 883 1291 ch‘io
909 1256 999 1291 t’in-

345 1308 461 1347 tenda,

293 1359 328 1390 E
354 1367 384 1390 te
409 1371 424 1390 e
450 1369 496 1389 me
522 1358 567 1390 col
592 1368 644 1391 tuo
669 1358 795 1403 parlare
821 1368 966 1406 appaga.

294 1406 430 1441 Femina
459 1407 474 1439 ὲ
502 1417 579 1441 nata
604 1428 791 1435 -----

242 1457 336 1492 Heic
373 1459 476 1491 Poeta
507 1457 607 1503 ponit
643 1457 895 1504 responsionem
933 1459 1001 1492 Bo-

241 1506 432 1551 nagiuntae
459 1505 500 1540 ad
527 1505 736 1552 petitionem
765 1506 838 1549 sui,
866 1507 927 1554 qui
948 1509 1001 1541 10-

240 1555 362 1602 quitur
399 1555 440 1590 de
482 1555 649 1595 materia,
691 1556 732 1590 de
774 1570 841 1604 qua
886 1557 1000 1605 primo

242 1605 506 1641 mwmurabat.
549 1606 771 1653 Bonagiunta
821 1606 915 1642 enirn
963 1607 1000 1642 in

242 1655 310 1691 illo
338 1655 397 1690 suo
425 1668 600 1691 murmure
627 1656 765 1692 dicebat
807 1657 848 1692 de
887 1660 1001 1693 Dante

243 1704 281 1739 in
311 1705 415 1739 tertia
444 1704 608 1751 persona:
642 1706 724 1745 Iste,
751 1707 812 1753 qui
842 1708 1001 1755 aliquan-

244 1753 291 1789 do
318 1763 447 1789 temere
475 1756 641 1802 loquutus
669 1754 736 1790 fuit
773 1756 814 1790 de
841 1758 1002 1793 Civitate

245 1806 411 1844 Lucana,
452 1805 495 1839 ci·
491 1815 526 1839 :o
570 1805 687 1840 veniet
727 1805 768 1840 ad
814 1807 1000 1842 videndum

247 1867 345 1897 eam,
374 1854 410 1890 ὅ(
441 1855 635 1890 morabitur
661 1855 732 1890 ibi.
762 1856 863 1892 Dicit
896 1870 998 1906 ergo:

298 1905 454 1939 Comincia
481 1906 510 1940 ei
535 1926 722 1932 —————

247 1953 387 2004 supple,
415 1956 529 1991 dicere
556 1956 618 1991 ille
648 1956 890 2005 Bonagiunta:

295 2006 432 2040 femina
458 2008 473 2040 ὲ
501 2017 598 2050 nata,
639 2021 655 2041 e
690 2021 749 2042 non
781 2019 874 2055 porta
913 2021 1005 2043 ancer

348 2058 471 2099 benda,

244 2105 327 2152 quia
355 2105 400 2140 est
427 2107 575 2154 innupta
603 2108 744 2155 puella.
786 2108 849 2144 Ista
877 2119 1001 2144 vocata

244 2156 289 2191 est
316 2157 518 2202 Pargoletta,
554 2157 595 2192 de
633 2171 700 2201 qua
741 2159 878 2194 Αυᾶοι·
918 2159 1002 2194 facit

247 2206 463 2242 mentionem
493 2206 583 2242 infra
610 2206 718 2243 Cant.
742 2210 871 2244 XXXI.
892 2210 1001 2267 Cujus

246 2270 363 2291 amore
392 2267 510 2295 cantus
539 2257 604 2297 est
632 2258 714 2293 dum
742 2268 898 2307 tempore
926 2274 1002 2295 ext.-

246 2307 288 2342 lii
317 2306 366 2342 sui
398 2308 541 2343 veniffet
570 2310 724 2344 Lucam.
753 2310 836 2344 Ideo
863 2310 971 2346 dicit:

295 2379 310 2384 -
337 2378 352 2384 —
380 2378 394 2384 —
422 2379 438 2384 -
465 2361 516 2392 che
542 2359 570 2392 ti
592 2359 668 2402 fara
692 2360 838 2406 phvcere,

293 2411 345 2442 La
372 2408 435 2442 mia
461 2410 577 2447 Cittd,
604 2429 620 2434 -
648 2430 663 2436 -
690 2430 706 2436 -
733 2431 750 2437 -

243 2458 406 2498 scilicet,
435 2460 532 2494 Luca
550 2486 557 2494 .
586 2461 631 2494 Et
658 2460 749 2496 dicit

292 2530 308 2535 —
335 2530 351 2535 —
378 2530 394 2536 -
421 2530 437 2535 —
464 2523 542 2543 come
569 2510 694 2544 ch'uom
719 2512 752 2546 la
780 2512 948 2556 riprenda.

241 2561 322 2595 Hoc
349 2559 464 2599 dicit,
506 2560 587 2607 quia
631 2563 764 2597 Dantes
807 2565 858 2598 ita
885 2563 1000 2612 arguit

345 2613 433 2646 Tom.
461 2612 521 2645 III.

584 239 784 282 COMMn
762 237 885 282 ”NT-
916 239 981 282 IN
1009 234 1234 284 DANTIS
1261 231 1501 277 COMOED.

1033 302 1067 336 A
1101 295 1298 332 Civitatem
1335 295 1515 328 Lucanam
1562 293 1603 329 de
1645 294 1859 335 baratteria,

1102 346 1161 383 ubi
1189 345 1283 380 dixit
1309 345 1351 378 de
1392 343 1564 379 Antianis
1605 345 1748 381 Sanfflae
1775 344 1859 381 Cit-

1101 407 1183 433 tae..
1219 398 1266 430 Et
1293 394 1376 442 quia
1403 395 1570 442 loquutus
1598 393 1710 431 fuerat
1734 397 1859 432 obscu-

1101 461 1136 484 re
1152 475 1162 491 ,
1191 445 1323 482 subdit:

1151 501 1202 532 Tu
1237 508 1267 530 te
1303 509 1322 530 n
1325 494 1462 530 'andrai
1497 508 1549 530 con
1590 496 1690 543 questo
1729 497 1859 531 ami-ue-

1200 549 1293 590 dere,

1102 597 1204 637 idest,
1243 610 1322 633 cum
1350 596 1413 632 isto
1441 596 1684 646 prognostic03
1724 597 1758 632 in
1789 611 1859 645 quo

1103 649 1210 684 tacite
1239 647 1414 696 praedixit
1449 647 1512 683 fibi
1549 648 1698 684 exilium
1736 647 1859 684 suum.

1103 702 1149 734 Et
1176 699 1284 734 dicit:

1043 752 1068 784 Β
1153 753 1193 784 Se
1220 750 1269 783 nel
1296 749 1356 783 mio
1383 762 1547 784 mormorar
1571 749 1727 793 prendesti
1744 763 1861 790 errore,

1105 801 1265 843 credens,
1302 799 1395 847 quod
1432 800 1583 835 dicerem
1621 801 1661 836 de
1690 800 1759 836 alia
1787 814 1862 836 rna—

1106 851 1212 886 teria:

1157 901 1391 936 Dic-hiaremnti
1415 915 1507 936 amor
1532 903 1561 935 le
1587 902 1649 946 cose
1667 916 1759 937 vere.

1105 951 1208 996 Quasi
1237 951 1354 987 dicat:
1398 953 1472 986 cito
1513 952 1648 987 videbis
1676 952 1861 992 effcffium.

1105 1005 1136 1036 ἀ
1175 1001 1408 1037 recordaberis
1445 1003 1630 1037 verborum
1675 1016 1862 1048 meorum,

1105 1065 1191 1099 quae
1220 1052 1383 1087 videmur
1410 1052 1515 1087 modo
1542 1052 1675 1088 clausa.

1156 1105 1220 1136 Ma
1245 1105 1279 1136 d}
1305 1123 1491 1129 -----

1107 1153 1198 1188 Heic
1227 1153 1471 1201 Bonagiunta‚
1499 1153 1581 1201 quia
1609 1153 1737 1190 fecerat
1764 1168 1865 1190 rnen-2

1040 1211 1067 1244 C
1107 1203 1239 1238 tionem
1279 1204 1319 1239 de
1356 1217 1473 1239 amore
1510 1204 1628 1239 futuro
1667 1205 1863 1251 Auffloris,

1109 1267 1198 1289 nunc
1219 1253 1306 1290 facit
1331 1254 1545 1289 mentionem
1568 1255 1608 1290 de
1629 1269 1746 1291 amore
1769 1270 1864 1293 orae-

1107 1305 1214 1339 terito
1234 1305 1326 1352 ejus.
1355 1305 1492 1340 Sciebat
1512 1305 1605 1340 enim
1620 1334 1628 1349 ‚
1650 1307 1741 1353 quod
1765 1309 1862 1342 Dan-

1106 1364 1156 1390 tes
1177 1354 1288 1390 fuerat
1311 1355 1521 1391 mirabiliter
1541 1366 1737 1400 amoratus,
1758 1359 1790 1392 ἃ
1813 1357 1864 1393 fe·-

1106 1415 1199 1440 cerat
1225 1405 1358 1440 nobiles
1381 1406 1573 1441 cantiones
1602 1407 1641 1441 de
1662 1421 1798 1443 amore.
1830 1407 1865 1443 I-

1106 1456 1169 1490 deo
1194 1456 1354 1502 loquitur
1375 1457 1415 1490 de
1441 1469 1481 1491 eo
1507 1466 1683 1504 tamquam
1710 1459 1751 1493 de
1776 1471 1864 1503 quo-

1107 1505 1183 1540 dam
1209 1506 1337 1544 tertio,
1357 1506 1494 1541 dicens:
1518 1509 1594 1555 Ego
1619 1508 1759 1554 quidem
1785 1508 1864 1544 dixi

1107 1555 1173 1590 tibi
1210 1556 1251 1591 de
1280 1569 1350 1603 quo
1389 1558 1666 1594 murmurabam.
1703 1561 1766 1593 Ma
1801 1561 1864 1603 da,

1106 1605 1215 1645 idest,
1243 1605 1297 1641 sed
1326 1616 1363 1641 tu
1391 1606 1448 1641 dic
1476 1607 1591 1643 mihi:

1041 1658 1070 1690 D
1157 1678 1172 1683 -
1198 1677 1215 1682 —
1241 1678 1257 1683 -
1283 1678 1299 1683 -
1325 1656 1351 1690 ε’
1365 1657 1392 1690 io
1417 1658 1532 1704 veggt‘o
1558 1659 1612 1704 qni
1638 1659 1738 1697 colui,
1764 1680 1780 1687 -
1803 1681 1820 1688 -
1846 1680 1866 1688 -

1107 1705 1266 1746 scilicet,
1314 1709 1486 1742 Dantem.
1533 1710 1642 1744 Erant
1687 1708 1781 1744 enim
1812 1709 1864 1746 ibi

1107 1766 1174 1791 tres
1213 1759 1337 1792 Poetae
1378 1757 1446 1793 fine
1489 1771 1595 1805 poena
1613 1785 1622 1793 .
1665 1760 1728 1794 Sed
1771 1759 1864 1795 solus

1108 1808 1239 1841 Dantes
1275 1807 1543 1855 vivus,.quem
1580 1808 1641 1843 iste
1678 1809 1764 1844 bene
1804 1823 1865 1844 co-

1106 1856 1312 1904 gnoscebat.
1342 1857 1447 1892 Unde
1475 1858 1587 1892 dicit:

1156 1926 1428 1933 -------
1455 1908 1505 1941 che
1526 1908 1614 1951 suove

1156 1954 1262 2002 Traffe
1287 1977 1643 1984 ---------

1106 2006 1188 2041 idest
1206 2033 1215 2049 ‚
1243 2006 1279 2041 in
1309 2007 1488 2054 publicum
1508 2020 1516 2042 ε

1156 2078 1172 2083 -
1198 2077 1214 2083 -
1240 2078 1256 2083 -
1283 2078 1299 2083 -
1325 2058 1355 2091 le
1381 2071 1482 2092 nuove
1509 2058 1604 2093 Rirne
1629 2061 1838 2097 cominct‘ando

1028 2109 1068 2141 E
1107 2120 1210 2143 unam
1239 2107 1475 2147 Cantionem,
1503 2123 1590 2157 quae
1617 2109 1771 2158 incipit:

1158 2185 1182 2202 „
1210 2161 1341 2197 Daune,
1377 2158 1422 2193 ch'
1437 2170 1530 2194 avete
1565 2160 1719 2196 intelletto
1759 2162 1865 2198 d’A-

1207 2221 1308 2251 more,
1870 2207 1874 2211 ²

1158 2286 1183 2304 „
1211 2261 1244 2293 Io
1278 2259 1329 2293 vo'
1357 2273 1408 2294 con
1443 2261 1500 2295 τοί
1524 2263 1612 2296 della
1647 2264 1712 2299 mia
1747 2266 1866 2300 Donna

1207 2311 1296 2348 dire,
1326 2311 1394 2346 &a

1108 2362 1154 2395 Et
1190 2359 1227 2394 in
1265 2359 1370 2396 simili
1406 2360 1495 2397 dicit
1533 2364 1638 2399 Poe'ta
1680 2363 1772 2400 fuam
1810 2378 1863 2401 re-

1108 2409 1345 2458 sponsionem,
1388 2410 1425 2446 &
1453 2411 1475 2446 sl
1506 2413 1725 2461 Bonagiunta
1754 2415 1864 2451 fuerat

1109 2462 1273 2508 loquutus
1302 2471 1421 2500 caute,
1459 2463 1549 2510 quafi
1588 2465 1623 2499 di
1629 2478 1705 2500 cens
1733 2466 1859 2502 tacite:

1108 2515 1155 2545 Es
1182 2522 1216 2544 tu
1243 2512 1298 2545 ille
1325 2515 1430 2546 Dante
1418 2526 1472 2555 es,
1500 2514 1555 2560 qm'
1580 2525 1645 2549 tam
1672 2518 1822 2566 egregie
1818 2518 1863 2551 lo-

1108 2572 1223 2609 quutsss
1254 2562 1345 2605 fuisti
1369 2564 1408 2597 de
1434 2565 1567 2600 materia
1601 2567 1711 2601 amomi
1729 2571 1748 2599 ?
1789 2556 1863 2615 Ipse

1183 2614 1213 2646 V
1246 2625 1266 2646 ν
1762 2629 1815 2652 re-
