2216 3105
536 194 539 195 ’
579 176 945 219 DISSERTATIO
978 172 1417 218 SEXTADECIMA;
1720 191 1769 217 ro

202 244 269 276 Pro
302 243 430 274 Coartor
464 234 650 285 legendum
688 243 774 284 puto
800 234 957 275 Coac‘hr,
994 237 1027 271 A
1071 237 1162 269 Foro
1180 232 1331 268 Vinario
1346 230 1549 268 exercebat.
1567 232 1736 268 Gruterus
1752 243 1829 280 pag.

201 301 241 325 ut
267 287 400 331 fuerit,
437 287 499 335 qui
527 286 691 335 pecunias
725 285 765 322 in
794 284 958 321 austione
1072 288 1155 331 583.
1182 296 1329 319 numero
1355 283 1391 318 6.
1429 284 1624 319 Romanam
1654 281 1743 319 hanc
1770 284 1828 317 In—

199 338 287 375 Vini
328 338 475 387 cogebat
496 365 506 382 ,
548 336 715 384 suumque
755 349 883 372 munus
917 335 957 386 in
1068 334 1298 383 scriptionem
1324 331 1457 368 adfert.

525 414 570 449 L.
599 413 822 448 DOMITIO
849 412 1164 447 AGATHEMIO
1190 410 1388 445 PARIDIS
1415 409 1508 444 LIB.

487 466 522 500 A
551 464 632 497 VII.
660 464 884 498 ARGENT.
913 462 1176 497 COACTORI
1203 461 1329 495 CAES
1331 485 1539 495 .........

523 514 604 550 CN.
633 515 882 549 DOMITIVS
909 513 1186 547 EPICTETVS
1211 512 1279 545 ET
1305 510 1504 546 CVRTIA

778 563 1105 599 EVPHRANTIS
1131 563 1172 597 B.
1200 562 1255 597 M.

907 614 1126 649 POSVERE

202 693 243 726 In
271 691 411 727 Schedis
439 691 526 727 meis
554 703 662 739 nuper
688 685 892 726 memoratis
918 689 1002 724 haec
1030 688 1082 723 ita
1108 687 1259 736 legitur:

491 768 534 803 L.
564 767 786 801 DOMITIO
813 765 1175 800 AGATHEMERO
1203 762 1400 797 PARIDIS
1427 762 1519 797 LIB.

492 819 538 852 A.
568 818 649 851 VH.
677 818 928 851 CAESARES
956 814 1250 850 ARGENTAR.
1277 812 1541 848 COACTORI

491 869 535 903 L.
564 868 810 902 DOMITIVS
837 868 903 901 ἃς.

203 943 288 979 Idest
317 943 446 979 Coafflor
472 943 711 990 Argentarius,
748 942 845 990 cujus
880 955 959 990 pro·
995 943 1024 975 B
1069 942 1201 975 Verum
1228 947 1346 988 parcat
1373 936 1575 974 Salmafius:
1608 937 1736 972 Vinarii
1759 937 1827 974 mi-

201 994 354 1029 feffionis
381 993 450 1029 alia
478 993 555 1028 sunt
590 992 679 1039 apud
707 994 896 1028 Gruterum
925 1006 959 1028 e-
1041 990 1043 1021 Ι
1069 990 1164 1026 nime
1201 989 1396 1038 appellati,
1431 988 1493 1036 qui
1533 988 1628 1023 Vino
1665 988 1827 1036 indulge-

202 1046 364 1092 xempla.
391 1044 543 1078 Fortasse
563 1043 694 1078 vitium
716 1044 803 1077 latet
823 1042 860 1077 in
882 1055 959 1077 ver—
1069 1041 1153 1076 bant
1172 1040 1209 1076 in
1235 1041 1361 1088 popinis
1382 1040 1415 1074 &
1439 1039 1553 1085 ganeis
1563 1053 1582 1081 ‚⁴
1601 1038 1656 1073 sed
1678 1038 1739 1086 qui
1761 1039 1827 1074 Vi-

203 1094 256 1129 bis
284 1093 357 1129 illis
383 1095 430 1128 A.
455 1095 536 1128 VII.
562 1093 833 1131 CAESARES,
861 1092 960 1127 adhi-
1070 1104 1152 1126 num
1197 1091 1235 1126 in
1281 1094 1371 1126 Poro
1411 1088 1562 1124 Vinario
1600 1090 1797 1124 vendebant
1816 1116 1826 1124 .

202 1144 275 1178 bita
293 1168 301 1182 ‚
339 1143 376 1178 ni
405 1143 533 1181 fallor,
563 1143 603 1177 ad
632 1142 876 1191 defignandum
904 1144 959 1177 lo-
1072 1143 1193 1189 Nuper
1223 1149 1454 1176 memoratum
1485 1139 1732 1187 Lampridium
1769 1153 1828 1174 au-

201 1206 280 1229 cum
309 1202 367 1228 aut
395 1192 526 1240 lignum
555 1193 742 1230 officinae,
773 1193 826 1228 uti
855 1193 891 1228 in
922 1206 957 1227 a-
1069 1191 1127 1226 di:
1167 1195 1304 1237 Corpora
1330 1191 1468 1225 omnium
1494 1190 1652 1231 constituit
1681 1191 1827 1224 Vinaria-

203 1243 262 1279 liis
279 1243 447 1289 ejusmodi
469 1241 757 1288 inscriptionibus
777 1242 866 1277 infra
888 1256 959 1277 me·
1070 1254 1136 1275 rum
1153 1270 1162 1285 ‚
1200 1243 1446 1288 Lupinariorum
1482 1240 1495 1287 (
1513 1239 1619 1279 idest,
1650 1248 1688 1275 ut
1717 1250 1802 1289 puto
1817 1265 1828 1279 ,

201 1293 400 1331 morandis,
428 1291 490 1327 nifi
519 1292 669 1327 velimus
698 1291 900 1327 Domitium
929 1293 960 1327 i-
984 1287 985 1306 ³
1042 1315 1044 1339 ,1
1071 1293 1211 1337 Lupz’nos
1240 1293 1469 1330 Vendendum,
1506 1289 1569 1325 nifi
1597 1289 1637 1325 fit
1665 1300 1828 1337 corrupta

201 1344 286 1379 stum
314 1343 459 1387 Caesaris
484 1342 748 1389 Argentarium;
775 1342 867 1388 quod
899 1342 959 1377 ha-
1042 1343 1044 1397 j
1070 1353 1164 1380 vox,
1202 1342 1255 1377 uti
1293 1342 1393 1377 valde
1430 1340 1606 1389 suspicor)
1645 1341 1827 1388 Caligart'o-

983 1378 1044 1427 {C}
1068 1403 1135 1424 rum
1155 1415 1165 1429 ,
1203 1393 1246 1424 (9·
1277 1394 1402 1426 omnino
1428 1392 1564 1425 omnium
1590 1391 1726 1426 „Artium
1753 1391 1825 1429 dvc.

202 1394 322 1429 &tenus
358 1407 428 1428 non
466 1393 593 1428 credo.
630 1394 675 1427 Τ.
712 1394 958 1428 CLOELIVS

199 1445 458 1480 LANARIVS
488 1445 551 1478 DE
573 1444 694 1478 VICO
717 1443 956 1478 CAESARIS
1069 1442 1125 1475 Ac
1160 1440 1305 1489 proinde
1343 1455 1380 1476 ea
1409 1444 1477 1476 Ars
1512 1441 1679 1484 honesta,
1716 1454 1828 1489 neque

199 1494 353 1530 occurrit
378 1493 467 1542 apud
495 1494 697 1528 fabrettum
723 1491 814 1540 Cap.
838 1507 873 1528 x.
900 1495 957 1528 In-
1069 1503 1148 1526 cum
1174 1491 1353 1526 Lenonibus
1377 1491 1544 1540 jungendi
1571 1492 1716 1531 Vinarit',
1741 1506 1827 1540 qua—

200 1544 379 1591 scription.
409 1556 491 1591 233.
519 1546 553 1579 A
584 1545 680 1579 VIC.
708 1545 887 1579 LORET.
919 1544 955 1579 in
1068 1540 1089 1575 fi
1116 1539 1154 1576 &
1179 1541 1241 1589 ipsi
1265 1541 1412 1577 infames
1438 1541 1589 1580 fuerint,
1615 1555 1826 1590 quamquam

201 1596 309 1630 altera
344 1594 575 1642 Inscriptione
610 1595 766 1642 legitur,
803 1594 894 1629 itaut
921 1596 955 1629 A
1069 1589 1144 1626 fieri
1174 1591 1354 1640 potuerit,
1392 1604 1429 1628 ut
1456 1592 1639 1627 Gallienus
1665 1592 1826 1628 adhaese-

197 1647 293 1681 VIC.
337 1647 576 1680 CAESARIS
618 1644 836 1680 scribendum
878 1644 955 1680 heic
1067 1642 1115 1677 rit
1141 1643 1229 1678 Vini
1254 1642 1517 1680 venditoribus.
1549 1641 1665 1678 Redeo
1689 1642 1729 1677 ad
1757 1645 1825 1678 Ar-

197 1695 375 1730 videatur.
398 1698 518 1741 Nuper
539 1695 693 1730 vidimus
713 1695 864 1729 salvium
883 1698 955 1730 Ar·
1067 1693 1263 1740 gentarios.
1295 1694 1407 1729 Decio
1435 1692 1591 1743 Augusto
1620 1706 1825 1728 monumen-

193 1745 373 1792 gentarium
393 1746 432 1778 de
450 1748 530 1779 Foro
550 1745 698 1779 Vinaria.
718 1743 826 1780 Certe
847 1747 955 1781 Lam-
1070 1753 1142 1778 tum
1181 1743 1323 1792 posuere
1351 1744 1492 1779 circiter
1519 1745 1664 1778 Annum
1693 1742 1826 1779 Christi

197 1794 313 1844 pridio
335 1794 434 1834 teste,
462 1793 663 1830 Alexander
683 1796 877 1841 Imperator
898 1796 955 1829 Vi·
1067 1795 1178 1830 CCL.
1216 1796 1537 1830 ARGENTARII
1575 1795 1639 1829 ET
1679 1796 1825 1830 EXCE-

199 1846 356 1880 nariorum
381 1858 505 1893 corpus
530 1845 597 1880 five
623 1843 829 1893 Collegium
860 1845 955 1881 insti-
977 1846 1025 1879 {D
1068 1846 1253 1879 PTORES
1278 1847 1512 1890 ITEMQVE
1539 1846 1825 1880 NEGOTIAN-

196 1895 289 1935 tuit,
315 1896 410 1945 cujus
437 1904 511 1931 erat
538 1908 662 1930 munus
691 1898 822 1931 Vinum
852 1896 955 1931 adve-
1065 1896 1154 1930 TES
1183 1897 1293 1930 VINI
1321 1897 1597 1930 SVPERNAT.
1626 1897 1691 1930 ET
1720 1897 1824 1930 ARI-

198 1945 278 1981 here
315 1959 352 1981 ac
390 1947 535 1981 vendere
572 1945 609 1981 in
647 1949 758 1985 Foro,
800 1945 841 1981 ad
879 1960 953 1981 eam

201 2005 429 2032 mercaturam
458 1996 625 2032 destinato
643 2024 651 2032 .
689 1999 812 2032 Sextus
842 1999 954 2032 Aure-

199 2046 267 2082 lius
296 2047 423 2082 Viator
448 2047 490 2082 de
517 2046 683 2082 Gallieno
711 2047 854 2082 scribit:
890 2051 953 2081 Po—

1063 1946 1176 1980 MIN.
1205 1944 1474 1993 Inscriptionem
1505 1945 1616 1980 edidit
1648 1945 1823 1980 Reinefius

1063 1994 1179 2031 Claffe
1208 1997 1272 2030 111.
1292 2008 1387 2031 num.
1414 1999 1471 2032 88.
1492 1997 1525 2031 &
1548 1995 1582 2031 in
1612 1995 1695 2030 haec
1720 1997 1822 2031 verba

1063 2045 1108 2081 est
1133 2055 1409 2081 commentatus:
1437 2047 1578 2080 Minime
1601 2047 1737 2080 omnium
1762 2060 1823 2080 crc—

194 2097 309 2143 pinas‚
326 2098 503 2144 ganeasque
525 2096 650 2136 obiens,
671 2098 813 2131 lenonum
836 2112 871 2131 ac
896 2098 952 2132 Vi·
1061 2096 1162 2130 dibile
1196 2097 1238 2139 est
1253 2121 1262 2135 ,
1299 2097 1513 2144 Argentaria-5
1541 2097 1582 2130 &¹
1610 2099 1795 2143 Exceptores
1812 2126 1820 2139 ‚

197 2149 352 2182 uariorum
379 2149 529 2182 amicitiIs
554 2146 724 2183 haerebat.
757 2150 823 2182 Pro
852 2148 952 2182 Vina-
1064 2147 1199 2181 hormines
1223 2147 1347 2193 prorsus
1372 2147 1515 2192 diversae
1540 2147 1727 2181 conditionis
1755 2147 1767 2193 (
1781 2148 1821 2180 il-

198 2197 309 2231 riorum
327 2198 482 2234 Andreas
502 2198 665 2234 schottus
685 2198 868 2246 legendum
889 2212 951 2246 pu·
1061 2198 1160 2231 lorum
1195 2198 1279 2231 em'm
1314 2210 1366 2232 ars
1400 2197 1435 2231 in
1471 2208 1599 2244 argento
1627 2196 1819 2243 figurando,

154 2267 157 2269 Δ
195 2248 287 2283 tavit
315 2249 512 2282 Mimorum:
536 2262 640 2296 quam
668 2249 948 2284 emendationem
1059 2249 1265 2295 caelandoque
1290 2249 1494 2294 occupabatur
1509 2262 1529 2290 ;
1563 2248 1598 2282 hi
1634 2248 1667 2281 in
1693 2248 1822 2292 scriniis

194 2311 265 2333 non
304 2298 466 2344 probavit
503 2298 683 2334 Salmasius
719 2299 756 2334 in
793 2302 879 2335 Not.
908 2300 949 2334 ad
971 2299 1016 2332 *E
1059 2299 1186 2333 Palatii
1208 2300 1293 2345 apud
1318 2298 1548 2344 Magistratum
1569 2299 1743 2332 Memoriae
1765 2299 1820 2332 vel

193 2348 415 2386 Trebellium
450 2348 648 2384 Pollionem
686 2349 722 2385 in
752 2349 836 2384 Vita
865 2351 950 2385 Gal—
1059 2349 1271 2395 Epistolarum
1298 2349 1479 2394 merebant)
1502 2349 1678 2393 societatem
1705 2348 1818 2391 σοι’-υἱ]-

195 2399 311 2442 lieni,
346 2398 535 2434 arbitratus
566 2399 721 2435 Vit‘storis
759 2401 862 2435 verba
898 2413 950 2435 re-
1053 2399 1107 2444 se.
1134 2402 1215 2433 Cum
1240 2398 1391 2433 vocabulo
1411 2399 1677 2445 Argentariorum
1701 2399 1754 2432 hoc
1772 2399 1817 2431 lo-⁴

194 2449 359 2497 spondere
386 2448 501 2484 verbis
528 2450 702 2485 Trebellii
739 2450 946 2486 scribentis:
972 2473 977 2484 .
1058 2463 1089 2483 co
1109 2449 1330 2496 significentur
1355 2448 1508 2492 Artifices
1535 2449 1660 2495 argenti
1696 2449 1728 2482 in
1755 2461 1817 2481 va-

193 2500 271 2535 Dles
294 2514 330 2535 ac
353 2499 456 2535 nofles
479 2500 556 2534 vino
580 2500 627 2539 (if
644 2499 765 2546 stupris
786 2501 946 2547 perdidit.
972 2489 977 2545 Ι
1052 2500 1091 2544 sa
1119 2500 1320 2537 elaborandi,
1349 2499 1550 2545 caelandique
1571 2500 1637 2533 &aa
1662 2508 1749 2544 patet
1772 2498 1816 2530 ad

1622 2549 1737 2581 oculum
1754 2571 1761 2583 ,
