2216 3105
191 205 340 286 Dointirii
366 245 470 281 nostri
498 244 574 290 Jesu
601 244 730 280 Christi
755 246 947 280 Mccxx.

188 299 261 349 Qui
304 296 495 346 imperavit
547 298 657 330 XXX.
699 294 821 330 annis.
864 298 947 341 Quo

187 361 343 398 tempore
379 347 511 396 semper
552 346 620 382 fuit
658 344 797 382 infestus
826 347 949 381 Eccle-

187 402 278 444 fiae,
315 408 496 446 tamquam
542 397 636 433 filius
680 395 948 446 ingratitudinis

188 461 309 489 contra
329 459 475 485 matrem
489 474 499 489 ,
518 461 605 497 quae
621 449 818 484 nutriverat
835 447 948 495 ipsum
979 443 981 489 f

190 502 363 554 pupillum
382 525 392 539 ,
428 501 462 536 &
501 501 718 535 exaltaverat
746 498 788 534 ad
818 500 948 534 Roma-

189 558 283 591 num'
300 550 519 599 Imperium.
556 553 674 597 Quare
711 559 783 585 tam
812 549 949 585 ratione

188 605 363 641 vitiorum
405 601 566 641 suorum,
610 601 651 636 de
684 601 819 648 quibus
861 600 948 636 alibi

189 654 324 691 dicium
350 652 417 692 est,
444 666 550 700 quam
578 651 748 687 avaritiae
772 652 949 687 Praelato-

190 718 290 749 rum,
317 703 380 751 qui
407 703 528 738 omnia
555 701 617 737 fibi
644 703 798 746 volunt,
841 714 950 750 quan-

191 756 236 792 do
265 754 425 805 poss‘unt,
462 755 496 788 δε
534 751 715 801 praesunt:
760 765 950 800 numquam

191 805 312 855 potuit
338 804 462 840 habere
490 805 618 839 bonam
647 816 765 852 pacem
787 816 866 839 cum
885 805 952 838 Ec-

192 856 321 898 clefia„
359 866 446 902 quae
474 854 602 890 fecerat
638 853 752 903 ipsum
779 854 874 890 nasci
902 853 952 888 fa-

193 908 301 944 talem
329 905 392 941 fibi
419 918 463 941 ex
490 904 669 941 Monacha
711 907 829 940 vetula
869 916 953 940 con-

193 967 248 994 tra
284 959 397 1003 legem
435 965 598 995 naturae,
643 954 682 991 &
722 955 842 991 omnia
879 955 953 1003 jura

193 1008 346 1044 humana
372 1007 406 1041 &
434 1006 587 1054 divina;
617 1019 688 1041 non
717 1019 852 1042 memor
878 1019 954 1054 per-

194 1057 443 1106 sequutionum
473 1056 580 1101 patris
608 1057 681 1104 ejus
710 1056 881 1100 Henrici,
919 1056 953 1091 &

195 1109 253 1145 avi
296 1108 368 1155 ejus
396 1107 566 1142 Friderici
597 1108 624 1142 1.
664 1107 720 1143 Sic
747 1121 829 1156 ergo
856 1107 955 1143 vide-

194 1173 231 1196 re
250 1167 370 1208 potes,
397 1171 502 1206 quare
522 1157 728 1194 Manfredus
748 1158 825 1194 heic
847 1157 955 1193 subti-

196 1218 251 1246 cet
289 1221 416 1244 nomen
455 1209 587 1256 patris,
629 1209 690 1255 qui
727 1208 796 1244 fuit
825 1208 956 1257 semper

196 1259 374 1308 flagellum
402 1258 599 1294 Ecclefiae.
627 1260 674 1293 Et
700 1258 772 1306 ipse
799 1258 956 1294 reconci-

195 1310 303 1346 liatus
340 1309 384 1343 est
422 1311 499 1344 Deo
538 1309 575 1344 in
614 1317 755 1357 morte;
797 1308 836 1345 &
873 1310 956 1356 quia

195 1360 265 1396 fuit
301 1358 471 1394 naturalis
513 1358 636 1403 filius,
680 1358 717 1395 &
765 1359 847 1406 quia
888 1359 957 1394 fuit

197 1409 355 1446 conscius
382 1409 508 1444 mortis
536 1409 630 1457 ejus,
673 1411 777 1445 Nunc
805 1409 848 1444 ad
874 1409 957 1445 lite-

196 1472 291 1496 ram.
322 1458 422 1494 Dicit
451 1461 556 1493 Poeta
575 1485 585 1501 ,
613 1459 706 1505 quod
734 1459 795 1494 iste

223 1509 308 1545 'Poi
333 1507 408 1555 diffie
443 1509 651 1554 sorridendo:
677 1530 906 1536 ------

198 1560 282 1609 quia
319 1558 433 1595 salvus
460 1568 562 1609 erat3
605 1559 699 1608 quod
727 1562 860 1596 Dantes
886 1573 958 1596 non

198 1610 344 1661 putabat
356 1636 365 1646 .
384 1608 401 1614 ‘

251 1680 438 1688 -----
465 1663 499 1695 Io
519 1662 577 1705 fim
603 1662 792 1705 Mansredx',

251 1712 368 1757 Nipote
393 1710 429 1743 da·
455 1711 614 1756 Gostanza
639 1712 865 1757 Imperadrice.

202 1761 326 1798 Potius
363 1759 569 1796 denominat
605 1760 637 1796 se
673 1762 715 1797 ab
756 1761 818 1797 ista
845 1762 960 1797 sancta

202 1811 334 1848 femina
351 1837 362 1854 ,
411 1811 515 1857 quam
557 1824 577 1847 a
618 1820 714 1859 patre
755 1821 935 1860 peccatore
952 1839 960 1847 .

201 1864 249 1898 Et
287 1861 373 1897 facit
408 1859 614 1897 Manfredus
640 1889 650 1906 ‚
692 1861 778 1898 ficut
818 1864 961 1901 Mulus,

203 1911 265 1960 qui
285 1912 519 1960 interrogatus
543 1926 561 1948 a
581 1914 724 1952 Leone,
746 1913 843 1961 cujus
868 1913 962 1949 filius

205 1963 287 1999 esset
300 1990 309 2007 ‚
329 1962 490 1998 dicebat:
520 1966 597 1997 Sum
614 1974 705 2011 nepos
725 1965 832 2011 Equi,
854 1977 962 2012 quum

204 2012 276 2061 ipse
296 2013 377 2048 effet
398 2012 493 2048 filius
513 2012 634 2049 Afini.
657 2013 781 2050 Simile
801 2014 846 2050 est
867 2014 961 2050 enim

206 2062 297 2111 quod
325 2062 446 2098 scribit
474 2063 605 2099 Statius
625 2064 666 2099 de
688 2063 868 2100 Polinice.
888 2065 963 2111 Qui

205 2112 439 2162 interrogatus
467 2113 509 2148 ab
536 2113 683 2150 Adrasto
725 2117 819 2164 Rege
856 2116 963 2164 Argi—

204 2176 352 2203 vorum,
381 2163 523 2199 nolebat
549 2166 728 2212 propalare
755 2178 884 2200 nomen
906 2178 964 2213 pa-

205 2214 269 2250 tris
297 2213 348 2250 sui
376 2213 527 2263 Oedipi,
555 2215 616 2262 qui
637 2214 780 2251 infamis
800 2225 964 2264 genuerat

207 2278 284 2301 eurn
313 2278 355 2300 ex
384 2274 494 2300 matre
522 2264 660 2314 propria
677 2292 685 2300 .
713 2264 820 2302 Unde
847 2266 960 2302 dicit:

410 2343 435 2359 ‚,
462 2317 527 2350 sed
552 2329 637 2350 mens
657 2315 724 2358 fibi
749 2317 864 2362 conscia
880 2316 965 2361 fac‘li

258 2394 282 2413 ‚,
310 2365 490 2401 Cunc‘i‘atur
513 2366 646 2412 proferre
674 2377 796 2414 patrem
821 2388 838 2394 -
864 2389 879 2394 -

258 2444 282 2461 ‚,
310 2417 369 2460 Est
390 2417 532 2464 genitrix
551 2419 682 2462 Jocasta
708 2419 810 2454 mibi.
838 2439 854 2444 -
881 2439 897 2445 -
923 2439 940 2444 -

209 2468 265 2504 Sic
292 2481 375 2515 ergo
402 2477 520 2516 patet,
548 2467 640 2515 quod
668 2467 872 2504 Manfredus
897 2467 965 2504 fuit

206 2531 312 2568 nepos
352 2518 599 2559 Constantiae,
650 2531 722 2556 non
772 2517 866 2556 filius
907 2520 964 2555 vel

538 185 831 229 COMMENT.
862 185 928 227 IN
966 183 1191 227 DANTIS
1218 182 1460 225 COMOED.

981 709 1035 750 ,Β

1713 186 1760 225 18

1010 255 1030 286 μῑ
1062 243 1265 292 privignus,
1294 251 1332 277 ut
1359 242 1501 288 quidam
1531 200 1700 289 glossam}
1742 243 1818 276 Hm.

1061 293 1177 333 diffio,
1205 292 1409 328 Maon-edus
1437 291 1522 327 facit
1550 292 1643 326 suam
1673 292 1819 340 petitio-

1062 357 1140 380 nem
1170 344 1310 387 Danti,
1337 342 1477 378 dicens:

1111 393 1193 429 Ond'
1206 396 1234 428 io
1254 394 1281 428 ti
1297 394 1425 441 priego,
1450 393 1501 427 che
1520 393 1644 439 quando
1665 402 1698 424 tu
1719 394 1819 431 riedi,

1063 445 1176 485 Idest,
1217 445 1400 480 reverteris
1442 443 1483 479 ad
1511 442 1690 479 Mundum
1719 442 1823 477 vivo-

1063 509 1163 540 rum,
1191 495 1273 544 quia
1301 495 1405 531 vivus
1433 507 1492 544 es3

1115 550 1198 582 Vadi
1224 561 1245 582 a
1271 546 1336 581 mia
1362 546 1448 581 bella
1467 545 1570 592 figlia
1596 567 1612 573 —
1640 566 1657 572 -
1683 565 1698 571 -
1726 565 1743 572 -

1064 597 1127 633 Ista
1147 597 1215 633 fuit
1235 597 1306 633 alia
1324 595 1530 633 Constantia
1552 596 1706 645 Magna,
1734 607 1823 643 quae

1064 648 1132 684 fuit
1158 647 1239 684 filia·
1262 647 1462 687 Manfredi‚
1490 645 1529 683 ὃς
1556 660 1645 682 uxor
1674 645 1824 681 Domini

1066 698 1161 734 Petri
1200 698 1306 747 Regis
1342 700 1548 747 Aragonum
1577 696 1796 733 strenuiffimi
1815 723 1823 731 .

1034 754 1035 763 ¹
1065 748 1138 785 Cui
1177 748 1403 785 successerunt
1444 758 1512 784 tres
1554 747 1651 791 filii,
1689 746 1824 783 scilicet

1065 798 1288 848 Alphonsus‚
1326 799 1388 847 qui
1425 798 1701 835 adolescentulus
1730 810 1823 833 mor-

1065 860 1145 886 tuus
1172 850 1240 898 est3
1269 850 1348 885 ideo
1375 863 1446 885 non
1473 849 1635 885 nominat
1661 861 1762 887 eum,
1789 848 1822 883 8(

1064 902 1252 945 jacobum,
1279 902 1314 936 &
1343 899 1579 936 fridericum.
1608 899 1690 935 Ideo
1710 898 1824 945 dicit;

1116 971 1431 978 --------
1454 951 1604 998 genitrice
1620 975 1630 989 ,

1066 1001 1174 1046 mest,
1204 1011 1350 1037 matrem
1368 1026 1378 1041 ,

1116 1052 1204 1088 Dell'
1220 1065 1292 1087 onor
1316 1054 1353 1087 di
1379 1052 1496 1088 Cicilia
1521 1065 1537 1086 e
1562 1052 1598 1086 di
1625 1056 1762 1100 Ragonae
1777 1076 1786 1090 ‚

1065 1102 1173 1147 Idest,
1211 1102 1474 1139 honorabilium
1527 1105 1683 1151 Regum.
1729 1100 1826 1146 Quia

984 1167 1029 1202 (J
1067 1157 1226 1189 Domnus
1267 1154 1462 1190 Fridericus
1508 1151 1577 1189 fuit
1621 1156 1694 1188 Rex
1738 1151 1826 1187 Sici-

1065 1205 1156 1249 liae,
1183 1203 1222 1240 &
1251 1206 1410 1240 Domnus
1438 1204 1584 1247 Jacobus
1623 1206 1698 1238 Rex
1735 1205 1827 1237 Ara-

1066 1256 1211 1304 goniae.
1239 1257 1293 1290 De
1320 1265 1416 1302 patre
1444 1253 1482 1290 &
1510 1253 1596 1289 filiis
1615 1253 1752 1289 dicetur
1771 1253 1827 1288 in—

1066 1306 1117 1342 fra
1160 1307 1264 1342 Cant.
1302 1307 1384 1341 VII.
1422 1303 1460 1340 &
1497 1304 1584 1340 alibi
1624 1304 1740 1354 saepe.
1780 1305 1827 1338 Et

1066 1357 1180 1393 dicit:

1117 1410 1150 1442 E
1176 1406 1263 1441 dicht·
1291 1419 1310 1441 a
1336 1407 1378 1440 lei
1400 1406 1426 1440 il
1444 1420 1521 1447 ver,
1548 1406 1574 1440 s’
1585 1407 1666 1441 altro
1685 1405 1718 1448 si
1742 1406 1827 1440 dice.

1067 1456 1237 1496 Scilicet,
1278 1456 1431 1504 qualiter
1458 1457 1531 1492 sum
1560 1456 1673 1492 salvus
1690 1484 1699 1499 ‚
1742 1457 1828 1492 licet

1067 1507 1158 1543 forte
1186 1507 1401 1542 contrarium
1424 1508 1602 1546 credatur,
1630 1508 1712 1555 quia
1733 1520 1826 1542 mor-

1068 1567 1147 1593 tuus
1169 1557 1240 1593 sum
1263 1557 1589 1593 excommunicatus
1610 1557 1828 1606 indignatio—

985 1613 1038 1653 ‘D'
1067 1622 1109 1644 ne
1138 1607 1328 1644 Ecclefiae.
1362 1610 1408 1643 Et
1431 1606 1577 1657 affignat
1601 1608 1735 1644 causam
1753 1607 1829 1642 suae

1068 1659 1275 1695 salvationis
1289 1684 1299 1699 ,
1327 1659 1471 1695 dicens:

1119 1710 1228 1754 Pescia
1254 1709 1299 1744 ch'
1316 1709 1338 1743 i’
1355 1709 1426 1744 ebbi
1453 1720 1535 1744 rotta
1559 1710 1594 1744 la
1617 1709 1766 1757 persona,

1071 1759 1157 1796 Idest
1170 1787 1180 1803 ‚
1208 1773 1332 1808 corpus
1361 1760 1580 1795 vulneratum
1593 1782 1604 1799 ,

1122 1811 1170 1846 Di
1195 1808 1256 1845 dite
1279 1820 1376 1857 punte
1403 1810 1553 1852 mortali,
1550 1823 1770 1837 ------

1073 1862 1200 1897 Altero
1237 1860 1311 1896 istu
1339 1860 1376 1895 in
1404 1859 1517 1898 facie,
1554 1860 1666 1895 altero
1706 1860 1745 1895 in
1772 1871 1829 1907 pe·

1074 1912 1196 1952 ame,
1224 1920 1262 1947 ut
1291 1912 1360 1960 jam
1387 1910 1521 1946 dietum
1549 1910 1618 1958 est3

1125 1981 1442 1989 --------
1469 1960 1490 1995 i’
1506 1960 1550 1994 mi
1576 1959 1682 1995 rendei

1126 2013 1311 2059 Piangendo
1336 2026 1357 2047 a
1383 2012 1478 2059 quei,
1506 2013 1557 2045 che
1582 2011 1737 2046 volontier
1760 2021 1832 2058 per-

1006 2068 1035 2102 E
1177 2064 1278 2099 dona.

1078 2112 1243 2157 Scilicet,
1283 2126 1326 2149 ex
1354 2111 1570 2148 contritione
1606 2112 1720 2148 cordis
1757 2113 1834 2147 Deo

1079 2163 1347 2200 clementiffimo
1363 2188 1373 2203 ,
1410 2164 1498 2205 cuius
1523 2163 1565 2206 est
1587 2165 1748 2211 proprium
1774 2165 1833 2197 mi-

1072 2215 1169 2261 sereri
1196 2214 1242 2253 &⁹
1263 2215 1382 2261 semper
1405 2225 1547 2260 parcere.

1129 2266 1249 2300 orribil
1269 2265 1364 2308 faron
1391 2265 1418 2298 li
1441 2265 1558 2311 peccati
1584 2264 1681 2300 miei.

1081 2318 1186 2352 Nunc
1213 2314 1418 2351 Manfredus
1448 2316 1489 2351 ad
1527 2313 1834 2350 confirmationem

1081 2366 1168 2402 dieti
1197 2366 1268 2406 sui,
1307 2365 1496 2402 confitetur
1530 2365 1567 2401 in
1596 2378 1719 2411 genere
1757 2378 1834 2413 pec-

1081 2427 1157 2453 cata
1185 2417 1241 2453 sua
1259 2444 1270 2460 ‚
1307 2426 1345 2452 ut
1373 2416 1526 2452 ostendat
1561 2415 1741 2452 infinitam
1769 2416 1836 2451 mi·-

1081 2467 1301 2504 sericordiam
1341 2467 1432 2503 Dei.
1472 2467 1527 2502 Ad
1564 2466 1737 2503 sciendum
1776 2480 1834 2501 au-

1082 2529 1153 2555 tem
1182 2519 1283 2567 plene
1307 2517 1583 2556 horribilitatem
1611 2528 1832 2601 pecchaforum

1729 2578 1787 2601 an-
