2216 3105
408 186 491 242 347

712 190 1152 237 BENVENUTI
1191 192 1599 240 IMOLENSIS

1838 201 1917 253 348

345 250 472 278 tantum
499 245 633 291 expendi
657 245 704 285 (θ’
724 249 898 286 laboravi?
925 255 970 288 Er
991 254 1106 290 subdi·
1136 256 1178 290 'A
1219 268 1328 303 poena
1356 256 1507 303 capitis.
1549 258 1693 292 Iverunt
1720 268 1802 304 ergo
1831 259 1975 292 Floren-

347 291 422 329 dit:
463 295 540 329 Vere-
570 309 650 343 gens
685 298 746 334 illa
781 315 840 336 non
883 305 978 350 potest
1017 306 1107 340 hodie

343 346 488 390 perdere.
525 348 624 383 Haec
659 347 781 396 dixit,
818 354 901 401 quia
942 355 964 390 fi
992 355 1106 392 Caro-

347 395 401 430 lus
438 395 622 438 vincebat,
664 410 762 437 erant
799 404 974 455 viE‘tores;
1017 406 1055 442 ἃ
1082 408 1105 443 fi

344 444 551 483 Manfredus
579 448 768 492 vincebat,
796 454 911 492 fuisset
939 457 988 492 eis
1016 458 1105 494 ami-

346 508 428 531 cus.
457 499 504 533 Et
533 513 651 536 verum
671 501 786 543 dixit,
813 506 896 552 quia
918 508 1105 544 Manfredo

343 546 465 587 vieto,
511 548 645 586 Comes
692 554 810 589 Guido
851 558 983 593 Guerra
1025 573 1103 595 cum

345 596 466 634 favore
493 598 532 634 &
558 611 661 648 gente
688 601 813 639 Caroli
833 607 940 643 rediit
961 610 1105 645 Floren-

343 647 455 688 tiam,
500 650 534 684 &
577 651 658 687 inde
700 655 838 702 expulit
878 657 1103 695 Gibellinos.

345 697 429 733 Ideo
458 699 543 735 bene
570 701 736 739 describit
763 718 841 742 eum
869 721 888 743 a
920 703 1104 757 prudentia

342 748 378 782 ὃ(
408 749 610 797 probitate,
639 753 783 791 dicens:

394 820 582 828 -----
609 802 655 840 ὅ)
683 805 716 839 in
744 806 801 847 sua
828 808 902 844 vita

394 853 472 885 Fece
499 852 544 885 col
570 853 668 897 senno
693 855 773 901 affixi
798 872 813 892 e
839 873 891 894 con
918 861 951 896 la
980 862 1103 909 spada.

342 900 390 935 Et
424 901 469 936 est
505 915 629 951 magna
670 906 743 942 laus
785 910 983 956 Guidonis‚
1020 913 1102 960 quia

341 952 580 988 communiter
606 954 712 992 fortes
742 959 928 998 bellatores
955 977 1025 998 non
1047 964 1102 999 in—

342 1002 536 1039 veniuntur
563 1006 767 1052 prudentes.
796 1011 828 1045 8<
858 1026 877 1047 e
903 1014 1101 1050 contrario.

341 1051 405 1088 Iste
444 1064 560 1090 aurem
599 1066 672 1093 erat
708 1060 819 1096 audax
861 1063 898 1098 in
937 1065 1100 1111 proe130‚

340 1103 375 1137 &
407 1104 552 1150 prudens
592 1106 630 1142 in
668 1109 846 1157 periculo,
883 1113 969 1150 ficut
1008 1116 1101 1152 reete

340 1153 430 1190 dicit
457 1155 587 1192 Livius
615 1157 656 1194 de
687 1162 864 1199 Annibale
878 1179 895 1201 ,⁴

595 1211 657 1244 Ad
682 1212 764 1253 Verfi
785 1225 846 1261 39,

391 1255 432 1292 L'
443 1258 543 1297 altro,
568 1260 621 1294 che
635 1262 770 1307 apprelJb
787 1279 833 1298 me
852 1267 886 1302 la
901 1277 983 1303 terra
1000 1269 1099 1309 trita,

340 1307 433 1342 Heic
472 1310 619 1351 Jacobus
662 1313 870 1353 Rusticatius
913 1317 1097 1355 secundum

341 1356 475 1393 socium
505 1358 554 1395 sui
584 1362 732 1407 tripudii
755 1367 896 1412 pandit.
924 1369 982 1404 Ad
1004 1370 1101 1414 cujus

341 1409 583 1457 cognitionem
612 1413 658 1448 est·
685 1413 859 1452 sciendum
879 1443 887 1456 ,
921 1420 1013 1465 quod
1043 1420 1101 1455 iste

340 1459 535 1509 Teghiajus
571 1461 640 1498 fuit
677 1465 785 1502 Miles
831 1469 975 1505 Nobilis
1018 1472 1100 1505 Flo-

338 1510 498 1546 rentinus
535 1511 577 1547 de
622 1514 826 1559 Adimaris,
878 1519 986 1555 homo
1028 1520 1099 1556 sani

339 1560 476 1596 consilii
504 1561 541 1597 in
569 1577 604 1599 re
631 1566 791 1612 publica.
820 1568 891 1605 Cui
921 1570 942 1605 fi
965 1571 1014 1606 sui
1036 1573 1099 1607 Ci-

339 1624 400 1646 ves
438 1611 686 1660 credidissent,
727 1631 796 1654 non
825 1621 1027 1665 recepissent
1056 1622 1100 1657 il—

339 1661 409 1697 lam
437 1661 580 1712 stragem
609 1679 770 1715 magnam
797 1670 837 1705 ad
859 1673 1024 1707 Montem
1048 1675 1101 1708 A-

340 1722 500 1759 pertum,
536 1714 579 1749 de
619 1730 687 1763 qua
724 1718 889 1767 scriptum
930 1722 974 1758 est
1002 1723 1099 1772 supra

339 1761 449 1798 Cant.
471 1766 514 1799 X.
544 1766 635 1801 Nam
664 1782 771 1816 quum
802 1772 1000 1809 Florentini
1030 1782 1100 1809 tra-

339 1812 476 1849 &arent
502 1814 539 1850 in
568 1818 710 1863 publico
737 1822 897 1858 Consilio
920 1824 961 1858 de
987 1825 1100 1860 eundo
1129 1828 1133 1833 “

340 1873 463 1900 contra
491 1867 651 1904 senenses
680 1870 720 1905 ad
748 1870 963 1909 fulciendum
992 1878 1101 1910 Nion—

341 1923 415 1950 tem
445 1916 638 1958 Alcinum‚
667 1920 725 1956 iste
750 1922 883 1969 primus
903 1924 1102 1966 consuluit,

342 1967 436 2011 quod
464 1969 564 2004 nullo
593 1971 698 2006 modo
724 1972 888 2010 deberent
914 1975 990 2016 ire.
1019 1976 1102 2024 quia

343 2016 396 2052 ibi
423 2027 497 2054 erat
523 2020 635 2056 latens
662 2023 840 2070 proditio,
868 2027 901 2061 &
929 2027 1021 2073 quod
1044 2030 1102 2062 Se—

343 2067 463 2103 nenses
506 2082 576 2105 non
625 2081 786 2118 poterant
835 2075 895 2112 diu
940 2076 1102 2113 sustinere
1131 2100 1133 2106 ‹

342 2118 509 2164 expensas
535 2122 650 2169 gentis
688 2124 959 2166 Theutonicae,
996 2142 1099 2175 quam

345 2168 520 2205 habebant
547 2185 565 2207 a
594 2175 686 2222 Rege
707 2174 915 2212 Ninnfredo.
942 2180 989 2214 Et
1010 2180 1101 2214 rnul-

344 2231 382 2259 τε
408 2219 534 2256 similia
562 2222 658 2258 dixit
693 2238 754 2272 pro
790 2229 970 2263 communi
999 2229 1102 2264 utili-

344 2280 438 2309 tate.
466 2272 587 2307 Guido
604 2276 757 2318 Guerra,
785 2277 846 2322 qui
867 2278 987 2313 eodem
1011 2289 1101 2314 tem-

343 2336 426 2371 pore
455 2321 596 2363 floruit.
639 2324 731 2359 idern
769 2326 882 2363 dixit.
923 2331 970 2363 Et
1011 2329 1101 2365 alius

342 2374 454 2411 Miles
470 2401 477 2414 ,
505 2373 650 2408 nomine
678 2376 816 2412 Dechus
842 2381 885 2413 de
910 2378 1101 2414 Gherardi-

342 2425 399 2462 nis
426 2423 695 2472 pertinacissime
721 2428 937 2464 contradixit
976 2429 1101 2465 fimili-

343 2484 416 2512 ter.
452 2473 523 2510 Cui
561 2475 631 2522 post
659 2477 799 2521 longam
833 2480 1097 2515 contentionem
1129 2484 1131 2513 ἰ

342 2526 500 2562 finaliter
523 2524 593 2562 fuit
613 2525 813 2576 impositum
836 2529 1013 2566 suentium
1038 2530 1100 2567 sub
1127 2519 1131 2567 l

1218 306 1286 342 tini
1345 316 1466 343 contra
1525 307 1666 343 confilia
1697 315 1771 343 ,tot
1832 307 1976 354 Sapien-

1217 365 1315 398 tum,
1340 359 1373 393 8:
1403 357 1542 394 fuerunt
1569 358 1761 394 infeliciter
1785 357 1973 400 debellati,

1218 407 1302 444 ficut
1342 409 1427 444 alibi
1465 409 1598 445 diS’tum
1639 410 1703 449 est,
1746 409 1781 442 8(
1817 410 1973 446 dicetur.

1218 458 1319 495 Dicit
1345 473 1427 508 ergo
1454 460 1618 496 Aufilor:
1659 459 1811 498 L’altrv,
1839 461 1889 495 che
1914 472 1973 507 ap-

1214 509 1310 555 preffo
1336 524 1382 544 me
1407 509 1480 548 &a
1508 511 1604 558 cujus
1645 511 1756 546 virtus
1792 511 1825 544 &
1854 511 1973 560 probi—

1217 568 1268 594 tas
1297 569 1438 595 notatur
1465 561 1616 609 apposite
1644 561 1744 601 heic,

1266 611 1308 644 E*
1335 611 1509 657 Tegghiaio
1533 612 1771 656 Aldobrandi,·
1796 634 1812 639 -
1838 634 1854 640 -
1881 633 1897 640 -
1922 634 1940 640 ·-

1218 662 1359 695 Nomen
1399 660 1635 696 adventitium
1674 662 1747 709 ejus
1774 661 1863 705 fuit,
1901 676 1971 699 non

1186 722 1344 758 ²nomen
1387 710 1636 759 cognationis3
1681 711 1785 757 quia,
1827 721 1865 746 ut
1902 713 1970 760 jam

1216 760 1314 805 dixi,
1343 760 1411 796 fuit
1438 762 1479 796 de
1507 760 1710 800 Adimaris‚
1739 760 1874 797 familia
1899 774 1972 797 ma-

1215 811 1281 860 gnai
1309 812 1428 847 valde.
1457 814 1504 846 Et
1531 811 1620 846 dicit

1264 882 1496 889 ——————
1523 863 1557 897 la
1583 861 1632 897 cut'
1658 876 1750 902 voce,

1213 911 1299 947 Idest
1326 911 1417 948 fama

1264 963 1329 997 Nel
1356 964 1478 997 Mando
1508 964 1547 1007 su
1573 963 1689 999 dovria
1714 962 1787 1009 effer
1808 963 1971 1011 gudita,-

1213 1012 1308 1098 Qui?
1336 1012 1497 1049 homines
1524 1013 1687 1050 deberent
1711 1023 1849 1063 gratum
1873 1015 1970 1051 audi-

1212 1076 1247 1098 re
1298 1077 1316 1100 e
1342 1077 1405 1100 eo,

1466 1117 1528 1151 Ad
1552 1115 1634 1160 Vers.
1657 1094 1718 1161 4'2.

1265 1169 1313 1200 Et
1340 1165 1368 1200 1'0
1394 1167 1445 1200 che
1470 1167 1551 1213 posto
1577 1187 1808 1193 ------

1213 1217 1306 1252 Heic
1333 1215 1392 1252 iste
1421 1216 1563 1264 spiritus
1591 1216 1721 1252 ultimo
1747 1216 1913 1253 describit
1939 1216 1972 1253 se
2014 1226 2027 1235 ²

1212 1266 1347 1315 ipsum·
1389 1268 1422 1302 δε
1459 1267 1577 1315 tangit
1604 1267 1739 1303 causam
1767 1267 1845 1303 suae
1872 1268 1971 1303 dam-

1214 1317 1393 1354 nationis.
1430 1318 1491 1353 Iste
1529 1318 1599 1353 fuit
1640 1317 1752 1353 Miles
1794 1317 1972 1353 Florenti-

1214 1382 1277 1404 nus
1295 1396 1306 1412 ,
1334 1378 1478 1404 vocatus
1508 1368 1683 1404 Dominus
1723 1368 1871 1412 Jacobus
1899 1370 1972 1404 Ru-

1213 1418 1391 1457 sticatius,
1431 1419 1489 1454 vir
1516 1418 1698 1465 Popularis
1717 1443 1726 1457 ‚
1769 1418 1824 1454 sed
1852 1428 1970 1455 tamen

1214 1469 1314 1503 valde
1348 1469 1516 1515 politicus
1543 1471 1577 1504 8<
1606 1470 1771 1511 moralis,
1801 1469 1887 1505 licet
1915 1483 1973 1505 co-

1213 1518 1439 1567 gnominetur
1466 1519 1704 1567 Rusticatius3
1734 1519 1842 1555 homo
1868 1519 1970 1555 valde

1213 1570 1309 1605 dives
1337 1570 1370 1604 ὃ(
1399 1569 1568 1617 prudens,
1612 1569 1791 1617 placidus,
1818 1571 1850 1605 8<
1880 1569 1970 1605 libe-

1212 1620 1314 1655 ralis.
1356 1620 1430 1665 Qui
1459 1629 1595 1666 poterat
1632 1620 1743 1656 videri
1772 1619 1854 1655 satis
1882 1620 1968 1657 felix

1213 1670 1305 1706 inter
1331 1669 1444 1706 Cives
1472 1670 1570 1710 suos,
1598 1669 1660 1704 nis1
1687 1669 1857 1705 habuisset
1880 1684 1969 1707 uxo-

1213 1734 1284 1756 rem
1314 1734 1476 1769 pravam.
1504 1720 1642 1756 Habuit
1668 1720 1764 1756 enim
1785 1720 1970 1757 mulierem

1212 1771 1385 1810 ferocem,
1423 1784 1501 1806 curn
1530 1784 1597 1818 qua
1626 1770 1745 1807 vivere
1772 1784 1841 1806 non
1871 1781 1970 1819 pote-

1212 1830 1285 1857 rat.
1313 1821 1395 1857 Ideo
1421 1821 1518 1857 dedit
1546 1821 1578 1857 se
1602 1821 1838 1870 turpitudini.
1866 1823 1969 1858 Unde

1182 1898 1184 1901 f
1214 1881 1371 1907 narratur
1397 1872 1439 1907 de
1478 1886 1544 1910 eo,
1586 1872 1678 1920 quod
1715 1885 1824 1920 quum
1865 1872 1969 1908 semel

1214 1923 1460 1958 introduxisset
1506 1935 1648 1964 puerum
1705 1923 1743 1958 in
1798 1935 1970 1958 cameram

1214 1973 1330 2016 suam,
1358 1972 1419 2008 ista
1447 1973 1573 2009 mulier
1601 1972 1785 2009 furibunda
1813 1973 1968 2009 cucurrit

1214 2024 1255 2058 ad
1283 2023 1461 2058 fenestram
1500 2023 1645 2072 palatii,
1682 2026 1717 2059 ὃ(
1754 2025 1870 2068 coepit
1898 2025 1969 2059 cla-

1215 2087 1308 2109 mare
1329 2075 1399 2109 alta
1420 2088 1527 2109 voce:
1550 2077 1611 2110 Ad
1631 2074 1753 2122 ignem,
1782 2076 1826 2109 ad
1849 2075 1970 2118 ignem.

1214 2127 1317 2160 Tunc
1345 2125 1632 2160 concurrentibus
1659 2125 1809 2164 vicinis,
1837 2124 1894 2159 iste
1913 2127 1970 2169 Ja-

1215 2175 1320 2211 cobus
1348 2176 1494 2224 egressus
1521 2189 1690 2212 cameram
1707 2201 1718 2217 ,
1758 2175 1875 2224 coepit
1902 2175 1969 2210 rni-

1215 2225 1289 2261 nari
1319 2226 1420 2262 uxori
1450 2236 1599 2262 mortem
1617 2253 1627 2262 .
1666 2229 1719 2262 At
1746 2226 1808 2262 illa
1836 2225 1969 2261 rediens

1215 2276 1256 2311 ad
1292 2276 1496 2321 fenestram,
1533 2279 1684 2313 clamare
1716 2277 1859 2321 coepit:
1896 2278 1969 2311 Non

1214 2327 1376 2370 veniatis,
1395 2329 1470 2374 quia
1490 2329 1574 2375 ignis
1593 2329 1750 2363 extinc‘ifus
1768 2328 1825 2369 est.
1853 2328 1900 2361 Et
1925 2325 1969 2360 fic

1216 2387 1319 2413 nota:
1351 2392 1429 2413 curn
1458 2389 1587 2426 quanta
1608 2378 1747 2414 solertia
1767 2379 1799 2413 &
1822 2376 1969 2423 pruden-

1215 2428 1266 2463 tia
1296 2428 1363 2464 viri
1391 2430 1539 2464 debeant
1564 2429 1689 2465 ducere
1714 2440 1861 2464 uxores.
1903 2426 1970 2462 Vi-

1215 2479 1277 2522 de,
1306 2480 1347 2514 ad
1367 2479 1452 2527 quid
1473 2479 1655 2515 devenerit
1675 2479 1736 2514 iste
1755 2478 1873 2512 valens
1894 2477 1970 2512 Mi-

1216 2530 1290 2565 les.
1317 2532 1410 2566 Vere
1436 2529 1594 2565 acerbior
1618 2541 1729 2577 poena
1756 2527 1887 2612 InferFi
1924 2527 1969 2563 est

1862 2591 1921 2614 ua-
