2216 3105
311 216 391 256 313

247 259 407 302 Aueior,
433 257 468 293 δε
494 256 656 292 nominat
682 255 928 291 Marchionem
954 258 1005 290 O·

248 309 374 357 pizone
401 308 443 342 ab
469 307 596 351 oculo,
623 308 848 342 &Amnem
877 308 941 342 ΙΙΙ.
963 305 1003 340 fi-

246 359 336 393 lium
372 357 468 405 ejus,
514 358 597 404 quia
643 365 789 404 uterque
837 355 932 391 visus
960 357 1004 391 est

245 407 423 443 violentus
450 417 607 455 tempore
643 406 723 443 suo.
767 409 858 442 Nam
887 406 1002 442 Obizo

246 470 317 493 non
345 467 529 493 contentus
557 457 652 493 suum
682 457 882 492 dominium
910 457 1002 492 intra

247 520 350 554 aquas
399 507 483 543 Padi
531 507 734 550 contineri,
777 507 927 555 Regium
968 509 1032 544 &1

246 558 428 592 Mutinam
465 558 678 606 occupavit,
714 559 748 593 8<
785 558 901 593 tenuit
940 558 1002 593 do-

246 607 399 643 minium
448 607 624 644 Ferrariae
670 609 840 643 XXVIII.
877 608 1001 648 annis,

247 658 310 694 ubi
337 667 495 694 mortuus
522 658 567 694 est
593 660 632 694 in
658 660 904 694 MCCXCIII.
933 661 1003 694 Ita-

246 721 313 756 que
341 708 457 757 Opizo
484 710 518 744 δε
546 711 628 755 Azo¹
653 708 747 745 filius
774 709 847 756 ejus
882 722 1004 757 regna-

247 768 373 794 verunt
400 770 557 806 tempore
576 759 680 794 nostri
706 759 895 794 Auctoris.
921 762 1002 794 Azo

246 820 331 844 vero
359 810 556 845 Bononiam
593 810 627 845 8<
666 811 825 845 Parmam
868 810 1003 858 magnis

247 858 350 895 bellis
395 859 545 896 afflixit.
597 861 767 895 Neutram
796 870 913 895 tamen
942 874 1004 908 po-

248 911 319 945 tuit
355 910 535 945 obtinere.
573 912 688 945 Immo
729 910 914 945 videbatui·
951 910 1003 945 su-

249 961 450 1008 bjugaturus
479 960 728 996 Lombardiam
768 960 925 1008 potentia
949 960 1004 995 sua

248 1011 282 1044 &
311 1009 572 1052 magnificentia
590 1038 600 1053 ,
628 1011 766 1058 accepta
793 1011 830 1045 in
858 1024 1002 1045 uxorem

250 1059 325 1094 filia
351 1058 476 1095 Caroli
505 1062 550 1094 ΙΙ.
578 1060 691 1095 sorore
730 1061 834 1108 Regis
873 1061 1005 1095 Rober-

247 1109 298 1145 ti.
329 1109 405 1144 Post
432 1109 608 1145 modicum
631 1119 747 1145 tamen
768 1110 896 1146 amiffis
921 1113 1005 1146 Mu-

246 1159 322 1195 tina
348 1161 382 1194 8<
413 1160 546 1208 Regio,
575 1161 612 1195 in
641 1161 773 1196 duobus
801 1161 922 1197 diebus
949 1161 1004 1196 in-

248 1209 406 1245 firmatus
433 1211 467 1245 &
497 1219 654 1246 mortuus
681 1211 727 1246 est
762 1212 798 1246 in
827 1211 1004 1247 anxietate

246 1259 314 1294 fine
343 1260 457 1306 prole.
500 1262 554 1294 Ex
591 1274 661 1307 quo
697 1261 895 1296 dominium
933 1262 1004 1309 ejus

245 1308 408 1344 remanfit
435 1309 472 1343 in
501 1322 625 1357 magna
662 1310 726 1345 lite
764 1311 857 1345 inter
884 1311 1004 1346 fratres

245 1358 282 1394 &
311 1367 478 1407 nepotes.
507 1361 553 1394 Et
581 1358 677 1394 filius
705 1360 906 1396 Franciscus
945 1375 1004 1395 na-

244 1409 368 1444 turalis
405 1409 520 1444 tenuit
556 1409 754 1444 dominium
802 1410 1031 1460 modicitm,1

245 1460 278 1493 &
308 1472 472 1507 magnum
502 1459 632 1494 bellum
661 1459 744 1494 fecit
772 1473 851 1495 cum
886 1459 1004 1495 favore

245 1511 485 1550 Venetorum,
536 1510 619 1556 quia
662 1519 772 1544 mater
817 1511 890 1555 ejus
935 1510 1003 1546 fuit

243 1561 400 1594 Veneta.
428 1561 593 1595 Mortuus
621 1560 666 1595 est
693 1563 773 1595 Azo
802 1562 866 1595 ΙΙΙ.
896 1563 1003 1596 Anno
1028 1577 1030 1595 ι

243 1609 396 1645 Domini
437 1612 683 1646 MCCCVHI.
721 1624 829 1658 quum
867 1601 1030 1659 regnas-'¹

241 1659 294 1694 set
332 1662 410 1694 XV.
448 1661 567 1696 annis.
613 1663 718 1696 Nunc
764 1661 805 1696 ad
842 1661 1002 1697 literam.

244 1708 421 1744 Describit
447 1709 645 1757 Opizonem
682 1711 724 1745 ab
761 1710 884 1746 habitu
925 1725 1002 1748 cor-

245 1759 358 1806 poris,
387 1759 524 1794 dicens:

291 1830 605 1836 --------
632 1810 704 1845 ch'e}
731 1811 842 1846 biondo

293 1863 335 1894 Ex
361 1861 459 1903 Obiqo
485 1861 526 1895 da
554 1861 652 1902 Este:
679 1882 864 1888 -----
1025 1866 1028 1897 l

242 1912 287 1945 Et
328 1909 443 1958 tangit·
480 1920 630 1946 mortem
672 1912 745 1959 ejus
781 1911 999 1951 violentam,

242 1960 326 2006 quia
353 1960 390 1994 in
418 1959 509 1995 fama
545 1960 635 2005 fuit,
677 1962 770 2009 quod
807 1975 914 2010 quum
943 1963 998 1998 in-

184 2022 187 2025 ’
243 2009 461 2053 firmaretur,
499 2012 578 2046 Azo
629 2011 723 2048 filius
770 2012 842 2059 ejus
880 2012 1001 2048 fecerit

243 2059 355 2107 ipsum
380 2060 491 2107 juvari
514 2061 619 2097 citius
641 2062 751 2098 mori.
781 2065 861 2098 Hoc
885 2072 1000 2098 autem

242 2110 368 2145 habuit
405 2112 535 2146 Dantes
583 2125 601 2146 a
640 2113 835 2148 Ricobaldo
881 2116 1001 2148 Ferra-

241 2160 366 2203 rienfi,
406 2173 533 2209 magno
576 2160 785 2206 Chronista,
827 2163 888 2211 qui
917 2173 1000 2199 tunc

242 2210 408 2254 vivebat,
435 2212 470 2245 &
498 2211 559 2259 qui
587 2211 653 2247 hoc
681 2212 801 2248 scribit
828 2213 865 2248 in
886 2214 1000 2249 Chro-

241 2261 332 2297 nicis
379 2260 469 2303 suis,
511 2261 594 2308 quia
635 2262 746 2306 dicit,
797 2264 890 2311 quod
919 2266 999 2300 Azo

241 2321 400 2347 mortuus
427 2311 473 2347 est
500 2311 536 2346 in
564 2310 688 2350 Castro
715 2313 861 2355 Estenfi,
891 2327 997 2360 quum

238 2362 382 2398 timeret
409 2375 529 2397 necem
557 2361 619 2398 fibi
647 2376 666 2399 a
692 2362 924 2399 familiaribus
945 2365 999 2399 in—

239 2412 349 2453 ferri.
386 2412 486 2447 ficuti
523 2412 681 2462 Opizoni
722 2413 813 2463 patri
841 2427 999 2451 occurre-

235 2472 309 2498 rat.
339 2462 441 2498 Dicit
468 2475 570 2511 ergo:

285 2517 373 2548 Tom.
394 2515 456 2548 ΙΙΙ.

1080 491 1084 568 2

1050 571 1085 750 B!

1048 1171 1076 1204 C

1043 1619 1073 1652 D

1044 2068 1069 2101 E

600 196 901 240 COMMENT.
932 197 996 239 IN
1027 195 1253 243 DANTJS
1280 195 1522 239 COMOED.

1044 263 1072 295 A

1768 216 1781 242 1

1166 276 1395 281 ------
1423 257 1448 290 il
1475 256 1552 302 qual
1575 266 1630 303 per
1655 214 1755 290 vero3
1789 219 1816 255 4

1165 309 1217 339 Fu
1237 306 1348 352 sperno
1366 308 1422 340 dal
1434 305 1594 352 figliastro
1612 306 1651 350 su
1673 308 1724 340 nel
1743 308 1870 345 mondo.

1114 358 1160 391 Et
1187 355 1265 390 heic
1293 365 1398 398 nota,
1426 356 1518 403 quod
1547 357 1664 402 pulcre
1691 358 1724 391 δε
1763 358 1871 394 hone—

1115 406 1158 441 ste
1187 405 1324 441 Auctor
1353 407 1476 453 palliat
1503 405 1588 440 istud
1617 405 1770 446 factum,
1807 421 1872 443 vo-

1114 470 1193 491 cans
1222 455 1335 491 filium
1364 456 1566 495 filiastrum,
1595 455 1687 503 quasi
1709 457 1795 492 velit
1817 457 1872 492 in-

1081 528 1083 531 .
1115 520 1239 550 nuere,
1286 507 1378 554 quod
1416 520 1485 542 non
1525 507 1632 554 poffet
1668 506 1788 542 cadere
1833 508 1872 543 in

1116 568 1269 592 mentem
1297 557 1466 605 alicujus,
1505 556 1620 592 filium
1660 557 1872 604 praesumere

1115 607 1249 654 aliquid
1278 618 1398 643 contra
1428 617 1584 656 patrem.
1633 608 1714 643 Ideo
1755 607 1871 653 dicit,

1115 658 1207 705 quod
1238 660 1315 693 vere
1344 657 1411 693 fuit
1439 657 1617 693 exti11&us
1644 671 1662 693 a
1685 658 1871 706 privigno,

1116 722 1184 743 non
1214 722 1231 743 a
1271 722 1353 744 vero
1390 708 1490 752 filio,
1531 708 1614 756 quia
1650 718 1773 744 natura
1800 721 1871 744 non

1114 758 1247 807 patitur
1274 758 1339 794 hoc
1356 785 1364 794 .

1353 811 1414 845 Ad
1443 809 1524 853 Vers.
1552 812 1634 845 118.

1165 859 1326 900 Mostrocci
1361 859 1531 894 tm‘omjrae
1565 859 1656 894 d’un
1693 871 1782 895 canto
1817 861 1869 906 sb—

1215 912 1268 949 la,
1296 909 1368 947 effic.

1116 960 1206 995 Heic
1235 960 1372 995 Auctor
1398 959 1568 1003 ostendit,
1595 959 1747 1008 qualiter
1784 961 1874 997 Nes-

1116 1010 1167 1045 sus
1195 1010 1379 1046 ostenderit
1407 1024 1513 1046 unum
1551 1010 1754 1059 singularem
1793 1011 1873 1046 vio-

1115 1061 1248 1095 lentum
1278 1061 1318 1095 de
1345 1071 1447 1109 gente
1477 1060 1559 1103 ista,
1597 1061 1658 1108 qui
1697 1061 1872 1097 commifit

1115 1109 1346 1145 homicidium
1387 1111 1494 1146 nimis
1539 1111 1740 1146 detestabile
1781 1112 1872 1160 apud

1115 1161 1313 1196 Civitatem
1351 1161 1526 1196 Viterbii.
1564 1161 1623 1196 Ad
1665 1162 1871 1210 intelligen-

1115 1210 1195 1246 dum
1225 1213 1315 1246 clare
1336 1212 1472 1247 crudele
1493 1210 1625 1246 facinus
1640 1237 1651 1251 ,
1678 1212 1770 1260 quod
1792 1213 1871 1249 heic

1114 1261 1291 1309 tangitur,
1320 1262 1461 1310 expedit
1485 1261 1592 1301 scire,
1621 1263 1713 1309 quod
1738 1263 1873 1299 Henri-

1114 1324 1172 1347 cus
1194 1314 1268 1347 Rex
1290 1311 1464 1360 AngHae,
1485 1311 1585 1359 hujus
1606 1312 1760 1348 nom?nis
1781 1315 1872 1350 Ter-

1113 1361 1208 1399 tius,
1243 1362 1413 1397 bonorum
1446 1363 1628 1409 Regalium
1657 1363 1872 1411 dilapidator

1112 1412 1144 1445 δε
1175 1411 1359 1459 prodigus,
1388 1412 1471 1447 fecit
1500 1414 1649 1448 Barones
1678 1413 1738 1449 fibi
1760 1414 1871 1451 rebel—

1111 1461 1179 1495 les.
1207 1463 1367 1506 Quorum
1395 1462 1498 1510 opera
1519 1465 1593 1497 Rex
1615 1464 1780 1500 franciae
1801 1465 1871 1501 mi-

1110 1510 1150 1546 fit
1186 1511 1224 1546 in
1261 1511 1431 1560 Angliam
1475 1512 1653 1548 Simonem
1682 1512 1869 1551 Comitem

1110 1562 1152 1596 de
1179 1560 1420 1601 Monteforte,
1463 1562 1577 1597 virum
1621 1563 1791 1600 strenuum
1829 1564 1869 1602 δε

1111 1611 1274 1646 idoneum
1298 1614 1440 1660 Regno,
1469 1613 1529 1661 qui
1551 1613 1703 1662 conjecit
1725 1614 1762 1649 in
1789 1615 1870 1650 vin-

1112 1663 1188 1697 cula
1217 1663 1412 1698 Henricum
1442 1665 1596 1709 Regem,
1623 1665 1655 1699 8:
1679 1664 1870 1702 Ricardum

1111 1711 1253 1748 fratrem
1289 1713 1387 1760 ejus,
1425 1712 1462 1748 ἃ
1505 1713 1598 1750 filios
1636 1714 1761 1763 Regis.
1804 1717 1871 1752 Sed

1111 1762 1289 1798 Eduardus
1318 1763 1595 1812 primogenitus,
1632 1765 1688 1800 vir
1714 1765 1870 1811 inclytae

1112 1812 1255 1848 virtutis
1272 1838 1281 1852 ,
1310 1814 1415 1849 evafit
1443 1815 1634 1850 velocitate
1661 1815 1762 1863 equi.
1791 1816 1868 1862 Qui

1113 1862 1223 1911 postea
1259 1863 1411 1899 feliciter
1453 1864 1644 1901 debellavit
1673 1866 1884 1913 praefatum*

1111 1913 1290 1949 Simonem
1337 1914 1406 1961 jam
1450 1927 1591 1963 gravem
1645 1917 1866 1962 Batonibus,

1111 1963 1193 2010 quia
1220 1963 1361 2012 superbe
1402 1964 1444 1999 ad
1482 1965 1594 2013 Regni
1622 1965 1747 2002 solium
1776 1967 1866 2015 aspi-

1108 2013 1225 2053 rabat,
1253 2028 1356 2061 quem
1385 2014 1469 2049 fecit
1497 2015 1533 2049 in
1557 2024 1667 2062 partes
1692 2016 1863 2057 desecari,

1107 2061 1144 2097 ὅ(
1172 2063 1207 2098 in
1237 2065 1310 2111 ejus
1335 2078 1375 2099 os
1403 2064 1559 2112 pudenda
1588 2066 1660 2113 ejus
1687 2067 1863 2104 immitti.

1106 2113 1162 2148 Sic
1197 2114 1377 2150 Eduardus
1427 2114 1543 2150 νὶἕὶοι·
1593 2126 1723 2163 patrem
1750 2143 1760 2157 ‚
1804 2132 1864 2162 pa-

1106 2173 1245 2203 truum,
1273 2163 1311 2200 &
1337 2164 1457 2201 fratres
1478 2165 1554 2201 suos
1578 2167 1763 2203 liberavit.
1789 2169 1864 2214 Qui

1106 2216 1216 2261 postea
1244 2215 1335 2263 patri
1363 2215 1517 2251 succeffit
1546 2216 1582 2251 in
1612 2219 1753 2266 Regno.
1792 2222 1864 2255 Ve-

1104 2274 1301 2301 rumtamen
1338 2266 1611 2303 contumeliosae
1647 2268 1772 2304 mortis
1809 2269 1863 2305 Si-

1105 2316 1220 2351 monis
1256 2316 1431 2362 Henricus
1459 2316 1553 2353 filius
1594 2318 1736 2355 Ricardi
1765 2332 1862 2368 prae-

1105 2365 1214 2405 dicti,
1261 2367 1534 2416 consanguineus
1577 2369 1751 2408 Eduardi‚
1791 2370 1861 2405 luit

1107 2416 1323 2462 postmodum
1352 2431 1498 2464 poenas.
1528 2420 1620 2454 Nam
1648 2433 1754 2466 quum
1780 2420 1861 2455 Phi-

1106 2466 1220 2515 lippus
1250 2469 1324 2552 Rjix
1353 2468 1544 2509 franciae,
1581 2469 1676 2505 filius
1701 2469 1864 2527 Ludqvi-

1305 2552 1309 2555 ,
1349 2554 1352 2555 ⁷
1777 2532 1810 2556 cz
