2216 3105
234 260 318 302 797

530 242 777 285 COMMEN
783 243 829 286 T.
859 243 923 286 IN
951 240 1084 287 DAN
1090 238 1178 281 TIS
1205 239 1446 285 COMOED.

1663 250 1744 300 798

179 307 272 341 He2c
314 301 447 350 Aquila
488 302 667 350 vituperat
720 303 805 338 duos
848 302 936 338 alios
976 304 1006 338 A
1047 298 1152 344 Quafi
1180 299 1302 336 dicat:
1341 301 1656 350 eniam-apparebit
1684 303 1802 339 vilitas

180 357 291 402 Reges
341 352 493 401 ejusdem
545 351 721 400 sanguinis
745 377 755 391 ‚
803 352 938 389 scilicet

181 404 377 440 Dominum
417 402 584 446 Jacobum
629 404 757 450 Regem
801 405 938 452 Arago-

181 455 259 490 niae
296 453 436 489 fratrem
474 451 560 487 dieti
604 453 795 491 friderici,
836 452 875 489 δε
902 467 938 488 a—

181 506 269 540 lium
297 504 462 547 Iacobum
494 505 622 550 Regem
653 503 846 551 Majoricae
879 517 938 552 pa—

180 564 298 590 truum
338 553 516 600 utriusque
559 552 676 588 fratris
707 581 716 597 ‚
768 553 939 588 friderici

182 605 317 641 scilicet
343 628 352 643 ,
398 602 436 639 ὃ(
481 603 603 647 Jacobi
647 603 904 652 praediEtorum
929 624 968 642 ,ι

182 654 290 690 Unde
316 654 430 689 dicit:
966 643 969 686 l

231 726 248 732 -
318 726 335 732 -
362 725 378 731 -
404 719 426 739 a
451 704 572 749 ciascun
599 703 623 738 l’
637 715 723 749 opere
743 705 840 751 [οξζο

183 754 267 790 idest
284 782 293 797 ‚
320 768 424 801 opera
452 754 560 789 vilia:

233 806 298 840 Del
325 806 434 840 Barba
461 825 649 832 -----

183 855 339 894 scilicet.
379 853 526 890 Domini
566 854 688 898 Jacobi
717 855 821 904 Regis
848 856 940 890 Ara-
966 897 968 902 .

183 905 334 953 goniae.
363 907 408 940 Et
436 904 559 940 dicunt
586 905 719 952 aliqui,
748 905 841 952 quod
870 906 940 953 pri·
966 904 968 915 ¹

185 968 261 991 mus
289 955 509 990 renuntiavit
538 957 659 1003 Regno
686 956 852 1004 Siciliaeg
891 957 941 990 al-

184 1015 238 1041 ter
274 1018 357 1040 vero
394 1004 548 1053 permisit
584 1005 645 1040 fibi
683 1005 810 1042 auferri
847 1006 940 1041 suam

184 1054 336 1091 Insulam
365 1068 384 1090 a
411 1055 515 1090 fratre
543 1054 602 1090 suo
633 1057 760 1096 Petro,
801 1057 863 1105 qui
890 1066 943 1091 ta-

185 1118 266 1141 men
293 1105 404 1154 postea
431 1105 582 1141 restituit
608 1119 684 1142 eam
711 1106 794 1142 fibi.
838 1106 943 1142 Unde

184 1155 296 1192 dicit:

234 1227 252 1232 -
279 1227 295 1233 -
320 1226 338 1232 -
365 1226 381 1232 -
408 1219 424 1239 e
442 1209 502 1240 due
521 1219 624 1241 corone
644 1208 707 1242 han
723 1207 809 1252 fatte
828 1209 944 1254 bozze.

186 1255 269 1292 idest
283 1280 295 1296 ‚
323 1255 513 1292 bastardas:

234 1327 252 1334 -
276 1327 296 1333 -
320 1327 339 1333 -
363 1326 381 1333 -
407 1307 460 1341 che
486 1317 576 1342 tanto
603 1308 730 1355 egregitt

235 1357 384 1402 Nazione
399 1377 669 1396 -------

185 1407 288 1446 idest,
316 1406 515 1452 generosam
544 1408 739 1457 prosapiam
757 1436 768 1453 ,
807 1409 850 1445 de
877 1422 946 1457 qua

186 1457 256 1493 fuit
298 1458 361 1493 ille
403 1459 524 1494 Petrus
564 1471 740 1494 armorum
788 1459 946 1495 strenuis—

184 1506 311 1541 fimus.

232 1559 806 1590 -—--eduec0r0ne----

184 1605 343 1650 scilicet,
369 1605 494 1652 scripta
515 1605 553 1641 ἃ
575 1606 790 1643 manifestata
810 1608 847 1643 in
869 1621 942 1645 me-

186 1665 324 1691 morato
359 1655 473 1690 Libro
511 1657 605 1696 Dei,
648 1657 783 1693 scilicet
811 1661 945 1707 Regum

186 1708 394 1755 Aragonum
430 1706 464 1740 8<
500 1706 697 1753 Majoricae
733 1719 893 1751 part-anno
927 1726 947 1745 a

185 1758 344 1802 ciascuno.

237 1810 270 1842 E
297 1807 368 1854 quel
394 1806 430 1840 di
457 1807 656 1852 Portogallo‚
683 1827 872 1834 -----

186 1857 281 1893 Heic
317 1856 452 1903 Aquila
494 1856 635 1905 colligit
663 1865 731 1892 tres
769 1860 879 1905 Reges
906 1857 947 1892 fi-

188 1909 287 1952 mul‚
323 1919 471 1955 quorum
501 1907 587 1942 duos
623 1907 787 1943 describit
815 1908 947 1956 simpli-

189 1958 299 2001 citer,
336 1957 481 1992 tertium
510 1960 592 1993 vero
619 1957 786 1994 describit
822 1959 864 1993 ab
893 1959 948 1994 in—

189 2007 275 2043 fami
315 2006 458 2043 vilitate
498 2008 666 2055 quadam:
718 2012 751 2043 E
799 2010 869 2055 quel
913 2010 949 2043 di

188 2058 390 2104 Portogallo,
431 2057 589 2096 scilicet,
633 2061 728 2094 Rex.
769 2059 826 2094 Est
853 2059 946 2095 enim

191 2110 317 2144 Portus
343 2107 467 2142 Gallus
494 2119 602 2142 unum
629 2107 672 2143 de
698 2108 855 2157 quinque
881 2112 948 2145 Re·
976 2110 978 2117 ¹

190 2157 269 2207 gnis
297 2156 514 2206 Hispaniae:

240 2229 257 2234 -
283 2228 300 2234 -
326 2229 344 2235 -
370 2228 387 2234 -
414 2221 429 2241 e
455 2208 491 2241 di
517 2208 682 2254 Nor-vegia

189 2257 294 2302 idest,
322 2260 398 2294 Rex
421 2258 641 2306 Norvegiae.
662 2258 718 2294 Est
736 2259 832 2295 enim
854 2262 948 2297 Nor—
976 2299 978 2311 γ

191 2308 292 2358 vegia
318 2308 417 2357 regio
443 2308 480 2343 in
510 2310 786 2356 Septemtrione‚
815 2311 850 2346 in
873 2325 948 2359 par-

192 2369 227 2394 te
252 2357 475 2405 frigidiffima
505 2359 620 2394 vicina
658 2362 947 2406 Tramontanae,
976 2397 978 2408 ,

190 2408 251 2445 ubi
288 2408 367 2444 sunt
403 2409 475 2443 dies
515 2409 728 2455 breviffimi,
778 2413 811 2447 δε
848 2412 977 2456 inve-¹

190 2459 337 2495 niuntur
364 2459 447 2494 boni
479 2461 644 2495 Falcones
661 2487 670 2496 .
976 2457 978 2492 ἔ

242 2510 283 2545 Li
304 2509 336 2552 fi
361 2510 575 2554 conosceranno
587 2530 812 2550 ------

189 2559 297 2606 idest,
333 2560 370 2596 in
408 2570 684 2609 praememorato
720 2563 831 2598 Libro
860 2563 947 2599 Dein

1048 348 1085 385 δε
1116 349 1266 385 avaritia
1294 363 1413 386 eorum
1443 351 1519 388 ibi.
1546 355 1594 388 Et
1619 352 1763 390 subdit:

1098 421 1286 428 -----
1311 414 1327 435 e
1350 402 1423 448 quel
1447 401 1484 436 di
1510 404 1629 448 Rascia

1048 449 1188 499 supple,
1216 451 1302 486 bene
1328 451 1556 500 cognoscetur
1580 453 1619 489 in
1646 453 1713 489 illo
1739 454 1804 492 Li-

1049 501 1133 544 bro,
1161 510 1342 548 tamquam
1361 501 1471 538 vilior
1490 501 1529 538 &
1549 503 1688 539 avarior
1708 518 1803 552 prae-

1048 549 1153 586 dietis
1169 578 1177 586 .
1219 552 1325 597 Quod
1353 553 1478 600 probat
1500 567 1564 601 per
1589 553 1805 592 evidentiffi-

1051 614 1144 636 mum
1173 600 1304 650 iignum
1332 613 1509 639 extremae
1536 603 1691 641 vilitatis
1724 619 1805 641 ava-

1050 651 1153 686 ritiae
1168 679 1177 695 ‚
1204 651 1322 688 dicens
1339 665 1348 688 ε

1100 702 1166 735 Che
1206 704 1288 737 male
1325 704 1513 751 aggiustb'l
1551 707 1649 741 Canio
1686 706 1724 741 di
1749 707 1799 742 Vi-

1152 765 1264 798 ”egla-

1051 803 1131 837 Hoc
1172 803 1283 842 dicit,
1323 805 1407 852 quia
1448 805 1652 844 falfificabat
1690 810 1805 844 Daca«

1051 861 1126 891 tos,
1163 866 1250 900 quos
1291 855 1389 891 cudit
1424 857 1639 895 nobiliffima
1665 858 1807 896 Civitas

1053 904 1278 939 Venetiarum
1295 932 1305 939 .

1101 957 1127 986 Ο
1153 953 1247 988 beata
1273 956 1430 1002 Ungheria
1455 978 1644 988 -----

1052 1003 1144 1038 Heic
1184 1005 1320 1051 Aquila
1355 1006 1521 1044 describit
1555 1009 1626 1045 duo
1662 1013 1806 1058 Regna,

1052 1052 1186 1088 scilicet
1206 1056 1410 1104 Hungariae
1428 1058 1462 1092 &
1485 1060 1681 1096 Navarrae.
1706 1063 1809 1108 Quo-

1052 1116 1128 1138 rum
1170 1104 1323 1152 primum
1366 1108 1513 1144 vacabat
1553 1123 1612 1158 per
1656 1121 1808 1147 mortem

1052 1154 1235 1198 Andreae,
1261 1156 1324 1203 qui
1352 1155 1420 1193 fuit
1447 1157 1542 1195 filius
1566 1162 1688 1198 Caroli
1707 1158 1830 1199 Mar-s

1052 1204 1152 1248 telli,
1189 1205 1231 1240 de
1267 1219 1338 1252 quo
1375 1209 1486 1244 multa
1525 1210 1619 1247 dista
1646 1212 1726 1249 sunt
1754 1213 1808 1249 su<

1051 1267 1121 1339 gra,
1147 1257 1254 1291 Cant.
1278 1258 1341 1292 lx.
1377 1259 1479 1308 hujus
1522 1262 1671 1299 Paradifi
1687 1290 1697 1299 .
1725 1263 1808 1300 Ideo

1076 1315 1162 1341 icit:

1102 1360 1128 1389 Ο
1154 1357 1246 1391 beata
1279 1359 1439 1405 Ungheria
1463 1382 1481 1388 -2
1508 1384 1522 1389 -
1548 1384 1564 1391 -
1589 1385 1608 1392 ‹-

1053 1405 1206 1453 respeelu
1233 1408 1383 1445 aliorum
1415 1413 1640 1460 Regnorum:

1104 1477 1120 1482 -
1146 1478 1162 1483 —
1188 1478 1204 1483 —
1232 1459 1303 1503 -se
1329 1462 1442 1503 nonfi
1467 1464 1566 1508 lascia

1103 1507 1169 1542 Pia
1194 1509 1382 1544 malmenare
1391 1533 1659 1551 -------

1054 1555 1217 1601 scilicet,
1245 1571 1262 1592 a
1292 1561 1385 1608 Rege
1412 1575 1531 1613 novo;
1569 1566 1663 1613 quasi
1689 1567 1813 1615 dicat‘,

1054 1606 1076 1640 fi
1105 1620 1174 1642 non
1204 1608 1362 1655 pejorat.
1390 1613 1436 1646 Et
1463 1613 1583 1651 dicit:

1189 1677 1206 1683 -
1231 1678 1248 1683 -
1275 1672 1290 1692 e
1316 1661 1408 1695 beata
1433 1665 1610 1709 Navarra,

1054 1707 1137 1754 quia
1174 1716 1258 1743 tunc
1297 1711 1439 1747 carebat
1478 1715 1603 1764 Rege3
1645 1714 1703 1753 sed
1730 1718 1813 1766 quia

1055 1757 1230 1792 recidebat
1270 1768 1354 1795 tunc
1395 1764 1556 1810 Regnum
1599 1765 1640 1799 in
1680 1769 1814 1816 Regem

1055 1807 1222 1841 Franciae
1240 1833 1250 1848 ,
1276 1808 1367 1843 dicit
1381 1822 1392 1844 t

1105 1860 1146 1889 Se
1163 1855 1330 1902 s'armaffe
1346 1860 1401 1892 del
1419 1870 1539 1901 monte,
1566 1863 1618 1897 che
1636 1865 1670 1899 la
1689 1866 1813 1911 fascia.

1024 1947 1030 1951 ι
1056 1904 1158 1943 idest,
1199 1906 1262 1952 qui
1300 1906 1413 1956 cingit
1440 1923 1514 1946 eam
1533 1939 1542 1955 ‚
1584 1915 1617 1948 ὃ(
1645 1928 1665 1950 a
1691 1918 1813 1954 Gallia

1056 1955 1209 1998 dividit,
1246 1955 1329 1992 idest
1362 1957 1548 1997 fortiliciis
1575 1963 1670 2000 suis.
1706 1967 1814 2013 Quasi

1057 2005 1172 2041 dicat:
1202 2005 1224 2040 sl
1254 2010 1488 2054 praemuniret
1507 2011 1558 2048 ita
1579 2013 1635 2054 se,
1661 2017 1696 2051 &
1717 2031 1816 2066 prae-

1058 2056 1192 2092 videret
1228 2056 1312 2102 fibi,
1357 2059 1559 2107 resistendo,
1604 2066 1698 2114 quod
1743 2082 1815 2105 non

1059 2107 1195 2142 veniret
1223 2106 1284 2142 sub
1310 2121 1414 2146 manu
1437 2113 1670 2152 Francorum.
1697 2119 1746 2154 Et
1770 2119 1814 2155 fic

1057 2156 1165 2192 tacite
1193 2158 1384 2204 praedicit,
1411 2163 1505 2209 quod
1532 2176 1741 2212 perventura
1768 2169 1815 2206 est

1058 2208 1099 2242 ad
1126 2221 1249 2244 manus
1275 2222 1396 2246 eorum
1413 2239 1425 2255 ,
1467 2226 1617 2261 quorum
1656 2217 1816 2268 superbia

1058 2271 1146 2293 vana
1172 2258 1218 2294 est
1244 2259 1499 2300 intolerabilis.
1761 2289 1763 2291 ·

1108 2311 1140 2343 E
1167 2313 1267 2344 creder
1291 2331 1477 2342 -----

1058 2360 1150 2394 Heic
1178 2360 1306 2396 ultimo
1334 2362 1468 2411 Aquila
1495 2365 1646 2405 infamat
1681 2372 1811 2420 Regem

1057 2409 1256 2458 Cyprium,
1293 2425 1396 2460 quem
1434 2415 1524 2452 dicit
1563 2419 1685 2457 vivere
1711 2423 1813 2458 volu-

1059 2460 1179 2508 ptuose
1206 2471 1386 2510 tamquam
1413 2464 1539 2505 bestia.
1568 2468 1675 2507 Unde
1699 2471 1811 2508 dicit:

1109 2513 1141 2544 Ε
1155 2515 1256 2545 creder
1268 2516 1323 2547 dee
1337 2515 1457 2559 ciascun
1469 2541 1480 2557 ‚
1500 2519 1552 2553 che
1560 2521 1621 2568 gia?
1631 2532 1690 2567 per
1702 2536 1777 2559 arra

1107 2563 1156 2596 Di
1182 2576 1237 2604 que
1252 2577 1282 2596 zo
1291 2585 1561 2603 -------

1658 2619 1763 2665 idest,
