2216 3105
191 212 209 239 Ι
252 213 267 240 Ῐ

129 281 153 299 ,,
181 214 244 291 it?
268 267 373 292 vero,
410 260 449 288 ut
470 264 547 291 ,nec
581 252 780 290 teloneum,
817 265 880 287 nec

128 333 154 350 „
182 313 358 340 curaturae
385 302 529 338 nomine
556 301 663 337 alicui
691 301 880 349 quicquam

129 381 153 399 ‚,
181 354 387 389 exhibeant.
415 352 640 400 Quicumque
660 362 776 387 autern
798 365 882 387 con-

128 431 152 449 „
179 412 231 439 tra
258 403 436 452 Praecepti
463 403 566 438 nostri
596 402 756 451 paginam
782 403 882 449 quic-

128 480 152 498 „
180 466 282 500 quam
312 454 361 489 eis
389 453 519 490 auferre
546 453 578 488 se
606 453 737 488 telonei
766 452 882 487 norni-

129 530 153 548 „
182 517 223 539 ne
245 504 525 553 praesumpserit,
547 504 602 539 vel
631 503 801 538 molestias
828 503 883 538 in-

130 581 154 598 „
183 554 269 590 ferre
304 554 555 603 temptaverit,
592 553 629 590 &
666 553 743 590 suae
773 555 884 589 malae
911 564 913 570 ’

131 631 155 649 „
184 605 378 641 voluntatis
400 618 545 653 poenam
571 605 746 649 incurrat,
768 603 806 640 ὃ(
829 603 884 639 in-

131 681 156 699 „
184 654 281 701 super
304 659 419 691 Curiae
445 656 563 698 nostrae
590 665 730 691 centum
759 655 885 691 Libras

132 731 156 749 ‚‚
185 715 392 754 componat.
429 706 485 741 Ut
521 715 636 741 autem
674 706 740 740 hoc
771 706 885 740 verius

131 781 157 800 ‚,
184 756 362 802 credatur,
383 755 420 793 &
441 756 575 793 firmius
592 756 769 796 credatur,
790 769 887 805 prae-

494 190 859 236 DISSERTATIO
890 189 1368 234 DECIMASEPTIMA
1381 220 1391 231 .

925 252 958 285 A

1618 206 1633 232 1
1675 206 1694 233 2

1001 276 1024 293 ‚,
1053 247 1183 284 sentem
1222 248 1383 297 paginam
1413 247 1517 295 sigilli
1547 207 1670 286 nostri4
1688 249 1755 285 im-

970 299 972 322 2'
1002 326 1025 343 „
1054 298 1221 348 preffione
1249 298 1412 347 signando
1440 297 1638 335 firmamus.

1179 373 1320 421 Reliqua
1345 373 1562 415 desiderantur
1571 401 1580 410 .

1054 449 1162 485 Vides
1187 450 1265 486 heic
1286 463 1348 497 pro
1369 453 1517 485 Camerae
1540 450 1659 492 nostrae
1678 449 1760 486 scri*—

1003 508 1100 549 ptum
1125 501 1241 535 Curiae
1265 500 1414 536 nostrae.
1444 501 1572 536 Eadem
1599 500 1676 536 sane
1697 514 1760 536 vo-

1003 551 1052 586 cis
1083 550 1311 599 fignificatiO.
1351 554 1405 587 Ne
1442 560 1560 587 tamen
1598 551 1761 591 dubites,

970 623 972 641 2
1004 603 1146 637 alteram
1176 602 1326 651 ejusdem
1355 601 1563 638 Comitifsae
1587 601 1761 638 Chartam

972 681 973 685 ,
1004 651 1179 699 subjicio,
1209 666 1313 701 quam
1343 666 1361 689 e
1388 652 1522 698 Codice
1550 655 1656 688 MSro
1686 652 1761 688 Pri—

1004 703 1216 751 vilegiorum
1240 703 1535 752 Congregationis
1564 703 1762 739 Monacho·

968 759 972 778 ι’
1005 766 1081 788 rum
1111 754 1226 790 Vallis
1255 754 1453 790 Umbrosae
1480 754 1660 803 descripsi.

250 873 460 916 Mathildis
492 873 720 916 Comitiffae
752 875 789 914 &
821 869 997 913 Duciffae
1031 873 1280 927 Praeceptum
1313 871 1576 914 immunitatis
1608 874 1646 914 &

384 933 634 990 protefflonis
665 931 878 975 concessum
916 929 1161 971 Monasteriis
1194 930 1519 986 Congregationis

585 991 726 1033 Vallis·
733 988 1005 1040 umbrosanae,
1035 991 1156 1030 Anno
1192 1005 1314 1032 1100.

625 1106 663 1143 ἃ,
691 1106 896 1143 individuae

262 1156 481 1202 Trinitatis,
518 1161 626 1194 Anno
664 1158 704 1192 ab
734 1159 896 1192 Incarna-

140 1238 164 1256 „
191 1207 290 1243 tione
328 1208 475 1243 Domini
512 1207 705 1244 Millefimo
739 1206 896 1243 Centesi-

139 1287 164 1307 „
192 1269 279 1292 mo.
316 1260 392 1305 Ego
429 1258 582 1294 Matilda
620 1259 686 1293 Dei
724 1258 835 1306 gratia
873 1256 896 1291 fi

141 1338 166 1356 „
193 1307 276 1354 quid
306 1307 401 1349 sum,
430 1321 496 1343 una
524 1321 601 1344 curn
632 1310 765 1341 Widone
791 1308 896 1341 Comi—

141 1389 165 1406 „
193 1368 248 1399 te,
287 1357 323 1393 ὃς
361 1358 433 1406 ejus
469 1357 546 1393 filio
576 1358 728 1393 VVidone
764 1360 896 1392 Guerra

194 1419 343 1452 vocato,
372 1408 587 1456 compatiens
617 1407 794 1443 laboriosis
823 1408 897 1442 san-

158 1458 327 1506 ,Rarum
356 1458 584 1494 Ecclesiarum
617 1458 794 1506 negotiis,
833 1457 898 1492 ali-

142 1538 167 1556 „
195 1522 278 1557 quas
304 1523 321 1543 a
347 1510 429 1558 jugo
457 1508 663 1545 secularium
693 1508 897 1557 potestatum

158 1568 336 1606 ,propter
374 1559 463 1595 inibi
502 1559 783 1595 conversantium
825 1557 898 1593 san-

159 1610 331 1657 ,Pcorum
370 1610 527 1645 virorum
560 1610 774 1645 venerabiles
802 1611 900 1645 Con-

145 1689 169 1707 „
198 1661 416 1722 gregationes
432 1661 579 1696 liberare
601 1661 817 1706 summopere
834 1659 900 1694 stu-

198 1710 283 1745 dui:
323 1710 467 1757 dignum
498 1711 626 1757 quippe
664 1710 707 1744 est
737 1710 827 1745 circa
861 1724 900 1745 u-

199 1758 351 1795 niversas
380 1759 444 1794 Dei
469 1759 635 1794 Ecclefias
663 1759 815 1795 summae
840 1773 899 1795 ve-

199 1809 390 1845 nerationis
415 1809 561 1845 studium
588 1810 629 1844 ab
650 1823 746 1845 omn·
738 1811 813 1845 'bus
840 1823 902 1845 ex-

163 1859 342 1907 l,1iberi‚
380 1859 433 1895 sed
471 1862 570 1895 tanto
606 1859 809 1908 singularius
847 1873 901 1895 eas

150 1939 174 1957 „
202 1909 423 1946 necessarium
461 1910 504 1945 est
538 1911 721 1951 venerari,
758 1911 795 1946 in
824 1911 903 1958 qui—

152 1989 175 2007 „
204 1962 265 1997 bus
307 1960 498 2009 Religiosas
541 1961 697 1997 virorum
745 1960 902 2010 personas

152 2039 176 2057 „
204 2010 443 2060 cognoscimus
494 2011 689 2047 conversari
715 2039 724 2056 ‚
770 2020 902 2059 quanto

153 2089 177 2107 „
205 2062 374 2096 credimus
401 2075 517 2097 eorum
556 2061 756 2097 orationum
788 2072 902 2109 patro-

153 2139 177 2156 „
206 2111 297 2147 cinia
334 2112 424 2159 poffe
460 2112 560 2147 nobis
599 2112 800 2159 singularius
838 2111 905 2146 suf-

153 2189 177 2206 „
206 2161 359 2209 fragari.
406 2161 512 2197 Unde
557 2162 687 2197 nostrae
729 2162 906 2210 potestatis

154 2239 177 2257 „
208 2210 409 2246 Provincias
437 2213 477 2247 ad
508 2212 572 2247 Dei
601 2213 767 2248 honorem
797 2226 906 2258 quan-

156 2289 179 2307 „
207 2271 282 2296 tum
313 2261 483 2308 possumus
513 2260 550 2297 &
578 2263 650 2309 ejus
678 2263 905 2298 Ecclefiarum
930 2239 1028 2357 ἱ

155 2338 179 2357 ,,
208 2311 454 2346 circumeundo
475 2312 706 2359 comperimus
728 2313 906 2348 venerabi-

155 2389 178 2407 „
208 2363 256 2396 les
277 2361 576 2409 Congregationes
596 2362 799 2399 Mon-asterii
822 2365 907 2397 Val-
933 2367 1043 2534 ξΞΞ

935 2535 939 2552 Ι

139 1136 164 1155 „
239 1109 274 1144 N
296 1106 438 1143 nomine
459 1108 604 1151 Sanfiie,

138 1189 163 1207 5>

142 1439 166 1456 Η

147 1739 171 1757 '5

148 1789 171 1807 ’7

147 1839 170 1856 '³

155 2440 179 2457 ,‚
207 2411 430 2448 lisumbmsae
464 2425 481 2447 a
510 2413 739 2460 quorumdam
776 2414 907 2448 nostro—

156 2489 180 2507 „
207 2476 282 2498 rum
312 2461 469 2497 fidelium
506 2462 727 2510 presuntione
755 2463 906 2498 nimium

155 2539 180 2559 ,‚
207 2513 333 2550 acriter
368 2513 565 2550 conculcari
594 2527 633 2549 ac
660 2512 812 2562 despici,
848 2526 906 2548 eo—

938 1106 977 1140 c·

1006 1131 1028 1147 .,
1056 1119 1201 1151 rumque
1223 1105 1461 1142 habitatorum
1484 1104 1692 1142 samffiffima
1711 1105 1764 1140 lo-

1007 1183 1030 1199 „
1058 1169 1096 1190 ca
1124 1156 1248 1191 nimiis
1277 1156 1479 1205 iniquorum
1510 1155 1765 1192 assiduitatibus

1007 1234 1029 1249 ‚,
1059 1206 1262 1241 conveniri:
1293 1220 1442 1254 quorum
1463 1207 1575 1242 vitam
1599 1206 1680 1253 quia
1702 1218 1764 1240 no—

1008 1284 1030 1300 „
1059 1257 1123 1291 stro
1152 1267 1308 1303 tempore
1346 1271 1404 1305 pre
1439 1258 1562 1293 ceteris
1590 1257 1765 1292 excellen—

1007 1335 1030 1351 ‚‚
1060 1308 1128 1342 tius
1167 1307 1297 1355 fulgere
1325 1308 1556 1356 cognovimus
1578 1332 1589 1346 ,
1627 1319 1765 1341 eorum—

1008 1385 1031 1401 „
1059 1371 1126 1404 que
1154 1358 1364 1392 laudabilem
1404 1357 1600 1393 sanE'titatis
1637 1356 1764 1392 famam

1008 1435 1032 1452 „
1060 1407 1189 1454 ubique
1211 1408 1364 1443 redolere
1386 1421 1455 1443 non
1474 1407 1569 1443 surda
1590 1420 1669 1443 aure
1691 1421 1764 1455 per-

1009 1485 1032 1504 „
1061 1457 1242 1493 sensimus:
1280 1458 1422 1505 aliquod
1451 1458 1523 1501 eis,
1561 1468 1599 1493 ut
1626 1458 1765 1502 decuit,

1064 1508 1173 1543 nostre
1205 1508 1470 1543 benevolentiae
1507 1508 1666 1557 signum,
1704 1521 1765 1543 no—

1062 1560 1192 1606 streque
1221 1558 1422 1594 devotionis
1456 1559 1660 1593 memoriale
1692 1572 1767 1605 per-

1065 1622 1207 1658 petuum
1229 1609 1269 1644 ad
1291 1609 1406 1644 anime
1426 1609 1535 1644 nostre
1564 1609 1766 1657 proveffium

1065 1660 1264 1707 impendere
1301 1659 1444 1708 dignum
1482 1661 1514 1694 δε
1543 1659 1766 1694 necessarium

1065 1711 1228 1746 duximus
1247 1738 1255 1745 .
1293 1713 1516 1758 Quapropter
1545 1709 1691 1758 predi5³ti
1720 1709 1768 1745 se—

1067 1761 1144 1809 pius
1179 1760 1422 1796 memorabiles
1461 1760 1529 1795 viri
1567 1760 1604 1796 in
1641 1759 1769 1795 Tuscie

1016 1837 1039 1854 „
1068 1811 1222 1859 partibus
1260 1810 1368 1847 nostre
1404 1810 1589 1858 dignitatis
1618 1811 1769 1845 clemen-

1016 1888 1040 1904 „
1068 1862 1155 1897 tiam
1185 1875 1245 1908 pro
1285 1860 1436 1907 superius
1473 1862 1584 1896 relato
1620 1860 1768 1909 negocio

1068 1913 1225 1958 precibus
1247 1911 1409 1946 adeuntes
1435 1911 1648 1959 postularunt
1669 1925 1686 1947 a
1707 1924 1770 1946 no—

1070 1962 1122 1997 bis
1150 1962 1247 2008 super
1274 1961 1336 1996 hac
1365 1975 1399 1996 re
1427 1961 1659 1997 institutionis
1688 1961 1768 1996 scri-

1070 2022 1166 2059 ptum
1206 2011 1282 2047 fieri
1318 2011 1429 2047 nostra
1456 2011 1666 2047 ευέὶοτὶῐειτε
1704 2010 1771 2046 suf-

1018 2088 1041 2107 ‚,
1069 2062 1227 2102 fultum,
1269 2063 1530 2110 multorumque
1572 2061 1772 2097 testimonio

1018 2140 1041 2157 ,‚
1070 2113 1334 2160 comprobatum
1359 2139 1367 2147 .
1408 2115 1526 2158 Quare
1563 2125 1680 2147 eorum
1719 2111 1773 2146 di-

1019 2190 1041 2206 „
1070 2163 1146 2211 gnis
1177 2163 1406 2211 petitionibus
1436 2176 1501 2197 una
1531 2176 1607 2197 cum
1631 2161 1772 2197 consen-

1019 2241 1042 2257 „
1071 2214 1105 2248 su
1134 2214 1167 2248 8(
1196 2223 1282 2248 voto
1320 2213 1554 2258 medietorum
1583 2212 1771 2248 Comitum

1020 2291 1042 2307 ,‚
1072 2274 1283 2301 annuentes,
1312 2263 1393 2298 dum
1423 2264 1460 2298 in
1482 2264 1688 2298 Florentino
1711 2264 1774 2297 Pa-

1034 2314 1158 2357 ,latio
1198 2313 1401 2359 presidentes
1440 2327 1517 2348 cum
1548 2313 1669 2348 nostris
1700 2313 1773 2347 Mi-

1010 1536 1034 1553 ’ἱ

1012 1587 1035 1604 Π

1013 1637 1036 1654 ‘9

1013 1688 1036 1704 39

1014 1737 1037 1754 θ’

1015 1787 1038 1804 5,

1017 1937 1039 1955 ’5

1016 1988 1040 2006 θ’

1017 2039 1041 2057 ἲ)

1033 2365 1195 2408 ,litibus
1224 2363 1260 2399 ἃ
1290 2364 1368 2398 aliis
1398 2364 1576 2398 Fidelibus
1597 2364 1637 2398 de
1658 2363 1690 2397 di
1682 2376 1773 2397 ver-

1034 2414 1111 2457 ,ss
1137 2415 1170 2449 &
1200 2413 1398 2461 hujusmodi
1427 2424 1531 2461 negot
1536 2414 1580 2448 iis
1609 2413 1771 2447 trafflare-

1072 2478 1169 2506 mus,
1206 2464 1297 2511 quod
1335 2463 1416 2512 juste
1444 2463 1680 2510 postulabant,
1718 2462 1772 2496 in-

1020 2541 1044 2558 ,‚
1034 2492 1275 2550 tundanter
1294 2512 1370 2550 fieri
1397 2513 1572 2563 juffimus.
1597 2515 1772 2559 Rogamus

1608 2588 1632 2606 „
1660 2562 1727 2596 lia-
