2216 3105
408 198 487 251 187

716 200 1119 262 ANTIQUJT.
1165 206 1392 249 MEDII
1430 207 1602 250 AEVI

1825 214 1902 256 188

344 252 487 290 deerant
524 253 618 292 hisce
655 257 970 299 Univerfitatibus:
1011 278 1099 312 quo-
1135 267 1182 305 A}
1207 277 1264 301 aut
1303 266 1508 301 includuntur
1553 267 1710 304 moenibus
1749 268 1960 309 Civitatum‚

345 317 422 339 rum
459 306 590 342 reditus
631 309 812 356 praecipue
851 312 1098 362 impendeban-

346 363 404 390 tur
442 356 479 391 in
520 358 730 403 moenibus,
773 364 960 409 pontibus,
1002 367 1097 411 viiS,

346 406 520 447 turribus,
557 409 730 452 thermis,
767 412 936 459 theatris,
973 430 1097 464 aquae-

345 455 528 502 dur'stibus,
553 460 698 495 Palatiis
720 461 914 510 Principis,
935 476 995 502 aut
1016 467 1098 503 Rei-

346 508 531 554 publicae,
573 510 757 555 Templis,
794 513 941 561 aliisque
977 517 1097 553 aedifi-

345 557 409 592 ciis
437 572 475 594 ac
502 561 717 596 ornamentis
747 563 852 598 Urbis
875 566 910 600 &
937 567 1011 614 agri
1039 577 1097 604 aut

343 608 560 654 excitandis,
589 619 649 645 aut
677 611 920 651 restaurandis.
947 618 1016 652 Sub
1043 618 1097 664 ip-

343 657 382 693 s1s
411 672 548 707 quoque
576 659 786 699 Christianis
813 666 977 714 Augustis
1006 668 1096 713 poli-

344 709 393 743 tia
421 709 481 744 ista
510 710 647 759 viguit,
675 726 886 762 quamquam
919 717 1095 755 interdum

342 758 478 806 aliquid
506 760 544 796 in
572 775 610 797 ea
631 762 675 798 est
702 763 950 804 immutatum.
977 771 1096 805 Habe—

342 822 417 845 mus
446 810 528 847 Lib.
560 824 616 849 10.
645 813 722 850 Tit.
750 829 783 863 3.
803 818 950 855 Codicis
976 819 1097 856 Theo-

342 859 470 896 dofiani
500 863 632 911 Legem
662 865 837 912 primam,
874 869 990 905 datam
1018 873 1096 906 An-

341 923 387 946 no
415 913 631 950 CCCLXII.
659 915 697 951 in
724 930 791 964 qua
828 919 987 962 Julianus
1023 923 1094 956 Im-

342 971 480 1007 perator
505 962 690 1010 poffiffiones
725 967 869 1014 publicas
894 971 1097 1006 Civitatibus

341 1012 438 1059 jubet
458 1013 597 1055 restitui.
626 1017 689 1052 Sed
710 1019 742 1052 &
764 1020 977 1056 Ammianus
998 1023 1096 1056 Mar-

341 1063 489 1100 cellinus
506 1065 585 1101 Lib.
604 1077 660 1111 25.
677 1069 764 1112 Cap.
779 1084 814 1114 4.
830 1070 959 1106 Histor.
977 1070 1097 1107 scribit

340 1114 383 1148 ab
404 1115 524 1150 eodem
544 1117 684 1159 Juliano
706 1119 881 1166 VeHigalia
898 1122 1099 1157 Civitatibus

340 1164 485 1205 restituta
515 1179 582 1201 cum
611 1167 752 1210 fundis:
787 1183 875 1217 quae
903 1171 1005 1207 verba
1041 1172 1098 1208 in-

340 1214 462 1249 dicant
488 1215 595 1251 etiam
631 1218 784 1261 portoria
801 1247 811 1263 ‚
842 1220 997 1269 aliosque
1024 1224 1097 1271 eju-

342 1264 455 1300 smodi
482 1266 639 1311 reditus,
676 1269 890 1307 conceffione
928 1273 1100 1321 Principis

344 1315 511 1364 affignata
538 1316 636 1353 fuiffe
664 1319 885 1357 Civitatibus
912 1323 953 1358 ad
983 1324 1099 1371 publi-

344 1379 464 1402 corum
492 1380 636 1415 operum
665 1370 964 1408 restaurationem.
1002 1374 1096 1410 Idem

343 1429 483 1464 quoque
505 1417 586 1453 teste
607 1421 816 1468 Lampridio
837 1422 1023 1459 indulserat
1040 1427 1098 1461 Se-

344 1480 446 1503 verus
474 1469 677 1505 Alexander
705 1472 898 1520 Augustus.
935 1474 1028 1510 Vide
1063 1489 1098 1511 e—

343 1517 431 1553 tiam
464 1519 711 1566 Capitolinum
750 1522 786 1557 in
814 1524 1019 1560 Gordiano.
1058 1527 1097 1560 In

345 1569 466 1604 eodem
489 1569 622 1604 Codice
642 1571 907 1617 Theodofiano‚
928 1575 1002 1610 eod.
1020 1576 1097 1611 Tit.

344 1620 441 1665 Lege
478 1631 510 1654 2.
538 1620 808 1658 Valentinianus
840 1627 946 1661 Anno
982 1627 1099 1662 CCC—

344 1670 496 1704 LXXII.
535 1670 720 1706 Curialibus
755 1674 896 1710 omnibus
932 1678 1100 1711 conducen-

344 1720 452 1753 dorum
488 1719 695 1766 Reipublicae
730 1725 927 1769 praediorum
961 1741 997 1762 ac
1029 1727 1099 1771 sal-

346 1779 434 1803 tuum
477 1770 596 1805 inhibet
630 1773 840 1816 facultatem.
886 1778 937 1812 Ita
977 1777 1099 1812 eodem

347 1821 425 1854 Tit.
464 1821 558 1869 Lege
588 1832 619 1867 5.
648 1825 820 1860 Arcadius
847 1827 880 1861 8<
918 1827 1100 1862 Honorius

348 1870 495 1918 Augusti
525 1874 634 1908 Anno
661 1876 803 1911 CCCC.
830 1876 1039 1922 decernunt,
1066 1887 1103 1911 ut

347 1921 512 1965 aedificia,
539 1925 641 1963 horti,
668 1935 760 1971 atque
778 1939 866 1961 areae
891 1930 1016 1962 aedium
1038 1938 1100 1974 pu—

346 1970 520 2017 blicarum,
547 1974 590 2007 (9⁹
616 1988 652 2009 ea
678 1976 885 2023 Reipublicae
911 1980 996 2018 loca,
1023 1991 1101 2026 quae

1127 1799 1133 1957 ἱ

1129 1968 1134 2014 Ι

1208 327 1265 352 aut
1287 317 1451 363 pomoeriis
1471 317 1549 362 sunt
1576 332 1731 359 connexa,
1769 319 1873 356 semel
1901 321 1962 355 uni

1204 366 1364 416 legitime
1405 369 1520 403 locata
1545 395 1556 412 ‚
1597 368 1638 404 ad
1680 371 1768 405 alios
1809 370 1958 406 minime

1206 417 1473 453 transferantur.
1512 418 1585 454 Adi
1622 420 1655 453 δε
1693 420 1775 456 Lib.
1816 432 1873 466 15.
1900 421 1959 456 tit.

1204 468 1232 505 Ι.
1261 470 1392 516 Legem
1420 471 1475 505 18.
1501 469 1650 518 ejusdem
1672 467 1820 506 Codicis
1840 470 1960 507 Theo-

1205 518 1355 557 dofiani,
1383 519 1442 554 ubi
1473 519 1513 554 de
1540 520 1702 568 operibus
1730 520 1880 569 publicis
1908 534 1959 556 re·

1207 567 1365 604 ficiendis
1393 578 1453 604 aut
1490 570 1697 606 inchoandis
1735 570 1872 618 agitur,
1909 580 1961 606 at-

1205 632 1271 666 que
1299 618 1340 654 ad
1369 618 1404 655 id
1432 619 1656 655 solicitantur
1684 620 1848 656 Reeiores
1878 623 1959 656 Pro-

1205 668 1421 706 vinciarum.
1450 674 1545 716 ,Quod
1563 670 1596 712 si
1622 671 1780 706 Civitatis
1805 671 1873 716 ejus
1892 676 1958 706 Re-

1134 723 1160 756 B
1199 719 1345 766 spublica
1371 730 1496 755 tantum
1523 722 1557 754 in
1584 721 1679 756 tertia
1701 721 1858 768 pensionis
1885 733 1959 768 par-

1207 779 1235 804 te
1263 783 1322 804 non
1350 771 1463 806 haheat
1479 795 1489 809 ‚
1527 781 1679 818 quantum
1704 782 1823 818 coeptae
1853 771 1963 815 sabri-

1206 833 1256 854 cae
1288 821 1392 868 poscat
1419 821 1632 868 impendium,
1669 835 1705 856 ex
1738 823 1876 858 aliarum
1903 821 1958 856 Ci-

1205 870 1344 905 vitatum
1371 872 1579 918 Reipublicae
1605 885 1718 906 canone
1741 872 1962 918 praesumant.

1208 920 1342 956 Pariter
1367 921 1488 956 eodem
1516 921 1593 957 Tit.
1620 923 1716 970 Lege
1742 934 1801 968 32.
1826 934 1960 956 memo-

1205 979 1326 1005 rantur
1351 971 1468 1005 reditus
1488 971 1660 1014 fundorum
1681 971 1767 1016 juris
1790 972 1961 1018 Reipubli-

1205 1033 1275 1054 cae.
1303 1022 1390 1055 Sunt
1416 1021 1451 1055 δε
1479 1020 1568 1056 aliae
1595 1023 1707 1068 Leges
1733 1021 1786 1056 ibi
1803 1047 1814 1064 ‚
1845 1021 1899 1056 uti
1926 1022 1961 1056 δε

1207 1069 1242 1104 in
1280 1069 1414 1105 Codice
1449 1069 1685 1114 justinianeo,
1722 1069 1835 1105 immo
1861 1071 1896 1105 &
1924 1070 1962 1106 in

1210 1119 1391 1156 Pandee‘tis
1431 1120 1513 1156 Lib.
1553 1131 1609 1166 50.
1651 1119 1729 1157 Tit.
1769 1123 1803 1157 8.
1840 1120 1885 1156 est
1923 1122 1962 1155 de

1206 1171 1476 1213 administratione
1502 1184 1601 1205 rerum
1627 1172 1671 1206 ad
1697 1171 1857 1206 Civitates
1888 1181 1960 1218 per-

1206 1221 1398 1257 tinentium.
1442 1223 1482 1256 In
1523 1221 1611 1257 hanc
1648 1234 1720 1257 rem
1757 1220 1961 1257 consulendi

1208 1271 1370 1318 Sigonius
1388 1296 1396 1309 .
1433 1271 1692 1314 Gothofredus,
1729 1280 1832 1319 atque
1860 1280 1899 1307 ut
1927 1285 1961 1306 a-

1208 1322 1275 1357 lios
1303 1331 1540 1371 praeteream,
1567 1323 1624 1357 Cl.
1653 1321 1720 1357 Vir
1747 1321 1961 1369 Augustinus

1205 1373 1418 1420 Campianus
1443 1374 1580 1420 Legum
1609 1373 1780 1420 Interpres
1808 1372 1844 1407 in
1860 1373 1962 1407 'Tau-

1206 1422 1329 1458 rinenfi
1366 1422 1581 1468 Gymnasio,
1618 1421 1679 1469 qui
1708 1421 1893 1458 novissime
1920 1422 1961 1458 de

1208 1476 1443 1508 Romanorum
1486 1472 1748 1521 Magistratibus
1784 1472 1961 1508 eruditum

1206 1526 1302 1571 Opus
1329 1523 1459 1559 edidit.
1497 1522 1644 1571 Egregie
1672 1535 1811 1570 quoque
1837 1522 1879 1558 de
1906 1522 1960 1557 hi-

1206 1574 1257 1609 sce
1284 1586 1391 1622 nuper
1418 1573 1599 1609 differebat
1627 1572 1769 1608 Clariss.
1796 1572 1960 1608 Marchio

1206 1623 1323 1672 Scipio
1349 1623 1514 1672 Maffejus
1551 1624 1588 1659 in
1617 1626 1776 1659 Veronae
1812 1622 1960 1658 illustra-

1206 1683 1261 1710 tae
1297 1674 1440 1710 Libris.
1487 1676 1563 1720 Ego
1600 1674 1771 1708 duntaxat
1807 1686 1960 1708 cemme-

1207 1725 1349 1759 morabo
1372 1723 1641 1771 Inscriptionem
1666 1736 1684 1758 a
1709 1725 1860 1758 Grutero
1881 1736 1960 1771 pro-

1206 1775 1345 1809 duetam
1382 1787 1457 1822 pag.
1499 1776 1578 1820 164.
1615 1786 1711 1808 num.
1753 1784 1783 1808 1.
1821 1772 1857 1807 in
1895 1786 1962 1820 qua

1210 1827 1395 1860 Decretum
1433 1823 1619 1860 exhibetur
1651 1822 1847 1870 Vespasiani
1885 1825 1964 1858 Au-

1207 1875 1317 1923 gusti.
1345 1874 1568 1910 concedentis
1591 1873 1754 1922 Vee‘tigal
1782 1875 1961 1918 Quatuor*

1208 1925 1294 1961 viris
1321 1926 1354 1961 δε
1383 1924 1641 1960 Decurionibus
1678 1923 1870 1960 Saborenfis
1898 1923 1962 1959 Cin

1211 1975 1333 2011 vitatis
1360 1975 1397 2011 in
1425 1975 1508 2010 haec
1535 1975 1660 2012 verba.

747 2053 859 2089 CVM
886 2055 1078 2091 MVLTIS
1106 2050 1561 2088 DIFFICULTATIBV'S

580 2101 872 2139 CIVITATEM
899 2105 1138 2141 VESTRAM
1169 2105 1264 2138 IAM
1294 2104 1445 2137 PREMI
1476 2102 1729 2137 INDICETIS

814 2157 1078 2191 PERM1TT0
1106 2155 1245 2188 VOBIS
1272 2154 1501 2187 OPPIDVM

925 2207 1013 2241 SVB
1042 2205 1244 2242 NOMINE
1272 2204 1381 2237 MEO

672 2255 741 2288 VT
770 2257 951 2291 VOLTlS
979 2258 1031 2291 IN
1061 2255 1344 2291 PLANICIEM
1373 2254 1638 2288 EXTRVERE

716 2307 1032 2342 VECTIGALIA
1060 2306 1199 2355 QVAE
1227 2306 1261 2339 A
1292 2305 1334 2338 D.
1364 2305 1601 2339 AVGVSTO

706 2356 965 2392 ACCEPISSE
994 2356 1202 2393 DICITVR
1222 2382 1231 2398 ,
1259 2355 1511 2390 CVSTODIO
1538 2356 1603 2389 &c.

343 2426 470 2462 Gothis
498 2428 601 2463 Italia
628 2429 752 2474 potitis
773 2430 864 2466 nihil
893 2430 999 2467 ferme
1027 2431 1094 2466 im-

342 2487 514 2513 mutatum
542 2479 586 2514 est
613 2479 654 2514 de
692 2480 841 2527 pristinis
871 2483 1030 2518 moribus
1058 2482 1093 2517 in

344 2528 461 2564 italici
483 2530 608 2578 Populi
631 2531 820 2580 regimine.
848 2531 975 2581 Magni
997 2545 1093 2569 nem-

1211 2443 1251 2478 pe
1279 2429 1389 2465 animi
1418 2438 1521 2477 atque
1558 2427 1692 2477 ingenii
1720 2427 1775 2462 vir
1802 2423 1964 2460 Theodea-

1214 2481 1303 2516 ricus
1334 2483 1429 2522 Rex,
1457 2481 1494 2515 in
1523 2493 1613 2515 nova
1643 2481 1753 2513 Roma
1778 2475 1966 2531 educatus,

1215 2531 1349 2579 optime
1389 2529 1589 2579 perspexit,
1630 2527 1721 2564 nihil
1765 2525 1966 2573 prudentius

1880 2587 1919 2610 ac
