2216 3105
419 215 518 266 543,

356 270 622 306 magnanimus,
662 260 781 297 audita
808 265 930 300 natura
956 264 1113 301 mirabili

355 307 450 344 istius
478 309 654 355 hominis,
682 313 793 349 relatu
815 312 852 350 ὃ(
873 325 996 364 rogatu
1018 328 1113 364 prae-

356 356 420 394 fati
461 361 609 396 Abbatis
645 363 884 401 Cluniacenlis
921 365 1016 402 mifit
1052 380 1113 414 pro

355 422 418 449 eo,
454 411 488 445 &
526 411 680 458 petivit,
721 427 826 462 quare
867 426 940 452 tam
981 417 1112 452 nobilis

354 459 491 497 animus
518 461 562 497 fic
590 462 622 498 se
649 463 889 502 inhonestabat
916 476 989 504 arte
1016 481 1112 513 prae-

353 509 484 547 dandi.
526 513 600 558 Qui
628 514 766 550 Ghinus
794 516 973 564 respondit
994 520 1112 566 *Papae

352 561 563 607 Bonifacio,
590 565 683 611 quod
711 567 894 602 exercebat
920 578 1030 603 artem
1058 581 1112 603 ra-

352 611 478 660 pinae,
529 622 567 648 ut
605 614 713 654 nofl'et
749 616 802 653 uti
853 617 987 653 virtute
1023 618 1111 654 libe-

353 661 525 698 ralitatis.
576 665 681 699 Tunc
722 666 925 702 Bonifacius
967 668 1111 712 videns,

353 713 446 758 quod
474 712 561 748 istud
587 724 661 749 erat
681 714 810 750 vitium
832 715 1014 759 fortunae,
1041 732 1111 753 non

353 762 492 805 animi,
517 762 625 799 ‘fecit
664 778 744 800 eum
788 765 951 802 Militem
993 768 1110 804 Sanffi

351 812 540 855 johannis,
567 812 607 849 ὃ(
634 814 731 850 dedit
757 816 790 852 ei
819 830 982 866 magnum
1009 819 1112 854 bene-

354 862 499 908 ficium,
535 878 605 912 quo
648 866 759 914 poffet
797 866 908 904 facere
949 868 1112 918 magnifi-

352 913 505 950 centias.
548 917 660 951 Semel
697 927 812 952 autem
850 918 937 954 stans
964 919 1006 955 ad
1033 919 1111 955 Afi-

351 977 431 999 nam
462 967 622 1014 Longam
650 966 688 1002 in
715 967 905 1005 Comitatu
946 972 1109 1006 Senarum

352 1014 527 1060 inermis,
567 1016 706 1053 invasus
743 1032 761 1054 a
790 1020 913 1055 multis
940 1020 1082 1056 armatis
1101 1048 1110 1063 ‚

353 1067 511 1113 probiter
538 1080 692 1115 pugnans
720 1068 925 1105 interfeRus
951 1070 1015 1106 est.
1057 1074 1110 1106 De

350 1129 422 1163 quo
449 1116 570 1159 audivi
591 1118 679 1154 illud
702 1119 885 1163 mirabile,
912 1121 1006 1169 quod
1027 1120 1111 1157 scri-

353 1177 451 1214 ptum
481 1167 526 1203 est
552 1168 594 1204 de
620 1167 795 1213 Caesare,
824 1170 980 1211 scilicet,
1017 1172 1110 1220 quod

351 1230 473 1253 omnes
501 1220 708 1266 percussores
735 1221 809 1269 ejus
835 1221 872 1256 in
911 1223 1008 1258 brevi
1037 1236 1111 1257 ma-

351 1268 384 1303 la
413 1278 526 1304 morte
553 1270 743 1307 obierunt.
785 1271 869 1308 Ideo
897 1271 987 1309 forte
1015 1275 1109 1308 Dan-

352 1328 404 1354 tes
445 1319 608 1356 nominat
648 1335 727 1358 eum
769 1322 870 1367 heic,
920 1334 960 1359 ut
1003 1333 1110 1372 ponat

352 1382 430 1404 eum
461 1369 615 1407 salvum.
658 1374 710 1408 De
751 1372 896 1409 homi-ne
921 1374 984 1409 isto
1013 1376 1109 1422 plura

351 1433 421 1455 non
449 1420 529 1456 dico
548 1448 558 1463 ,
601 1422 643 1458 de
682 1436 753 1470 quo
781 1424 889 1467 poffet
917 1424 994 1460 fieri
1021 1427 1110 1460 Tra-

352 1470 495 1519 goedia.
547 1472 683 1509 Deinde
726 1475 831 1509 Poeta
868 1475 966 1509 addit
1001 1475 1108 1510 aliurn

352 1521 544 1557 Aretinum
563 1549 573 1559 .
615 1524 663 1558 Et
703 1523 745 1558 ad
787 1523 986 1567 sciendum,
1032 1525 1110 1572 quis

352 1571 461 1607 fuerit
487 1572 546 1608 iste
573 1572 837 1617 innominatus,
875 1574 976 1609 debes
1004 1574 1110 1614 scire,

353 1622 446 1669 quod
483 1621 520 1657 in
558 1623 719 1658 Civitate
761 1623 879 1659 Aretii
907 1638 948 1660 ex
978 1625 1110 1660 nobili·

355 1672 416 1707 bus
443 1671 485 1706 de
515 1673 734 1709 Petra—Niala
772 1674 841 1710 fuit
867 1688 954 1710 unus
983 1676 1109 1710 Domi-

353 1735 417 1757 nus
454 1724 620 1758 Tarlatus
657 1724 847 1771 antiquus,
889 1725 949 1771 qui
986 1725 1110 1773 genuit

355 1773 532 1821 Angelum
556 1773 851 1821 primogenitum.
879 1777 931 1810 Ex
959 1789 1027 1822 quo
1050 1789 1109 1810 na-

356 1832 409 1857 tus
447 1822 491 1857 est
531 1823 650 1858 Guido
691 1824 881 1872 Episcopus
919 1826 1110 1864 Aretinus,

357 1871 507 1907 famosus
545 1874 719 1909 Dominus
757 1874 903 1919 Aretii,
946 1876 1002 1911 vir
1038 1889 1111 1910 rna-

355 1922 540 1971 gnanimus
577 1922 614 1959 ὅ(
644 1924 875 1973 magnificus,
918 1925 1009 1961 nihil
1051 1926 1111 1961 ha-

358 1975 438 2009 bens
481 1973 682 2011 Clericale.
732 1975 806 2022 Qui
858 1976 1022 2012 Aretium
1053 1990 1111 2024 pa-

358 2023 462 2059 triam
506 2024 599 2060 suam
647 2027 782 2074 magnis
837 2026 1028 2062 honoribus
1073 2025 1111 2062 &

359 2075 480 2111 multis
508 2077 703 2115 commodis
731 2076 935 2113 decoravit,
976 2080 1031 2112 Ex
1058 2078 1112 2113 di-

357 2124 414 2160 E’co
441 2128 590 2162 Tarlato
618 2136 717 2163 natus
746 2127 789 2162 est
817 2127 911 2164 filius
936 2128 1024 2164 alius
1049 2142 1112 2163 no-

359 2175 455 2212 mine
490 2177 615 2214 Zutius
662 2178 745 2225 (vel
770 2179 929 2226 Cionius)
973 2189 1112 2225 patruus

359 2227 447 2263 diffi
474 2227 664 2276 Episcopi,
708 2228 844 2276 juvenis
880 2229 1032 2265 strenuus
1060 2243 1122 2264 ιιι·-Ἴ

360 2290 522 2314 morum.
565 2280 664 2322 Hic,
701 2292 807 2326 quum
849 2280 988 2316 Tar-lati
1018 2293 1113 2328 gere-

358 2339 436 2364 rent
464 2330 594 2365 bellum
623 2344 701 2366 cum
745 2329 891 2365 Bostolis
922 2331 1112 2366 Nobilibus

357 2378 398 2413 de
439 2381 593 2420 Aretio,
629 2381 690 2429 qui
736 2381 854 2415 exules
897 2380 1114 2428 recipiebant

358 2427 391 2468 se
417 2429 454 2465 in
482 2430 659 2474 Castello,
700 2431 792 2478 quod
820 2430 951 2466 dicitur
981 2431 1111 2466 Rondi-

358 2491 402 2515 ne
428 2479 465 2514 in
497 2483 598 2517 Valle
625 2483 737 2520 Arni,
779 2481 956 2529 equitavit
991 2491 1113 2516 contra

358 2528 464 2579 illos;
503 2532 538 2567 ὃς
580 2545 689 2580 quum
725 2532 983 2582 persequeretur
1023 2545 1111 2580 quo-

723 202 1164 250 BENVENUTI
1204 206 1617 251 IMOLENSIS

1839 223 1927 266 544

1147 269 1196 303 Αι
1227 265 1341 306 sdam,
1360 303 1364 306 Δ
1382 281 1490 316 equus
1526 266 1732 303 fortissimus
1772 269 1983 315 transporta-

1226 316 1280 353 vit
1307 317 1420 366 ipsum
1453 318 1492 354 in
1528 320 1693 357 Arnum,
1735 318 1768 352 &
1798 317 1982 355 suffocatus

1225 367 1270 403 est
1297 367 1334 404 in
1362 369 1513 417 quodam
1542 369 1683 417 pelago·
1721 368 1831 415 Cujus
1859 381 1982 418 corpus

1226 417 1307 455 inde
1342 419 1539 455 extraRum
1577 419 1707 456 Bostoli
1749 419 1904 455 ludibrio
1931 420 1982 455 sa·-

1226 468 1362 517 gittaffe
1397 469 1581 506 dicuntur.
1628 473 1854 518 Quapropter
1889 484 1981 506 acer-

1227 520 1309 554 bum
1336 519 1458 556 odium
1496 531 1616 557 natum
1654 521 1698 556 est
1725 521 1818 556 inter
1844 530 1956 569 partes
1973 547 1981 555 .

1228 569 1328 605 Dicit
1355 584 1436 618 ergo
1465 571 1572 606 bene:

1276 623 1310 655 Ε
1335 619 1472 659 Ιάίενο,
1515 622 1566 654 che
1591 625 1732 669 annegb,
1772 625 1914 657 correndo
1949 622 1983 655 in

1327 683 1445 704 caccta.

1228 718 1335 762 Idest,
1372 718 1564 758 Aretinus‚
1605 719 1641 754 in
1681 719 1826 755 flumine
1863 721 1983 764 Arni,

1227 769 1310 805 dum
1347 768 1605 817 persequeretur
1645 769 1778 813 hostes,
1828 771 1885 805 vel
1925 770 1985 805 illi

1227 833 1305 855 eum
1323 846 1331 855 .
1778 837 1783 841 ·

1277 869 1384 916 Qui-vi
1408 880 1551 917 pregava
1575 891 1891 898 --------

1229 921 1320 955 Heic
1350 921 1454 955 Poeta
1483 921 1644 957 nominat
1671 922 1780 957 alium
1819 922 1980 969 juvenem

1227 970 1383 1006 nobilem
1403 997 1412 1013 ,
1439 971 1473 1005 δε
1502 971 1699 1007 strenuum.
1727 972 1814 1016 Iste,
1841 981 1881 1007 ut
1908 971 1982 1007 cito

1227 1021 1368 1060 dicam,
1410 1019 1480 1056 fuit
1507 1021 1601 1057 filius
1631 1021 1779 1057 Domini
1807 1021 1983 1057 Guidonis

1228 1070 1376 1107 Novelli
1415 1071 1457 1106 de
1502 1070 1710 1108 Comitibus
1759 1070 1984 1107 Guidonibus

1226 1122 1266 1158 de
1294 1121 1510 1165 casentino,
1547 1135 1650 1169 quem
1679 1121 1811 1158 occidit
1839 1121 1983 1169 quidam

1227 1173 1429 1220 Fumajolus
1449 1196 1459 1210 ‚
1514 1174 1570 1208 vel
1618 1173 1844 1209 Fornariolus
1888 1171 1984 1207 filius

1228 1223 1375 1259 Domini
1418 1222 1560 1259 Alberti
1596 1222 1638 1259 de
1675 1222 1822 1259 Bostolis
1849 1221 1983 1272 praedi-

1225 1273 1310 1310 &is.
1342 1272 1442 1309 Dicit
1469 1286 1577 1322 ergo:

1276 1343 1507 1351 ------
1532 1338 1584 1359 con
1610 1325 1641 1358 le
1669 1325 1759 1360 mani
1777 1325 1883 1368 sporte

1276 1374 1423 1409 Federico
1450 1375 1613 1416 Novello,
1609 1388 1831 1401 ------

1225 1425 1318 1460 inter
1354 1425 1443 1459 alios
1483 1433 1644 1472 rogantes
1684 1422 1841 1471 expanfis
1869 1421 1982 1459 mani-

1226 1476 1315 1517 bus,
1352 1483 1391 1509 ut
1427 1486 1583 1520 rogarem
1612 1486 1674 1517 pro
1714 1486 1780 1508 eo.
1826 1475 1872 1508 Et
1911 1486 1982 1508 non

1225 1524 1340 1560 credas
1358 1551 1367 1566 ‚
1416 1522 1509 1569 quod
1556 1522 1692 1558 Aufflor
1742 1522 1983 1559 nominaverit

1225 1575 1302 1610 heic
1330 1574 1430 1608 istum
1461 1572 1622 1618 juvenem
1651 1571 1712 1608 nifi
1755 1573 1859 1620 quia,
1897 1573 1982 1609 ficut

1225 1626 1258 1660 8<
1286 1625 1348 1659 ille
1376 1623 1417 1659 de
1446 1623 1547 1658 Petra
1574 1624 1695 1662 Mala,
1734 1621 1803 1659 fuit
1830 1624 1982 1659 multum

1227 1675 1372 1723 probus.

1276 1744 1504 1751 ------
1533 1725 1564 1757 Ε
1591 1723 1662 1769 quel
1688 1726 1732 1757 da
1757 1723 1857 1767 Pisa.

1227 1774 1363 1821 Tangit
1389 1772 1574 1821 quemdam
1603 1772 1710 1808 alium
1742 1772 1901 1821 spiritum
1926 1774 1988 1810 Pi-.

1228 1826 1367 1862 sanum,
1405 1836 1475 1858 non
1512 1832 1648 1862 tantum
1679 1833 1718 1858 ut
1754 1823 1859 1859 faciat
1887 1837 1984 1859 men-

1229 1876 1361 1911 tionem
1403 1873 1444 1908 de
1480 1886 1542 1911 eo,
1579 1883 1750 1920 quantum
1793 1883 1832 1908 ut
1876 1873 1984 1910 faciat

1228 1923 1568 1961 commendationem
1598 1924 1639 1958 de
1666 1932 1763 1967 patre
1805 1923 1896 1970 ejus.
1937 1926 1986 1960 Et

1228 1975 1304 2011 heic
1333 1975 1438 2017 volo,
1476 1982 1510 2011 te
1537 1982 1679 2010 notare,
1707 1973 1799 2020 quod
1837 1974 1984 2009 invem'o

1228 2023 1463 2061 communiter
1500 2024 1630 2058 multos
1667 2023 1844 2065 dicentes,
1890 2024 1983 2070 quod

1227 2076 1287 2112 iste
1314 2074 1383 2110 fuit
1410 2076 1498 2109 alter
1519 2073 1734 2112 fridericus,
1763 2087 1864 2121 quem
1888 2076 1986 2110 Mar-

1230 2126 1367 2162 eiuccus
1396 2134 1493 2172 pater
1521 2123 1670 2158 Domini
1697 2124 1865 2167 Johannis
1886 2127 1987 2160 Scor-⁴

1230 2175 1366 2225 nigiani
1393 2174 1546 2210 terribili
1574 2173 1648 2209 istu
1675 2173 1875 2218 interfecit,
1902 2175 1986 2221 quia

1230 2228 1292 2263 ille
1330 2225 1472 2262 Pisanus
1512 2224 1690 2260 occiderat
1731 2225 1845 2261 filium
1888 2226 1987 2273 ejus.

1230 2280 1307 2326 Ego
1334 2286 1448 2312 autem
1492 2274 1612 2310 audivi
1640 2289 1659 2310 a
1696 2275 1788 2311 bono
1817 2275 1985 2311 Boccatio

1230 2329 1272 2363 de
1297 2326 1489 2365 Certaldo‚
1531 2326 1587 2361 cui
1616 2327 1692 2373 plus
1733 2326 1856 2366 credo,
1892 2325 1985 2373 quod

1231 2378 1454 2414 Marciuccus
1491 2376 1560 2413 fuit
1599 2376 1740 2422 quidam
1784 2377 1894 2412 bonus
1931 2375 1987 2411 vir

1231 2430 1267 2465 in
1296 2429 1458 2466 Civitate
1486 2426 1664 2471 Pisarum,
1702 2428 1909 2463 Pratirellus
1944 2426 1987 2462 de

1230 2481 1363 2520 domo,
1403 2480 1499 2529 cujus
1535 2477 1613 2514 filio
1649 2479 1778 2514 Comes
1808 2476 1987 2525 Ugolinus

1196 2533 1417 2575 lTyrannus
1459 2530 1546 2566 fecit
1585 2529 1740 2565 truncari
1776 2537 1906 2575 caput,
1947 2523 1987 2559 δε

1847 2588 1946 2610 man-
