2216 3105
419 221 500 261 319
720 206 1160 251 BENVENUTI
1200 209 1608 253 IMOLENSIS
1775 233 1778 234 ν
1837 224 1917 265 320

407 267 508 298 Vinea
522 289 531 299 .
547 267 558 300 .’
573 269 582 301 ’.
599 289 607 300 .

456 328 583 351 nomen.

353 367 472 410 Quum
502 376 617 402 autem
647 367 728 402 esset
755 367 792 403 in
829 375 928 403 tanto
956 367 1110 404 culmine

352 416 584 456 constitutus,
611 416 795 453 infamiam
817 418 1028 466 proditionis
1054 420 1109 453 in-

350 466 479 502 currit.
523 467 604 502 Ideo
645 468 686 502 ab
727 467 941 516 Imperatore
980 469 1105 503 carceri

348 516 448 552 datus
486 530 524 552 ac
562 527 740 555 caecatus,
777 517 951 564 desperate
993 518 1103 553 vitam

343 565 487 602 finivit.
517 570 561 602 Et
589 567 671 614 quia
698 567 781 602 haec
808 567 953 603 infamia
981 567 1106 602 infide-

345 617 460 652 litatis
489 618 628 664 publica
656 616 749 660 fuit,
778 617 857 651 ideo
887 618 970 652 bene
1001 620 1103 652 Poeta

342 666 482 702 inducit
505 669 643 702 Petrum
658 693 667 710 ,
696 676 870 714 petentem
892 666 1018 702 famam
1042 668 1101 702 sibi

341 717 462 756 reddi,
499 716 535 752 &
575 716 706 763 rumpit
744 730 887 763 parvum
927 716 1101 752 ramus-:u-

340 766 438 805 lum,
480 777 518 802 ut
554 767 682 802 faceret
719 767 895 801 modicum
934 766 1097 802 damnum

339 816 479 855 arbori,
507 819 540 852 8<
570 826 686 852 tamen
715 830 792 852 cum
823 830 950 865 magno
978 817 1098 852 dolore

338 867 528 913 patientis,
551 868 640 903 unde
661 867 774 902 statim
798 867 898 914 ponit
913 867 1096 906 effeetum,

335 915 471 952 scilicet
508 919 684 964 querelam
726 917 821 952 istius
862 916 1002 965 spiritus
1039 919 1095 953 in—

336 966 416 1001 clusi
447 968 584 1003 dicens:

383 1020 417 1052 Ε
446 1017 470 1051 'l
506 1029 605 1053 tronco
643 1019 701 1064 suo
731 1019 826 1065 grid&
844 1042 855 1057 ‚
897 1018 1005 1064 perche
1050 1019 1094 1053 mi

427 1068 601 1113 scbt'ante?

583 1120 645 1154 Ad
673 1118 755 1161 Verfi
779 1121 836 1164 58.

377 1170 413 1204 Io
447 1169 504 1213 son
546 1170 626 1204 colui
652 1194 662 1208 ‚
707 1172 759 1205 che
799 1168 887 1203 tenni
929 1169 1018 1204 ambo
1061 1170 1090 1202 le

429 1220 539 1254 chiam·

374 1271 439 1303 Del
464 1283 512 1303 cor
536 1271 574 1305 di
595 1271 769 1318 Federt'go,
797 1291 984 1297 -----

323 1319 416 1354 Heic
447 1322 567 1356 Petrus
596 1321 637 1356 de
680 1322 803 1357 Vineis
832 1320 962 1368 incipit
992 1320 1083 1356 suam

322 1370 582 1410 narrationem,
611 1385 669 1419 per
696 1385 798 1419 quam
823 1371 937 1419 primo
958 1371 1084 1406 descri-

321 1419 375 1454 bit
417 1420 511 1456 suam
556 1421 792 1460 felicitatem,
836 1420 960 1455 deinde
989 1421 1080 1456 suam

319 1469 569 1506 infelicitatem
588 1498 597 1506 .
627 1473 672 1506 Et
700 1472 739 1506 ad
770 1471 947 1517 uti-iusque
975 1470 1081 1506 intel-

318 1519 505 1568 ligentiam
545 1522 675 1557 bonum
712 1522 756 1556 est
800 1521 965 1569 praescire
1008 1522 1079 1568 ple-

315 1571 416 1610 nius,
445 1572 523 1619 quis
550 1571 658 1608 fuerit
684 1572 793 1607 homo
821 1571 902 1612 istes
930 1572 963 1605 &
994 1585 1078 1619 qua-

316 1619 361 1655 lis
389 1622 461 1670 ejus
499 1622 658 1658 fortuna.
704 1623 766 1657 Iste
794 1635 875 1670 ergo
917 1621 984 1656 fuit
1017 1624 1077 1657 Pe-

314 1678 386 1705 trus
415 1672 455 1706 de
489 1672 613 1708 Vineis
650 1672 799 1708 famosus
835 1672 1076 1707 cancellarius

315 1720 485 1757 Friderici
515 1725 559 1757 II.
588 1723 649 1771 qui
678 1723 744 1758 fuit
772 1736 915 1768 magnus
943 1722 1076 1758 ὓοξὶοι·

314 1771 492 1818 utriusque
519 1773 632 1816 Juris,
662 1787 804 1822 magnus
835 1772 996 1807 metator
1016 1772 1074 1807 sti-

310 1819 338 1855 li
362 1822 533 1862 missorii,
563 1823 710 1865 cui-sivi,
739 1823 915 1858 Curialis.
943 1825 990 1858 Et
1014 1823 1072 1858 ha—

312 1870 389 1906 buit
416 1874 612 1909 naturalem
641 1873 862 1920 prudentiam
887 1886 1071 1920 magnam,

309 1922 343 1955 3<
372 1922 581 1959 laboriosam
611 1924 833 1971 diligentiam
864 1923 900 1958 in
929 1924 1070 1959 officio.

312 1973 458 2020 Propter
485 1975 577 2022 quod
607 1974 818 2010 mirabiliter
847 1974 974 2009 meruit
995 1988 1071 2021 gra-

312 2021 397 2057 tiam
427 2023 653 2067 Imperatoris
672 2050 680 2063 ,
709 2026 793 2060 adeo
821 2024 912 2071 quod
941 2023 1070 2060 sciebat

310 2073 430 2108 omnia
458 2075 556 2110 illius
586 2075 731 2111 secreta.
760 2078 805 2110 Et
833 2076 906 2124 ejus
927 2074 1069 2110 consilia

310 2121 469 2159 firmabat
507 2127 538 2160 8<
579 2128 735 2161 mutabat
779 2139 840 2173 pro
868 2125 976 2160 libito
1006 2139 1069 2161 vo-

308 2174 476 2209 luntatis.
506 2178 551 2210 Et
579 2177 698 2212 omnia
727 2185 862 2223 poterat
889 2189 976 2221 quae
1005 2189 1067 2210 vo—

307 2225 421 2259 lebat.
450 2225 512 2259 Sed
542 2226 651 2261 nimia
680 2226 831 2261 felicitas
860 2227 1067 2273 provocavit

306 2287 385 2309 eum
423 2275 459 2310 in
503 2275 676 2311 invidiam
718 2277 911 2311 multorum
954 2277 987 2310 8<
1027 2290 1065 2315 o,-

304 2326 422 2360 dium.
463 2329 554 2361 Nam
583 2326 689 2361 ceteri
717 2325 809 2373 quasi
838 2325 999 2360 Curi-ales
1027 2328 1061 2361 8<

302 2375 504 2412 Confiliarii
516 2375 680 2412 ,videntes
696 2376 947 2411 exaltationem
966 2376 1061 2412 istius

301 2439 441 2475 vergere
461 2427 497 2462 in
520 2427 765 2470 depressionem
789 2426 963 2473 ipsorum,
985 2440 1059 2462 cae-

298 2486 421 2525 perunt
468 2478 709 2527 conjuratione
759 2477 847 2512 fasta
893 2478 1053 2512 certatim

298 2527 453 2566 accusare
501 2528 614 2578 ipsum
669 2527 761 2564 fustis
811 2526 1019 2563 criminibus
1043 2554 1053 2564 .

635 278 795 313 cognomen
811 291 821 306 ,
849 271 962 302 Petrus
988 268 1029 310 est
1049 267 1114 309 fibi
1149 277 1195 311 Α,
1221 271 1318 304 Unus
1338 269 1496 308 dicebat,
1524 269 1616 315 quod
1642 275 1714 304 erat
1735 266 1845 303 factus
1865 266 1975 301 ditior

1217 319 1452 368 Imperatore.
1482 320 1609 363 Alius,
1638 318 1729 367 quod
1758 316 1972 353 adscribebat

1215 369 1297 409 sibi,
1325 370 1495 418 quidquid
1525 373 1717 419 Imperator
1744 368 1870 404 fecerat
1890 379 1971 414 pru-

1214 419 1331 455 dentia
1359 421 1438 456 sua.
1467 421 1572 456 Alius
1597 420 1757 458 dicebat,
1785 418 1875 466 quod
1898 415 1970 464 ipse

1213 471 1388 506 revelabat
1416 470 1542 506 secreta
1580 473 1739 505 Romano
1777 466 1968 510 Pontifici,

1213 518 1249 554 ἃ
1279 519 1319 555 sic
1348 521 1389 556 de
1416 521 1516 556 aliis.
1545 523 1739 569 Imperator
1767 533 1848 554 vero
1870 530 1966 567 prae·

1211 570 1384 605 dictorum
1427 570 1598 617 suspeaus
1635 572 1666 605 8<
1705 570 1853 605 crudelis
1880 567 1965 603 fecit

1209 619 1321 660 ipsum
1349 620 1548 659 exoculari,
1576 622 1608 654 δε
1631 619 1808 658 bacinari,
1836 620 1868 653 8<
1891 628 1965 653 tru-

1209 669 1243 703 di
1273 669 1420 703 carceri.
1459 671 1499 703 In
1536 682 1606 716 quo
1648 669 1719 716 ipse
1747 682 1816 703 non
1845 670 1963 702 valens

1208 717 1294 753 ferre
1321 728 1454 753 tantam
1483 718 1753 766 indignitatem,
1781 717 1864 765 quia

1256 772 1348 814 ‚Quae
1382 771 1473 802 venit
1514 769 1644 815 indigne
1684 780 1784 815 poena
1830 767 1965 801 dolenda

1305 819 1396 852 venit
1412 833 1432 861 ,-

1204 868 1382 916 Seipsum
1412 868 1610 904 interfecit.
1638 871 1684 904 Et
1712 868 1865 903 scribunt
1892 865 1958 902 ali—

1203 917 1285 964 qui,
1332 919 1424 965 quod
1471 921 1591 955 Petrus
1637 920 1719 954 dum
1761 927 1956 967 portaretur

1202 981 1279 1002 cum
1317 968 1517 1008 Friderico,
1554 980 1657 1005 eunte
1704 970 1742 1004 in
1787 967 1953 1003 Tusciam

1202 1017 1297 1065 super
1324 1019 1390 1053 una
1417 1019 1534 1058 mula,
1563 1019 1602 1054 ad
1630 1018 1831 1054 Civitatem
1860 1017 1954 1052 Pisa-

1198 1081 1273 1102 rum
1303 1067 1475 1115 depositus
1502 1069 1591 1113 apud
1620 1068 1806 1104 Castellum
1836 1066 1952 1101 Sancti

1197 1117 1385 1158 Miniatis,
1414 1118 1575 1167 percussit
1603 1129 1704 1164 caput
1730 1118 1770 1153 ad
1793 1129 1953 1155 murum,

1152 1200 1173 1213 Γ
1195 1167 1232 1203 &
1262 1179 1418 1205 mortuus
1445 1170 1490 1205 est
1517 1169 1588 1204 ibi.
1625 1169 1705 1204 Alii
1745 1178 1860 1203 tamen
1897 1166 1952 1202 di-

1194 1229 1297 1259 cunt,
1340 1220 1432 1267 quod
1463 1222 1582 1256 Petrus
1610 1218 1681 1267 ipse
1708 1218 1793 1254 stans
1821 1218 1858 1253 in
1888 1218 1952 1252 Pa-

1192 1269 1299 1309 latio,
1327 1271 1419 1318 quod
1447 1271 1595 1306 habebat
1623 1269 1723 1305 valde
1751 1270 1883 1308 altum,
1911 1266 1949 1302 in

1190 1318 1313 1368 Capua
1344 1322 1453 1369 patria
1480 1321 1558 1361 sua,
1588 1318 1834 1369 praecipitavit
1855 1318 1886 1352 se
1907 1317 1948 1353 de

1189 1371 1258 1405 alta
1287 1371 1447 1415 fenestra,
1485 1373 1566 1407 dum
1604 1371 1799 1419 Imperator
1826 1367 1946 1403 transi-

1188 1430 1238 1455 ret
1268 1434 1325 1468 per
1353 1422 1468 1457 viam.
1497 1423 1558 1458 Sed
1588 1420 1759 1469 quidquid
1788 1419 1945 1458 dicatur,

1187 1471 1311 1510 credo,
1350 1481 1388 1507 ut
1414 1473 1484 1519 jam
1514 1472 1612 1511 dixi,
1654 1471 1747 1518 quod
1775 1470 1806 1504 se
1835 1469 1944 1504 inter-

1186 1519 1305 1556 fecerit
1332 1522 1369 1556 in
1399 1535 1560 1569 carce1·e;
1591 1522 1672 1568 quia
1701 1533 1770 1554 non
1800 1519 1941 1553 videba-

1184 1581 1240 1605 tur
1268 1572 1353 1607 bene
1382 1572 1594 1615 verisimile,
1624 1571 1715 1619 quod
1748 1573 1939 1616 Imperator

1185 1621 1253 1668 post
1280 1622 1484 1658 eaecitatem
1514 1623 1653 1657 duceret
1681 1633 1758 1656 eum
1796 1619 1937 1654 inutili-

1182 1682 1233 1706 ter
1261 1671 1395 1716 secum,
1438 1683 1497 1708 aut
1539 1673 1630 1719 quod
1659 1669 1833 1706 dimiserit
1860 1682 1940 1704 eum

1183 1724 1216 1756 in
1246 1722 1408 1758 libertate
1430 1723 1484 1757 sua
1513 1723 1582 1767 post
1603 1721 1830 1757 caecitatem,
1856 1719 1940 1766 quia

1183 1785 1250 1806 non
1278 1783 1351 1808 erat
1378 1783 1535 1808 caecatus
1564 1781 1701 1809 mente,
1743 1771 1776 1804 &
1806 1768 1938 1817 potuis-

1182 1821 1227 1856 set
1256 1822 1316 1857 fibi
1346 1836 1465 1859 caecus
1494 1825 1644 1859 multum
1674 1833 1796 1856 nocere
1824 1818 1932 1854 confi-

1180 1872 1230 1906 lio
1259 1872 1338 1911 suo,
1377 1873 1460 1908 ficut
1489 1873 1626 1921 Appius
1655 1884 1774 1907 caecus
1803 1869 1936 1917 sapien-

1181 1922 1325 1957 tiffimus
1357 1926 1533 1959 Romanus
1561 1922 1683 1958 nocuit
1723 1920 1853 1967 Pyrrho
1881 1920 1936 1956 in-

1180 1972 1353 2008 sestiffimo
1381 1974 1465 2009 hosti
1484 2001 1491 2008 .
1523 1976 1568 2009 Et
1596 1972 1749 2008 breviter
1776 1972 1854 2007 vult
1881 1971 1935 2006 di-

1180 2037 1277 2063 cei-e,
1315 2025 1408 2071 quod
1446 2023 1517 2071 ipse
1554 2023 1767 2060 considerans
1790 2049 1799 2063 ,
1841 2021 1934 2068 quod

1175 2087 1228 2120 pro
1260 2086 1397 2120 praerato
1441 2089 1534 2108 verae
1582 2074 1714 2109 virtutis
1763 2073 1934 2106 incurrerat

1173 2138 1302 2171 poenam
1323 2125 1405 2168 falfi
1425 2126 1549 2169 sceleris
1570 2149 1581 2164 ‚
1608 2124 1691 2159 ficut
1719 2123 1807 2158 dicit
1835 2123 1876 2157 de
1895 2121 1927 2157 se

1175 2175 1317 2210 Boetius
1354 2175 1390 2209 in
1428 2175 1533 2210 simili
1571 2175 1669 2213 casu,
1714 2187 1756 2209 ex
1799 2172 1930 2207 summa

1173 2225 1416 2274 indignatione
1443 2226 1475 2261 se
1498 2225 1697 2261 interfecit.
1727 2223 1827 2259 Dicit
1848 2236 1929 2271 ergo

1172 2277 1253 2317 Vers.
1277 2288 1336 2323 70.

1220 2326 1375 2362 L'animo
1402 2327 1462 2360 mt'o
1485 2338 1541 2373 per
1566 2325 1748 2373 dt'sdegnoso
1768 2324 1875 2371 gusto,

1270 2381 1298 2411 C
1301 2381 1430 2411 reclenao
1449 2380 1494 2412 col
1513 2377 1605 2411 mor1‘r
1627 2376 1738 2422 suggir
1757 2375 1924 2419 disdegnO,

1269 2427 1408 2473 Ingiusto
1443 2429 1508 2472 fece
1535 2442 1581 2461 me
1606 2438 1711 2462 contra
1736 2438 1782 2458 me
1796 2423 1926 2469 giusta:

1170 2477 1264 2522 Quia
1294 2478 1352 2513 ubi
1384 2478 1497 2525 primo
1524 2490 1618 2512 eram
1646 2478 1837 2511 innocens,
1866 2485 1926 2520 per

1142 2527 1429 2576 &inpatientiam
1481 2526 1548 2562 feci
1598 2538 1655 2560 me
1708 2531 1925 2559 nocentem.

1752 2574 1874 2617 Quan—
