2216 3105
403 213 481 256 135

338 281 362 299 ,‚
391 257 500 293 tinese
528 271 632 309 prope
667 263 853 301 Ecclesiam
885 268 919 302 δε
951 268 1088 303 Plebem

337 332 362 350 ‚,
391 309 506 344 Sar-&i
535 309 686 347 Martini
715 313 751 349 in
783 316 902 353 Castro
929 331 971 353 ex
1008 318 1090 354 dua-

338 381 362 400 ‚‚
391 358 452 393 bus
489 360 573 408 ripis
611 362 719 399 Castri
750 364 871 403 fluvii.
908 370 999 404 Cum
1031 383 1090 404 au—

338 432 362 450 „
390 417 460 444 tem
492 410 664 458 predictus
695 416 811 451 Abbas
849 419 1022 454 Henricus
1050 419 1090 454 fi-

338 482 363 501 „
392 460 464 494 mul
492 474 570 496 cum
593 464 778 501 Advocato
806 466 864 503 suo
890 468 1017 504 crebris
1041 471 1090 505 la—

338 533 362 551 „
394 510 520 546 mentis
566 526 661 550 aures
702 515 839 552 istarum
886 519 1090 564 potestatum

339 583 363 600 ,‚
392 572 450 607 per
478 570 545 596 tres
568 563 640 599 dies
668 565 836 611 pulsaret,
857 567 894 603 ὅ(
920 569 991 616 ipse
1017 584 1091 618 pre-

338 634 363 652 „
391 610 503 646 dicius
537 614 614 648 Dux
644 616 800 661 preconis
829 618 973 654 vocibus
1002 620 1091 655 coti-

339 683 363 701 „
391 659 447 695 die
485 661 525 696 ad
564 664 738 700 Placitum
775 666 874 702 istum
914 669 1092 704 Guilihel-

339 733 364 752 „
393 723 488 745 mum
519 712 750 751 adversarium
788 717 856 765 jam
885 718 972 754 dieti
1007 721 1092 755 Μο-
1121 722 1122 726 ’

339 784 364 802 ,,
392 761 527 797 nasterii
552 763 592 798 ad
619 764 783 812 justitiam
810 767 1004 805 faciendam
1029 784 1091 805 vo—

339 834 364 853 „
392 820 506 853 caret,
535 812 589 848 sed
627 814 689 850 ille
726 819 981 855 contumaciter
1016 833 1092 867 pre-

339 885 364 904 „
393 860 539 897 sentiam
567 862 617 900 sui
646 864 756 902 facere
794 869 945 904 nolendo
973 871 1092 906 venire

339 936 364 955 ,‚
391 911 583 949 recusavit.
611 916 691 961 Qua
718 916 759 952 de
787 919 883 954 causa
911 919 981 968 ipse
1010 923 1091 956 Dux

339 986 364 1004 ‚‚
392 971 508 998 motus
537 977 614 1000 cum
653 966 798 1003 confilio
825 967 862 1004 &
887 970 1091 1005 laudamen-

338 1036 364 1055 „
391 1020 429 1047 to
456 1012 596 1049 istorum
633 1017 817 1060 Judicum,
854 1019 1035 1055 investivit
1061 1021 1093 1056 i-

338 1087 363 1105 „
391 1062 476 1098 stum
505 1065 680 1101 Abbatem
719 1069 752 1102 &
781 1069 1028 1105 Monasterium
1057 1084 1092 1106 e-

338 1137 363 1156 „
390 1113 444 1161 jus
471 1113 512 1149 de
539 1116 637 1151 omni
666 1116 726 1152 ista
763 1126 851 1154 terra
879 1118 917 1155 ὃ(
945 1133 1001 1163 re,
1030 1133 1094 1155 un-
1118 1142 1122 1169 ⁸,

337 1187 363 1205 ‚,
391 1163 432 1197 de
452 1163 728 1202 lamentabatur.
746 1168 885 1216 Insuper
901 1169 992 1205 misit
1010 1171 1094 1205 ban-
1120 1163 1175 1198 (ἶ

337 1237 361 1254 ,,
389 1225 472 1248 num
510 1227 569 1262 per
605 1216 763 1264 virgam,
792 1231 896 1265 quam
933 1230 1092 1256 manute—

336 1287 361 1306 ‚‚
390 1263 493 1298 nebat
532 1263 628 1310 super
664 1266 930 1313 suprascriptum
962 1272 1090 1306 Mona-

336 1337 361 1355 „
389 1312 527 1349 sterium
556 1316 589 1350 &
619 1317 795 1352 Abbatem
834 1330 938 1366 atque
967 1322 1091 1357 Advo-

336 1388 361 1405 „
390 1372 541 1399 catorem
578 1366 651 1413 ejus
685 1367 726 1402 de
765 1369 834 1416 jam
871 1370 964 1405 (Ιίξὶα
1001 1380 1090 1406 terra

337 1438 361 1456 ‚‚
389 1415 422 1449 8<
459 1428 516 1458 re,
549 1425 587 1451 ut
623 1418 720 1452 nulla
758 1431 881 1467 magna
918 1434 1090 1468 parvaque

338 1489 362 1507 ‚,
390 1463 533 1511 persona
569 1467 719 1515 amplius
746 1481 803 1503 eos
841 1469 963 1505 audeat
990 1472 1090 1506 exin—

338 1539 362 1557 „
390 1514 430 1549 de
458 1514 494 1549 in
521 1525 723 1563 perpetuum
749 1517 913 1555 devestire
937 1529 996 1556 aut
1021 1522 1090 1556 tol-

337 1589 362 1607 „
391 1566 460 1599 lere
488 1566 545 1600 vel
583 1567 790 1603 contendere
827 1568 881 1604 seu
910 1571 1091 1614 minuare,

339 1639 364 1656 „
391 1614 631 1651 intromittere
659 1619 714 1652 vel
743 1617 980 1655 intentionare
1009 1634 1092 1656 con-

339 1689 364 1707 „
391 1673 444 1699 tra
465 1674 595 1712 partem
622 1665 842 1716 suprascripti
867 1669 1092 1706 Nionasterii.

341 1739 365 1757 „
393 1714 470 1760 Qui·
505 1719 586 1751 vero
614 1726 734 1753 contra
771 1718 836 1754 hoc
873 1719 983 1756 facere
1020 1734 1095 1768 pre—

338 1791 362 1808 „
392 1764 602 1812 sumpserit,
640 1778 828 1815 componat
869 1770 937 1805 duo
979 1771 1094 1807 millia

339 1842 363 1858 ‚,
391 1814 581 1851 Mancusos
609 1818 738 1865 optimi
777 1820 873 1861 auri,
901 1822 1095 1856 medietatem

342 1891 364 1908 ‚‚
392 1867 519 1900 Camere
547 1868 667 1913 Regis,
697 1867 733 1904 ἃ
764 1870 985 1906 medietatem
1021 1884 1095 1918 pre-

342 1941 366 1958 „
393 1914 457 1950 fati
479 1917 681 1953 Monasterii
704 1920 737 1953 ἃ
755 1920 887 1964 Abbati
909 1922 980 1970 ejus
997 1924 1095 1957 Hen-

344 1991 367 2008 ,‚
395 1965 469 2001 rico
497 1966 635 2015 ejusque
664 1968 925 2006 succefforibus.

393 2043 418 2059 „
445 2016 580 2052 Acium
608 2018 652 2054 est
681 2018 746 2054 hoc
775 2020 813 2055 in
850 2021 1097 2069 suprascripto—

344 2090 367 2109 „
394 2079 470 2101 rum
500 2067 671 2115 presentia
698 2068 782 2106 ficut
819 2070 917 2117 supra
945 2073 1096 2120 legitur,

344 2141 368 2159 ,‚
398 2116 610 2162 presentibus
639 2120 805 2156 Rainerio
833 2120 870 2157 ὃ(
898 2122 1028 2171 Ugone
1056 2122 1096 2157 fi-

346 2189 369 2208 „
397 2166 456 2202 liis
492 2169 667 2215 quondam
699 2170 839 2218 Ugonis
875 2172 1097 2208 Marchionis

346 2240 370 2259 ‚‚
397 2217 430 2250 &
459 2218 589 2265 Ugone
625 2219 702 2255 filio
730 2220 887 2260 Ubaldi‚
916 2220 953 2257 &
989 2225 1097 2257 Saxo-

347 2290 370 2312 ,‚
398 2279 440 2301 ne
467 2266 505 2302 ὅ(
542 2269 664 2304 Teuzo
693 2270 777 2305 filiis
814 2271 1029 2315 Ildibrandi,
1058 2271 1095 2307 ἃ

347 2318 521 2363 „joculo
547 2319 579 2353 &
611 2319 776 2357 Rainerio
800 2319 888 2358 filiis
922 2322 1096 2370 quondam

696 205 1105 266 ANTIQUIT.
1150 211 1385 255 MEDII
1424 211 1603 254 AEVI

1817 222 1898 269 156

1131 271 1163 304 A
1199 299 1223 316 ,,
1253 269 1440 310 Rainerii,
1481 284 1559 305 cum
1601 270 1723 306 ceteris
1768 272 1951 319 pluribus,

1201 349 1223 366 ‚,
1252 332 1403 367 quorum
1432 321 1576 355 nomina
1604 320 1748 357 scribere
1777 335 1836 369 pre
1863 323 1954 357 mul-

1200 400 1223 417 „
1251 370 1406 406 titudine
1443 370 1627 418 nequimus
1645 396 1653 410 ,
1681 373 1789 406 Anno
1825 372 1953 407 Domi-

1200 450 1223 466 „
1250 421 1328 456 nice
1350 420 1604 456 Incarnationis
1625 419 1818 456 Millefimo
1833 422 1950 467 Quin-

1197 498 1221 516 ,‚
1248 470 1444 519 quagefimo
1482 474 1609 512 Nono,
1641 471 1797 506 Henrico
1834 474 1950 521 Rege,

1198 551 1222 568 ‚,
1250 521 1364 557 mense
1390 521 1516 566 Iunio,
1545 519 1743 556 Indi&i0ne
1772 521 1851 557 XII.

1170 562 1174 698 l
1267 633 1386 817 'f'

1170 700 1219 725 l„
1301 713 1358 729 σο

1249 899 1274 917 ,,
1303 876 1346 917 *14
1382 875 1458 920 Ego
1485 871 1661 908 Arnaldus
1697 871 1886 921 Episcopus
1913 871 1949 908 ἃ

1198 948 1222 966 ,,
1249 924 1378 958 Comes
1407 921 1602 970 subscripsi.
1701 925 1704 927 ’

1248 999 1272 1017 ‚,
1300 975 1343 1016 ³14
1374 975 1449 1020 Ego
1478 972 1705 1008 Rotecherius
1741 972 1854 1016 Judex
1890 974 1950 1009 Sa-

1200 1048 1224 1066 „
1252 1021 1304 1057 cri
1333 1021 1465 1057 Palacii
1493 1021 1657 1056 interfui.

1174 1071 1176 1109 l
1250 1099 1274 1115 ,‚
1303 1074 1345 1115 ff*
1386 1071 1556 1106 Albertus
1602 1070 1798 1119 Imperialis
1842 1071 1951 1115 Judex

1169 1120 1176 1149 ἶ
1200 1148 1224 1166 ,,
1251 1121 1435 1157 interfuit.

1252 1199 1276 1215 ‚‚
1307 1174 1358 1206 XO
1387 1174 1463 1219 Ego
1491 1170 1698 1220 Raginerius
1724 1171 1834 1215 Judex
1862 1171 1957 1208 Sacri

1199 1248 1224 1266 „
1252 1221 1380 1258 Palatii
1409 1221 1573 1257 interfui.

1251 1299 1275 1316 ,‚
1303 1274 1344 1315 *F
1372 1272 1544 1315 Johannes
1573 1270 1683 1314 Judex
1720 1270 1854 1307 Domni
1883 1274 1955 1307 Im—

1201 1349 1225 1366 „
1254 1321 1421 1370 peratoris
1450 1321 1631 1356 interfuit.
1690 1365 1693 1366 ⁷

1251 1399 1275 1416 ,‚
1304 1374 1345 1416 ἦε
1374 1371 1571 1407 Guillelmo
1598 1370 1708 1414 Judex
1736 1371 1829 1407 Sacri
1857 1373 1956 1408 Pala—

1200 1449 1224 1466 „
1252 1422 1295 1457 tii
1324 1421 1505 1457 interfuit.

1172 1463 1176 1517 ξ
1250 1499 1274 1515 ,,
1303 1474 1344 1515 {4
1374 1472 1543 1507 Roduifus
1579 1470 1688 1515 judex
1718 1471 1851 1507 Domni
1881 1474 1952 1508 Im—

1171 1520 1175 1562 !
1202 1549 1224 1566 ,‚
1252 1523 1418 1570 peratoris
1447 1521 1627 1556 interfuit.

1172 1586 1177 1608 ι

1172 1629 1176 1674 l

1431 671 1574 720 Signum
1593 684 1713 707 manus
1730 671 1862 707 Domni
1878 674 1950 707 Go-

1468 721 1585 757 tifredi
1626 721 1739 765 Duci,
1767 724 1827 769 qui
1863 723 1950 758 hanc

1468 771 1635 807 notitiam
1665 771 1741 807 fieri
1769 771 1883 820 juffit.

1251 1599 1274 1614 „
1303 1574 1344 1615 ὧ
1392 1572 1614 1606 Ildebrandus
1662 1571 1771 1614 Judex
1819 1572 1954 1607 Domni

1200 1649 1223 1666 ‚‚
1253 1622 1475 1670 Imperatoris
1503 1621 1685 1657 interfuit.

1251 1699 1275 1715 ‚,
1303 1676 1345 1715 ἧ(-
1373 1672 1546 1715 Johannes
1582 1672 1690 1714 Judex
1721 1671 1854 1707 Domni
1884 1673 1955 1707 Im-

1201 1749 1224 1765 „
1254 1721 1421 1770 peratoris
1450 1721 1531 1757 huic
1559 1721 1608 1755 rei
1637 1721 1823 1756 interfuit.

1252 1799 1274 1813 ,,
1303 1772 1511 1807 Lambertus
1549 1770 1718 1806 Notarius
1760 1770 1957 1818 Imperialis

1171 1837 1174 1860 ι
1201 1849 1224 1866 ,,
1254 1821 1381 1856 Palatii
1409 1820 1539 1869 scripsit
1567 1819 1604 1856 ἃ
1633 1821 1846 1869 complevit.

1171 1861 1175 1899 ¹·
1252 1874 1376 1920 Neque
1403 1872 1506 1907 aliter
1531 1871 1625 1919 egit,
1654 1880 1713 1906 aut
1739 1872 1883 1917 loquuta
1911 1871 1955 1906 est

1173 1908 1176 1928 Ι
1203 1922 1377 1957 Mathildis
1403 1920 1586 1965 Comitiffa‚
1617 1921 1755 1956 Duciffa
1784 1920 1955 1959 Tusciae,

1204 1973 1241 2007 in
1281 1971 1424 2007 Placitis
1462 1971 1549 2006 suis.
1595 1972 1806 2018 Exemplum
1849 1984 1958 2006 unum

1205 2022 1293 2057 dabo
1321 2035 1406 2070 ego,
1434 2021 1625 2056 addendum
1657 2021 1801 2068 reliquis
1829 2034 1847 2056 a
1875 2022 1958 2056 Flo—

1204 2072 1359 2108 rentinio
1386 2071 1509 2107 editis.
1545 2071 1635 2106 Illud
1664 2084 1728 2119 ego
1755 2070 1911 2118 descripsi
1940 2084 1957 2105 e

1206 2123 1404 2158 membrana
1432 2121 1610 2169 archetypi
1639 2131 1738 2156 notas
1767 2120 1958 2168 praeferen-

1204 2183 1261 2213 te,
1289 2182 1392 2219 atque
1430 2171 1605 2207 adservata
1632 2171 1668 2206 in
1701 2170 1858 2206 Archivo
1889 2172 1958 2206 Ca-

1176 2267 1181 2297 Ι
1207 2223 1311 2271 pituli
1337 2221 1601 2259 Canonicorum
1623 2222 1872 2258 Volaterranae
1891 2223 1959 2256 Ec-

1206 2272 1342 2309 clefiae.

1175 2306 1183 2356 Ι

1118 1611 1175 1642 ,1)

1834 2570 1912 2607 Pla-
