2216 3105
284 211 333 238 21

224 266 291 301 que
317 249 504 288 famosam,
533 248 693 285 criminis
720 249 822 294 hujus
850 251 981 284 Dantes
1012 245 1015 319 Ξ

223 302 435 347 synchronus
464 299 598 348 arguit.
639 299 735 335 Audi
762 301 796 334 &
827 301 980 334 Beneve—
1013 336 1015 343 Ι

221 360 346 387 nutum
385 349 594 385 Imolensem
636 349 675 385 in
702 349 980 385 Commentariis
1012 355 1015 385 ζ

222 401 332 437 adhuc
354 414 458 436 manu
479 400 629 436 exaratis
652 401 689 436 in
711 399 861 447 ejusdem
886 402 980 435 Dan-

221 452 269 487 tis
299 453 446 486 Poema.
475 453 508 486 Is
535 459 649 486 autern
672 449 888 486 dotstiffimus
910 450 979 486 uti-
1012 460 1015 498 ff

222 515 289 549 que
327 502 383 537 vir
419 503 526 537 Anno
567 503 860 537 MCCCLXXX.
898 500 980 536 haec
1012 499 1015 534 l

222 552 336 587 literis
365 551 570 588 mandabat.
597 554 629 586 Ε
656 552 802 596 Caorsa:
830 551 906 593 idest
939 555 981 586 U-
1012 551 1015 590 ἱ

218 603 378 648 sur-arios.
406 603 594 649 Caturgium
620 602 702 636 enim
729 601 770 644 est
793 602 923 636 Civitas
948 603 981 635 in
1012 595 1015 609 ⁴

224 653 354 691 Gallia,
383 653 416 686 in
443 666 505 699 qua
531 652 618 699 quasi
644 665 744 686 omnes
765 652 842 697 sunt
862 655 981 686 Foene-

224 713 358 737 ratores.
380 702 502 749 Inquit
514 703 614 751 sunt3
637 703 757 738 eodem
774 702 869 738 enim
888 716 980 737 mor—

225 753 270 788 bo
316 753 471 788 laborare
515 754 677 801 pergebat
714 752 855 788 Civitas
896 752 980 791 illa,

223 816 332 851 quum
379 803 462 839 haec
504 804 747 839 Benevenutus
784 802 980 838 scribebat.

223 854 283 889 Ad
312 854 394 888 haec
423 853 508 889 alibi
538 854 770 902 Du-Cangius
806 852 878 901 ipse
906 855 981 889 lau-

223 904 283 939 dat
311 904 479 952 Diploma
509 904 665 953 Philippi
694 903 800 952 Regis
830 907 981 940 Franco—

223 968 300 990 rum
340 954 507 1002 scriptum
544 956 652 990 Anno
693 957 883 990 MCCXX.
921 955 979 990 ubi

223 1005 307 1040 haec
345 1006 530 1052 leguntur.
567 1006 768 1050 Conceffimus
809 1005 981 1052 Burgenfi-

223 1054 282 1089 bus
318 1055 427 1096 nostris
461 1057 500 1089 de
535 1058 670 1090 Cadomo
709 1055 911 1096 residentibus
948 1055 979 1089 in

225 1106 314 1139 Villa
339 1105 491 1144 Cadomi‚
529 1106 610 1152 quod
637 1119 689 1140 nec
723 1118 790 1143 eos,
828 1119 879 1140 nec
906 1118 981 1139 uxo-
1006 1123 1011 1137 ι

223 1167 291 1193 res,
329 1169 380 1189 nec
406 1156 528 1189 heredes
554 1169 653 1190 eorum
680 1156 833 1202 capiemus
867 1157 910 1190 ad
935 1169 982 1190 oc-

224 1204 370 1245 castonem
415 1207 454 1238 de
497 1205 596 1248 Usum
640 1206 672 1239 in
718 1216 814 1239 morte
862 1218 982 1240 eorum.

225 1257 320 1303 Ergo
365 1255 398 1290 δε
444 1255 648 1298 Cadomenses
683 1254 720 1289 in
766 1255 982 1290 Normannia

225 1304 363 1340 foenori
390 1317 530 1353 operam
559 1304 707 1343 dabant,
745 1313 784 1339 ut
821 1305 891 1351 jam
928 1305 982 1339 in-

224 1355 365 1402 telligas
384 1380 393 1394 ,
419 1354 590 1390 vetustum
619 1354 716 1390 fuisse
744 1355 833 1399 apud
861 1356 982 1389 Gallos

223 1405 394 1454 ejusmodi
422 1406 605 1441 morbum.
634 1407 673 1440 In
702 1404 873 1441 Concilio
894 1407 983 1440 Tre-

224 1455 355 1492 verensi
403 1455 500 1491 Anni
552 1468 657 1502 1310.
695 1455 784 1504 apud
819 1457 982 1491 Martene

223 1509 331 1543 Tom.
373 1508 435 1541 IV.
474 1505 641 1542 Thesaur.
687 1519 768 1541 nov.
808 1506 982 1541 Anecdot.

225 1556 478 1593 confirmantur
504 1556 641 1592 decreta
669 1566 790 1592 contra
812 1557 984 1592 Cauverti-

223 1622 278 1643 nos
304 1607 351 1646 &³
377 1608 457 1643 alios
485 1608 670 1649 Usurarios.
713 1607 768 1644 Ibi
797 1608 981 1657 legendum

223 1657 392 1698 Caursinos
419 1657 593 1694 arbitror.

276 1710 409 1743 Verum
437 1707 522 1742 adeo
550 1707 782 1744 abominanda
824 1708 983 1744 Gallico-

224 1770 301 1793 rum
329 1758 363 1792 8<
393 1757 598 1793 Italicorum
629 1767 847 1798 mercatura,
875 1773 982 1806 quum

226 1809 246 1843 a
274 1807 464 1856 praeceptis
508 1808 724 1844 Christianae
764 1809 851 1857 legis
879 1809 984 1845 defie-

224 1858 354 1897 θεῖα,
382 1871 469 1905 quae
497 1858 650 1894 Usuram
678 1872 696 1894 e
725 1869 848 1895 mutuo
869 1873 981 1896 corra-

225 1909 304 1944 dere
331 1917 453 1948 vetat‚
494 1910 527 1944 &
566 1918 739 1958 praeterea
767 1911 902 1946 enormi
930 1925 1007 1952 ra-4

221 1959 321 1995 tione
360 1958 562 1994 miserorum
608 1960 778 2008 marsupia
817 1959 1008 2010 emunge-'

221 2018 295 2048 ret,
325 2011 458 2058 Regum
486 2011 520 2045 &
549 2011 764 2057 Populorum
793 2011 914 2046 odium
943 2013 979 2047 in

221 2059 255 2095 se
282 2060 483 2108 contraxit3
519 2074 624 2107 quare
651 2060 744 2096 hisce
772 2062 981 2108 expilatori-

222 2110 284 2146 bus
321 2110 473 2158 undique
512 2111 642 2146 bellum
681 2110 855 2147 indietum
885 2112 978 2149 fuit.

224 2161 265 2194 In
310 2161 443 2208 Anglia
483 2162 686 2197 Eduvardus
729 2164 804 2198 Rex
846 2162 978 2199 summe

223 2210 321 2258 piuS,
348 2211 409 2257 qui
436 2212 544 2246 Anno
571 2214 713 2248 MCVI.
742 2212 909 2253 florebat,
939 2223 977 2250 ut

219 2260 265 2294 est
291 2260 328 2295 in
355 2261 427 2307 ejus
448 2262 622 2309 Legibus,
652 2263 812 2307 Usurarios
835 2265 976 2308 defendit

218 2310 340 2357 (idest
375 2311 600 2360 interdixit)
642 2327 678 2347 ne
713 2325 904 2349 remanerent
940 2316 972 2349 in

217 2365 349 2408 Regno.
388 2360 491 2396 Nihil
519 2361 591 2401 ibi,
619 2363 768 2399 effentne
796 2364 974 2405 advenae,

217 2424 261 2447 an
289 2412 402 2460 Angli
432 2410 593 2448 Usurarii
613 2412 691 2449 illi.
718 2416 771 2449 At
791 2428 899 2463 quum
921 2416 974 2463 ju-

218 2462 344 2497 bentur
371 2476 430 2496 non
458 2475 611 2497 remanere
638 2463 671 2497 in
695 2468 828 2512 Regno,
858 2465 974 2501 verifi-

219 2512 339 2549 milius
376 2513 447 2557 est,
488 2512 604 2549 aetum
640 2512 737 2550 fuiffe
777 2515 819 2551 de
846 2515 974 2553 exteris

614 189 980 233 DISSERTATIO
1012 187 1116 233 SEX
1120 187 1429 232 TADECIMA
1446 195 1457 229 2

1024 245 1070 298 A}
1093 248 1404 284 foeneratoribus.
1429 248 1516 281 Sunt
1537 252 1653 281 autem
1676 205 1851 284 Maitimei

1067 299 1070 351 Ξ
1096 298 1214 334 Parifii
1238 298 1341 333 verba
1362 297 1403 332 ad
1427 298 1574 332 Annum
1591 298 1852 333 MCCXXXV.

1067 350 1131 384 1in
1168 348 1301 384 Histor.
1339 347 1524 395 Anglica.
1564 347 1711 380 Invaluit
1751 359 1853 382 autem

1013 394 1016 418 3
1066 381 1070 429 l
1093 400 1144 434 his
1169 398 1282 433 diebus
1304 400 1380 433 adeo
1400 396 1619 438 Caurfinorum
1641 397 1653 442 (
1672 397 1754 432 idest
1769 401 1853 433 Gal-

1067 443 1069 446 ·
1094 451 1243 486 licorum
1273 447 1573 496 Trapezitarum)
1609 447 1700 495 pestis
1736 451 1852 483 abomi-

1094 502 1224 539 nanda,
1253 509 1288 534 ut
1314 500 1373 533 vix
1401 497 1470 543 effet
1496 498 1614 544 aliquis
1642 499 1674 531 in
1695 508 1760 533 tota
1776 503 1854 534 An—

1090 551 1184 598 glhz,
1221 550 1276 597 qui
1302 550 1418 584 retibus
1446 549 1570 582 illorum
1594 547 1663 593 jam
1691 561 1749 582 non
1778 549 1854 584 illa—

1094 612 1281 648 quearetur.
1309 601 1422 635 Etiam
1451 599 1513 645 ipse
1540 603 1612 633 Rex
1637 601 1741 633 debito
1767 599 1854 634 inae—

1085 652 1248 694 stimabili
1274 651 1318 685 eis
1359 649 1526 686 tenebatur
1552 649 1728 696 obligatus.
1758 651 1852 686 Tum

1031 709 1057 742 Β
1093 701 1219 741 refert,
1247 700 1345 748 quali
1373 699 1485 736 forma
1512 699 1685 734 debitores
1711 699 1787 735 suos
1812 701 1853 735 ad

1094 751 1209 788 usuras
1264 751 1506 801 persolvendas
1560 749 1812 798 obstringerent
1838 763 1851 799 ;

1093 801 1354 840 Londinensem
1391 815 1475 837 vero
1503 800 1715 848 Episcopum
1751 801 1788 836 in
1817 815 1852 836 a-

1094 853 1347 889 bominandum
1401 851 1467 887 hoc
1519 851 1703 886 hominum
1746 865 1853 899 genus

1094 903 1277 940 anathema
1306 902 1567 951 pronuntiaffe3
1596 901 1650 938 sed
1673 901 1755 937 illos
1783 903 1853 938 im—

1095 963 1229 1003 petrato
1259 957 1436 990 Romanae
1464 952 1595 989 Curiae
1632 953 1853 1000 patrocinio,

1095 1004 1275 1040 Antistitis
1304 1018 1397 1039 arma
1434 1003 1588 1041 elusisse,
1629 1016 1778 1051 eumque
1814 1004 1853 1040 in

1097 1055 1265 1100 judicium
1303 1054 1401 1090 fuifl‘e
1437 1063 1625 1093 vocatum,
1660 1054 1754 1100 super
1789 1055 1854 1090 tali

1096 1104 1218 1150 injuria
1244 1104 1476 1141 Mercatoribus
1510 1103 1688 1151 Papalibus
1715 1104 1854 1151 irrogata

1095 1155 1324 1202 responsurum.
1361 1155 1418 1190 Ad
1449 1155 1552 1194 haec,
1590 1164 1628 1189 ut
1665 1154 1758 1189 idem
1789 1157 1854 1191 Pa-

1095 1206 1141 1241 ris
1170 1205 1329 1244 testatur,
1366 1207 1474 1240 Anno
1501 1206 1692 1241 MCCXL.
1721 1206 1854 1242 Henri-

1095 1269 1153 1291 cus
1182 1258 1246 1291 ΠΙ.
1275 1255 1429 1304 Angliae
1451 1258 1525 1291 Rex
1551 1255 1736 1295 Caursinis,
1759 1267 1854 1303 prae-

1094 1307 1181 1352 cipue
1206 1306 1430 1347 senonensibus
1457 1306 1470 1353 (
1489 1305 1647 1341 Gallicae
1667 1318 1749 1354 ergo
1768 1319 1853 1354 gen-

1095 1356 1141 1391 tis
1168 1365 1266 1391 erant
1303 1356 1452 1391 danistae
1488 1355 1575 1403 illi)
1613 1367 1726 1391 terram
1758 1358 1852 1402 suam

1096 1406 1281 1440 interdixit.
1323 1406 1386 1451 Ipsi
1421 1417 1524 1440 autem
1561 1407 1679 1448 moleste
1715 1407 1852 1451 ferentes

1094 1457 1136 1489 (9⁶
1161 1456 1300 1490 dolentes
1326 1457 1405 1490 tales
1433 1455 1469 1500 fi·
1499 1457 1631 1502 pascuas
1670 1456 1850 1502 amiffuros‚

1091 1507 1172 1541 datt?
1197 1506 1347 1552 pecunia,
1384 1518 1462 1552 quae
1498 1506 1592 1540 nimis
1623 1508 1703 1551 solet
1742 1508 1852 1553 impios

1089 1555 1281 1602 justificare,
1322 1557 1422 1591 adhuc
1453 1567 1510 1603 pro
1537 1570 1652 1603 magna
1682 1568 1774 1604 parte
1799 1560 1850 1593 la-

1092 1618 1237 1642 tuerunt.
1279 1609 1325 1642 Et
1367 1606 1424 1642 illi
1467 1606 1609 1654 quidem
1657 1607 1768 1643 rursus
1812 1609 1851 1644 in

1093 1658 1225 1704 Anglia
1253 1657 1399 1705 agitati,
1428 1657 1540 1693 rursus
1566 1658 1722 1696 revocati
1746 1658 1849 1707 sunt;

1093 1707 1321 1756 proficiebant
1356 1707 1452 1743 enim
1488 1710 1521 1743 δε
1559 1708 1620 1755 ipfi
1660 1711 1768 1756 Reges
1807 1723 1850 1745 ex

1091 1771 1208 1794 eorum
1239 1758 1382 1806 praeda.
1411 1758 1616 1794 Praesertim
1637 1762 1720 1795 vero
1741 1773 1850 1806 quum

1092 1811 1221 1857 Regem
1250 1809 1486 1857 congerendae
1515 1808 1681 1857 pecuniae
1708 1810 1851 1846 neceffi-

1091 1869 1141 1895 tas
1179 1860 1343 1908 urgebat,
1387 1859 1550 1896 Usurarii
1588 1860 1849 1908 proscribeban-

1090 1919 1167 1950 tur,
1196 1920 1234 1945 ut
1262 1912 1294 1945 le
1320 1910 1351 1945 se
1372 1922 1455 1945 auro
1476 1911 1596 1945 oblato
1618 1911 1848 1947 redimerent.

1090 1962 1157 1995 Pro
1186 1960 1260 1996 illis
1287 1960 1394 1995 etiam
1425 1963 1581 1996 Romana
1602 1960 1714 1997 Curia
1739 1962 1848 1998 inter-

1090 2010 1256 2050 cedebat,
1299 2023 1369 2045 non
1412 2011 1505 2057 quod
1548 2025 1666 2047 eorum
1720 2012 1848 2049 Usuras

1091 2062 1266 2110 palparet,
1304 2061 1359 2096 sed
1396 2061 1489 2108 quod
1527 2075 1586 2110 per
1625 2076 1744 2098 eorum
1773 2077 1849 2099 ma-

1089 2125 1151 2146 nus
1188 2112 1357 2160 reciperet
1403 2111 1575 2159 quidquid
1612 2113 1774 2150 censuum
1811 2115 1847 2150 δε

1088 2161 1263 2198 redituum
1310 2161 1422 2198 Curia
1472 2162 1544 2208 ipsa
1590 2177 1632 2199 ex
1679 2164 1846 2202 univerfis

1088 2211 1367 2248 Christianorum
1398 2213 1591 2261 provinciis
1628 2215 1845 2263 colligebat.

1090 2265 1214 2310 Neque
1251 2263 1344 2299 secus
1380 2263 1417 2299 in
1454 2264 1572 2299 Gallia
1613 2264 1742 2300 factum
1781 2266 1845 2302 est.

1088 2314 1156 2349 Sub
1187 2314 1352 2361 Philippo
1381 2317 1474 2363 Rege
1511 2315 1629 2351 Sancsti
1664 2316 1845 2353 Ludovici

1088 2363 1165 2399 filio
1193 2364 1346 2399 edietum
1384 2364 1537 2412 prodiit,
1575 2374 1613 2401 ut
1651 2367 1844 2406 Lombardi,

1086 2415 1120 2449 &
1145 2409 1295 2456 'Caorstni
1322 2417 1567 2451 Foeneratores
1595 2429 1613 2451 e
1641 2418 1762 2465 Regno
1782 2429 1844 2452 ex-

1086 2463 1273 2509 cederent,
1309 2466 1515 2513 nullumque
1543 2466 1693 2513 amplius
1721 2466 1842 2501 foeno-

1085 2515 1400 2559 relcommercium
1436 2515 1546 2553 facere
1582 2516 1632 2553 eis
1657 2516 1695 2552 in
1722 2515 1841 2563 Gallis

1126 2566 1156 2601 B
1185 2577 1206 2601 2
1701 2564 1788 2601 lice-

1020 1608 1052 1641 D
