2216 3105
445 224 527 262 239
736 206 1142 266 ANTJOUJT.

384 277 426 313 ge
453 265 661 302 Concilium
701 268 897 303 Romanum
936 270 995 303 lul)
1027 268 1136 302 Nico-

382 316 440 350 lao
467 317 495 352 I.
523 316 559 352 in
587 331 658 365 quo
694 317 864 354 sancitum
899 318 964 363 est,
1002 328 1038 352 ut
1069 319 1135 351 Ar-

383 365 622 417 chiepiscopus
654 370 834 404 Ravennas
863 382 932 404 non
961 368 1135 404 consecra-

382 426 436 452 ret
465 419 631 465 Episcopos
657 429 712 466 per
737 420 916 454 Aemiliam
933 444 942 458 ,
980 418 1040 460 nifi
1072 417 1135 465 post

381 467 576 503 Elet‘lionem
605 469 722 508 Ducis,
750 470 857 514 Cleri,
885 469 923 506 &
950 469 1083 515 Populi.

435 520 545 554 Nulla
576 530 690 555 autem
728 520 817 554 mihi
856 519 1032 555 dubitatio
1068 519 1133 561 est,

383 568 468 615 quin
498 569 725 617 Reipublicae
754 569 821 604 five
852 568 1133 605 Communimtis

383 618 494 654 forma
522 619 559 654 in
591 619 740 654 Urbibus
768 618 942 666 hucusque
970 633 988 654 a
1009 619 1133 655 Sancto

383 669 555 716 Gregorio
592 668 728 717 Magno
764 669 974 705 enumeratis
1012 670 1133 717 perdu-

383 731 493 754 raret.
520 718 700 755 Civitates
728 720 822 755 enim
850 720 933 756 illae
961 719 1071 755 adhuc
1097 720 1132 754 in

384 768 451 804 fide
488 769 713 818 Imperatoris
750 773 989 806 Romanorum
1033 770 1134 818 perli-

383 819 530 864 stentes,
561 821 872 869 Langobardorum
902 821 1021 869 jugum
1049 821 1134 856 effu-

383 879 528 919 gerant.
573 873 697 919 Neque
739 871 890 920 putanda
926 871 971 907 est
1006 870 1134 907 desiisse

384 921 422 956 in
458 921 503 956 iis
545 922 784 970 praerogativa
805 949 816 968 ‚
861 935 948 970 quae
986 935 1044 970 pei·
1080 930 1134 956 tot

383 980 463 1007 ante
499 973 619 1007 Secula
665 971 751 1017 usu,
797 986 835 1008 ac
881 973 1133 1019 Imperatorum

384 1022 487 1057 venifi.
514 1023 738 1070 comprobata
765 1023 895 1058 fuerat.
924 1023 978 1059 Ita
1005 1025 1136 1057 Romae

383 1076 519 1107 Senatus
544 1073 738 1119 Populusque
762 1078 924 1108 Romanus
950 1085 1028 1107 cum
1050 1070 1136 1107 Cle-

384 1136 424 1158 ro
451 1122 492 1157 ad
520 1123 729 1158 eleEtionem
763 1123 913 1158 Romani
952 1121 1137 1157 Pontificis

385 1172 451 1208 sese
481 1173 663 1221 jungebat.
702 1173 764 1208 Sed
802 1173 884 1221 quid
914 1172 956 1208 de
984 1172 1138 1207 Urbibus

383 1223 421 1259 in
465 1223 776 1271 Langobardorum
818 1223 954 1258 ditione
993 1221 1137 1271 positis?

384 1273 480 1309 Idem
514 1273 703 1322 Gregorius
732 1273 885 1322 Magnus
921 1274 1003 1309 Lib.
1034 1285 1065 1320 3.
1094 1275 1140 1307 E-

385 1324 458 1372 pist.
489 1336 546 1371 29.
574 1324 616 1359 de
643 1324 816 1360 eleEfione
853 1323 1010 1359 facienda
1038 1322 1138 1359 Con-

383 1374 499 1410 stantii
532 1374 780 1423 Archiepisopi
819 1374 940 1409 scribit
975 1377 1139 1420 Presbyte-

383 1426 446 1465 ris,
484 1425 695 1464 Diaconibus,
733 1426 775 1458 (9‘
801 1426 890 1459 Claro
920 1424 1140 1458 Mediolanen-

377 1476 423 1518 fis
463 1475 640 1515 Ecclesiae.
683 1475 775 1510 Heic
816 1475 857 1509 de
903 1474 1037 1521 Populo
1079 1483 1138 1508 aut

385 1526 489 1562 Plebe
517 1525 629 1560 nihil.
667 1525 730 1560 Sed
768 1523 1138 1565 animadvertendum,

383 1576 555 1624 Gregorio
590 1574 740 1610 redditas
776 1574 872 1610 fuiffe
909 1574 1009 1609 unius
1037 1573 1166 1609 Cleri}

384 1627 501 1662 literas
529 1625 570 1660 de
597 1625 741 1673 negotio
772 1624 982 1668 elefftionis,
1013 1625 1137 1672 quibus

383 1677 446 1713 ille
481 1675 682 1724 respondet.
720 1676 800 1710 Hoc
837 1684 953 1710 autem
992 1675 1138 1709 minime

383 1726 541 1763 excludit
583 1725 711 1771 Populi
753 1725 820 1760 loci
827 1736 955 1761 etatem
997 1725 1034 1760 in
1072 1725 1137 1759 eli-

384 1779 495 1827 gendo
522 1777 595 1824 ejus
625 1776 711 1811 Uibi
715 1789 729 1811 s
757 1775 1055 1824 Archiepiscopo.
1092 1777 1138 1809 Et

385 1830 461 1863 lane
492 1825 654 1862 Pontifex
691 1825 763 1872 ipse
799 1826 882 1862 Lib
913 1827 972 1861 Χῖ.
1001 1825 1137 1873 Episto-

384 1880 452 1914 lam
490 1887 647 1935 quartam
685 1876 847 1912 inleribit
886 1876 1022 1923 Populo,
1061 1879 1138 1909 Pre-

384 1932 439 1975 sby
443 1929 537 1967 nris,
575 1928 752 1966 Diaconis,
791 1928 833 1960 (Ὺ
859 1928 949 1961 clm
978 1926 1137 1960 Mediola-

385 1979 488 2022 nemsi,
505 1991 542 2014 ac
558 1978 654 2013 dolet
671 1977 711 2013 de
728 1987 840 2013 morte
856 1975 1078 2015 Constantii,
1097 1975 1137 2010 sl-

1218 1541 1219 1560 2
1248 1523 1388 1556 titionem
1415 1523 1550 1568 Populi.

1187 205 1425 249 MEDII
1462 204 1643 251 AEVI
1857 225 1942 266 ²40

1171 266 1214 299 A
1246 268 1388 314 mulque
1403 268 1597 315 gratulatur
1608 267 1648 302 de
1659 266 1831 304 elegiione
1844 270 1999 306 Deusde„

1244 316 1318 352 dit.
1358 318 1482 352 Rursus
1520 318 1638 352 eodem
1668 320 1779 354 Libro
1807 328 1996 368 antequam

1246 368 1436 403 Deusdedit
1456 367 1571 403 fuisset
1589 368 1774 412 ordinatus,
1796 369 1915 405 scribit
1935 374 1998 404 Po-

1241 418 1335 464 pulo,
1373 419 1589 458 Presbmeris,
1627 418 1801 459 Diaconis,
1839 421 1881 454 (9·
1908 421 1999 454 Clero

1245 469 1398 510 Ecclesiae
1440 468 1708 510 Il1ediolanensis‚
1750 470 1997 506 commendans

1245 518 1319 553 illis
1336 519 1543 555 Arethusam
1568 519 1787 554 clariffimam
1808 519 1971 555 feminam
1986 547 1997 564 ,

1246 578 1284 603 ut
1313 569 1441 604 caussae
1477 571 1519 605 ab
1547 583 1584 605 ea
1621 570 1773 618 agitatae
1811 570 1892 605 finis
1922 579 1999 605 tan-

1246 619 1323 653 dem
1365 619 1559 656 statuatur.
1603 619 1764 655 Profecto
1788 647 1796 662 ,
1838 620 1860 654 fi
1901 621 1999 655 nulla

1246 678 1329 705 tunc
1357 669 1470 705 fuiffet
1492 670 1643 705 Urbium
1665 670 1894 718 Respublica,
1919 672 2000 706 nul-

1246 721 1277 754 la
1315 718 1464 755 Civium
1502 720 1740 762 Univerfflas,
1778 721 1796 754 ὲ
1835 720 1893 756 suo
1931 723 2000 755 Re-

1245 770 1362 814 Ciore,
1390 769 1524 818 suisque
1551 769 1813 819 Magistratibus
1840 770 1933 805 reeca
1960 769 2001 807 δε

1245 821 1453 868 gubernata:
1493 821 1574 868 quei
1602 821 1642 855 ad
1679 822 1833 867 Populum
1861 833 2001 869 quoque

1215 896 1217 901 ·
1245 872 1363 906 literas
1386 871 1529 907 dediffet
1557 870 1785 906 sanffiffimus
1810 869 1998 906 Pontifex?

1245 921 1336 966 Quis
1363 934 1406 956 ex
1437 922 1570 968 Populo
1597 931 1819 968 accepturus,
1847 921 2001 956 leffiurus

1246 971 1391 1014 literas,
1430 969 1469 1005 ὅ(
1503 971 1658 1018 responsa
1687 971 1826 1006 daturus
1855 970 1999 1006 fuisset?

1246 1020 1374 1056 Eadem
1403 1020 1540 1056 ratione
1576 1021 1748 1063 johannes
1776 1023 1877 1056 Vffl.
1909 1023 2002 1069 Papa

1245 1070 1352 1118 Epist.
1388 1083 1423 1117 4.
1461 1069 1593 1114 scripsit
1628 1071 1742 1109 clero,
1779 1071 1918 1110 odini,
1958 1080 2003 1108 cy

1217 1148 1219 1165 Σ
1246 1123 1303 1156 Ple
1305 1121 1338 1156 bi
1368 1120 1500 1165 sanfflae
1531 1120 1697 1161 Valvensis
1723 1121 1898 1161 Ecclesiae.
1936 1119 2004 1157 Ci-

1217 1181 1219 1196 ⁴
1246 1171 1338 1207 vitas
1365 1171 1448 1207 haec
1484 1172 1624 1220 parebat
1654 1170 1875 1220 Principibus
1907 1174 2002 1208 Lan-

1246 1221 1406 1270 gobardis
1437 1221 1474 1257 in
1509 1225 1628 1270 Regno
1664 1234 1756 1256 nunc
1795 1222 2004 1279 Neapolita-

1247 1286 1312 1308 no.
1341 1274 1394 1307 Ita
1421 1271 1496 1320 ipso
1525 1270 1696 1307 Pontifice
1722 1271 1843 1307 testant
1833 1286 1864 1307 ·e
1892 1272 1928 1307 in
1957 1274 2003 1306 E-

1247 1323 1320 1371 pist.
1342 1324 1424 1358 260.
1449 1322 1490 1358 ad
1517 1321 1729 1370 Anspertum
1756 1321 2005 1370 Archiepisco-

1249 1386 1329 1420 pum
1368 1372 1668 1409 Mediolanensem
1705 1372 1910 1412 ediscimus,
1947 1385 2005 1407 or-

1248 1423 1436 1458 dinandum
1461 1423 1557 1458 fuiffe
1575 1422 1723 1458 Astenfis
1744 1422 1914 1458 Ecclefiae
1938 1425 2007 1458 Re-

1248 1473 1379 1507 &orem
1405 1474 1471 1519 post
1497 1474 1673 1507 eleffionem
1700 1474 1812 1511 Cleri,
1848 1474 1890 1506 (9‘
1917 1484 2007 1518 expe-

1588 1524 1627 1557 In
1657 1525 1778 1568 Regno
1806 1535 1944 1569 quoque
1974 1524 2007 1556 1-

1249 1572 1357 1607 talico
1385 1571 1445 1607 fita
1473 1581 1547 1609 erat
1576 1571 1658 1606 haec
1686 1570 1855 1607 Civitas.
1883 1575 2007 1620 Appo-

1249 1636 1328 1657 nere
1356 1622 1432 1657 heic
1462 1622 1559 1669 juvat
1587 1623 1786 1668 exemplum
1811 1622 2009 1669 Epistolae,

1250 1685 1354 1720 quam
1395 1674 1505 1706 Clerus
1543 1672 1585 1704 (9¹
1623 1672 1763 1717 Populus
1801 1670 2009 1707 Civitatum

1251 1722 1465 1758 conscribere
1490 1720 1578 1755 olim
1600 1720 1853 1756 consueverunt
1875 1722 1915 1756 ad
1938 1723 2009 1756 Ro—

1253 1785 1393 1808 manum
1426 1769 1657 1811 Pontificem,
1695 1771 1737 1805 ab
1775 1784 1815 1806 eo
1854 1779 2009 1819 petentes

1253 1822 1548 1858 consecrationem
1585 1820 1750 1868 Episcopi
1778 1822 1796 1855 ὲ
1825 1820 1856 1856 se
1884 1821 2008 1857 εΙεὸἶί.

1255 1874 1357 1908 Illam
1387 1871 1479 1908 haufi
1508 1885 1550 1907 ex
1588 1871 1793 1906 Pontificali
1824 1874 2011 1915 Romano,

1254 1932 1334 1959 ante
1362 1936 1469 1958 annos
1503 1922 1610 1958 ferme
1638 1920 1910 1971 quadringentos
1938 1934 2011 1957 ma-

1255 1988 1300 2009 nu
1329 1981 1498 2009 exarato.

513 2078 686 2138 Epistola
717 2077 825 2122 Cleri
856 2080 893 2120 8<
926 2077 1062 2133 Populi
1094 2078 1142 2119 ad
1174 2079 1384 2119 Summum
1418 2073 1533 2117 Ponti
1539 2074 1649 2116 ficem
1683 2073 1729 2116 de
1761 2072 1887 2116 elefflo

944 2136 1135 2194 Episcopo
1165 2133 1446 2177 consecrando.

385 2240 440 2272 Ex
464 2236 581 2271 Ordine
618 2234 850 2279 consecrationis
886 2234 1051 2282 Episcopi.
1089 2234 1234 2280 Epistola
1269 2231 1385 2279 Populi
1412 2232 1454 2265 (9‘
1480 2231 1567 2265 Cleri
1592 2231 1636 2265 ad
1671 2234 1828 2265 Domuum
1853 2228 2014 2277 «spostoli-

597 2299 683 2324 emn,
711 2298 772 2331 qua
796 2295 908 2331 petunt
933 2284 1185 2329 consecrationem
1211 2283 1337 2318 Elefffi.
1365 2285 1528 2317 Decretum
1555 2281 1800 2328 appellabatur.

523 2377 706 2414 Eatiffirno
731 2380 841 2424 Papae
869 2376 926 2412 illi
955 2379 1001 2413 N.
1024 2378 1069 2412 N.
1092 2378 1145 2411 A-

386 2460 411 2478 „
551 2428 736 2474 postolicae
753 2428 848 2462 Sedis
867 2427 1041 2476 dignitate
1059 2440 1142 2461 con-

388 2510 413 2527 „
440 2482 559 2528 spicuo
585 2480 696 2514 Clerus
717 2480 759 2512 (9'
779 2479 917 2524 Populus
945 2479 1008 2513 ille
1030 2479 1075 2514 N.
1099 2479 1144 2513 N.

389 2559 414 2578 „
440 2529 612 2567 Ecclesiae
644 2529 754 2565 totius
793 2527 994 2564 devotionis
1031 2527 1144 2563 famu-

1170 2381 1228 2413 ἘΙ
1257 2403 1281 2420 ,,
1309 2376 1441 2411 latum.
1476 2373 1665 2410 Credimus
1684 2402 1694 2418 ‚
1732 2387 1801 2408 non
1830 2372 1936 2408 latere
1963 2372 2017 2406 A-

1256 2453 1281 2471 „
1310 2426 1497 2473 postolatus
1519 2425 1619 2460 vestri
1641 2423 1879 2460 celsitudinem
1896 2449 1905 2466 ,
1922 2420 2016 2469 quod

1257 2503 1281 2520 „
1310 2476 1419 2511 nostra
1447 2475 1597 2511 Ecclesia
1625 2474 1684 2509 suo
1711 2473 1752 2508 sit
1779 2472 1922 2508 viduata
1953 2474 2017 2506 Pa-

1256 2553 1281 2571 „
1308 2526 1421 2571 store,
1458 2539 1497 2562 ac
1533 2533 1674 2574 propter
1706 2523 1772 2559 hoc
1808 2522 1849 2558 slt
1890 2521 2018 2558 solatio

1826 2596 1854 2619 g
1885 2585 1966 2622 pro·
