2216 3105
404 208 491 248 ⁴523

350 300 411 336 fibi
449 316 490 338 ex
532 303 589 340 sua
629 307 805 354 probitate
841 308 877 345 ἃ
915 311 1106 347 fidelitate.

350 350 434 387 Ideo
461 354 665 393 Manfredus
692 358 820 396 fecerat
847 360 950 397 illum
977 362 1107 399 Comi-

351 411 449 442 tem,
485 405 519 439 &
548 405 688 444 dederat
723 410 781 447 illi
810 413 935 448 Terras
971 413 1010 449 in
1039 416 1106 448 Re-

349 466 419 500 gno
437 481 457 512 ,⁶
484 468 526 491 ex
555 470 626 504 quo
653 458 782 497 fecerat
807 462 912 498 illum
940 477 1107 514 magnum

347 506 545 563 Dominum
563 534 572 543 .
609 511 657 545 Et
685 521 803 548 tamen
834 512 987 550 Carolus
1015 514 1109 551 mifit

348 568 427 595 eum
457 570 494 594 in
533 559 787 606 Provinciam,
823 565 858 598 &
896 565 987 600 mori
1022 565 1109 601 fecit

348 609 386 646 in
422 623 556 646 carcere
592 610 698 648 duro.
736 615 886 650 Carolus
922 624 1064 663 rogatus
1091 629 1109 651 a

349 661 535 696 Militibus
571 660 661 701 suis,
699 672 740 698 ut
774 663 903 700 faceret
938 665 1108 702 honorem

352 710 483 746 funeris
510 720 611 747 tanto
639 713 749 762 Regi:
780 715 949 755 Libenter,
970 716 1109 765 respon-

351 761 426 800 dit,
457 761 610 804 facerem,
638 764 673 797 ni
687 777 699 798 1
725 763 795 812 effer
814 767 1108 803 excommunicatus.

352 813 428 848 Nec
461 812 578 848 voluit
613 814 708 861 quod
744 815 948 865 sepeliretur
982 817 1020 853 in
1051 820 1110 853 Sa-

351 872 466 898 crat0.
505 862 569 899 Sed
606 863 758 913 sepultus
794 867 839 903 est
875 869 975 904 velut
1008 868 1110 905 miles

349 912 525 962 gregarius
562 915 651 963 apud
692 917 792 965 pedes
829 919 963 955 montis
999 921 1110 955 Bene-

350 964 476 1002 venti,
506 963 575 1000 fine
602 967 673 1002 ulla
701 981 829 1016 pompa
856 969 1109 1019 exequiarum3

350 1016 384 1050 &
414 1014 512 1063 super
541 1015 661 1052 foffam
690 1019 763 1066 ejus
790 1018 915 1068 finguli
944 1020 985 1056 de
1012 1035 1111 1057 exer-

352 1065 426 1101 citu
461 1066 584 1102 Caroli
621 1068 778 1116 jecerunt
812 1069 984 1119 singulum
1021 1070 1111 1120 lapi—

350 1115 428 1151 dem
451 1145 460 1161 ,
500 1131 543 1153 ex
580 1131 651 1166 quo
687 1119 778 1156 faeta
813 1121 860 1157 est
895 1121 948 1157 ibi
985 1135 1111 1171 magna

352 1167 518 1204 maceries
546 1168 726 1218 lapidum.
760 1173 808 1208 Et
843 1171 910 1208 hoc
937 1172 982 1209 est
1018 1173 1111 1222 quod

351 1217 463 1254 dicit:
1024 1239 1041 1250 s

402 1272 491 1304 sotto
517 1270 552 1306 la
574 1272 716 1318 guardia
741 1275 779 1308 de
813 1275 848 1309 Ia
879 1288 982 1323 grave
1006 1287 1111 1316 mora,

354 1333 415 1367 pro
444 1322 538 1356 mola
565 1321 780 1368 sepulturae.
810 1327 886 1361 Nec
913 1336 1031 1362 tamen
1058 1326 1111 1361 os-

353 1369 386 1405 sa
415 1371 592 1409 Manfredi
617 1372 677 1409 diu
702 1375 914 1422 quieverunt
939 1376 1010 1412 ibi.
1042 1379 1113 1412 Im-

353 1434 412 1456 mo
442 1432 578 1458 remota
614 1437 633 1460 a
669 1434 760 1461 terra
796 1426 931 1475 abjelsta
969 1427 1112 1463 suntin

355 1485 479 1519 aquam
495 1500 504 1509 .
534 1474 637 1510 Dicit
663 1488 767 1523 ergo:

405 1527 448 1557 Or
474 1524 503 1558 le
538 1526 643 1572 bagua
677 1526 713 1560 la
741 1526 896 1574 pioggt'a‚
931 1541 948 1561 e
981 1541 1069 1562 move
1091 1527 1117 1562 ’l

459 1585 574 1610 Uento·

357 1622 452 1669 Quia
481 1624 560 1660 sunt
587 1625 760 1674 insepulta
777 1654 786 1663 .

407 1674 457 1709 Di
492 1674 560 1715 fuor
593 1677 650 1712 dat
677 1681 810 1725 Regno,
845 1678 936 1725 quast
969 1679 1065 1726 lungo
1091 1679 1118 1714 il

462 1727 580 1762 Verde.

359 1777 406 1809 Et
426 1788 506 1811 ecce
526 1777 643 1812 locum
657 1804 665 1811 .
694 1780 806 1826 Prope
833 1778 962 1814 flumen
983 1778 1116 1814 difflum

360 1824 508 1870 viride,
535 1827 629 1874 quod
656 1827 750 1863 inter
779 1831 936 1877 Regnum
958 1830 991 1864 8<
1013 1831 1121 1865 Cam—

362 1875 501 1924 paniam
544 1877 723 1914 descendit
757 1879 795 1915 in
833 1892 928 1915 mare
963 1879 1122 1926 Tyrrhe-

362 1939 443 1962 num
461 1954 469 1962 .
498 1929 545 1963 Et
571 1928 686 1964 dicit:

415 1980 507 2012 Dave
533 1978 562 2012 le
588 1980 737 2022 trasmurb
760 1994 780 2014 a
807 1981 889 2015 lume
908 1981 1038 2027 spento.

366 2027 532 2068 Scilicet,
559 2028 622 2065 ille
645 2030 758 2066 Pastor
780 2029 1018 2075 Consentiae,
1043 2044 1123 2066 can—

367 2079 455 2114 delis
491 2078 684 2121 enin-stis.
723 2094 801 2116 cum
839 2081 1125 2117 excommunica-

368 2130 466 2166 tione
490 2131 522 2165 8<
551 2131 818 2168 malediciione.
844 2134 894 2168 Et
917 2132 996 2168 heic
1020 2141 1127 2175 nota,

370 2181 462 2228 quod
501 2180 696 2217 Consentia
741 2182 812 2219 fuit
855 2182 944 2218 olim
985 2182 1128 2218 Civitas

370 2231 574 2268 Lucaniae.
614 2232 716 2268 Unde
751 2232 821 2269 fuit
846 2233 1022 2269 Henricus
1050 2231 1127 2267 Mi-

372 2282 443 2323 les,
480 2282 540 2329 qui
570 2296 633 2330 pro
659 2284 790 2318 Carolo
827 2282 982 2330 praefato
1009 2282 1128 2317 subor-

371 2342 504 2375 natus,
551 2332 697 2382 gestavit
737 2334 850 2382 regale
890 2332 1048 2368 diadema
1091 2331 1127 2367 in

371 2382 506 2430 proelio
533 2393 655 2418 eontra
683 2382 949 2419 Conradinum.
986 2385 1040 2417 De
1066 2381 1124 2417 ista

370 2432 534 2468 Civitate
560 2433 759 2481 frequenter
794 2433 883 2469 facit
908 2433 1125 2469 mentionem

371 2482 522 2520 Livius.

694 196 1162 244 BENVENUTI
1201 199 1645 246 IMOLENSIS

350 251 464 287 affinis
501 252 701 299 Manfredi‚
738 268 899 304 acceptus
939 261 972 295 &
1009 273 1106 296 carus
1144 263 1179 298 A

1165 2078 1192 2111 E

1835 215 1886 257 52

1455 263 1518 297 Ad
1546 260 1627 305 VerJ]
1657 269 1738 306 135.
1894 217 1919 258 4

1272 313 1400 346 Mentre
1426 312 1478 347 che
1504 313 1538 346 la
1559 312 1719 359 speranza
1753 310 1797 345 ha
1824 309 1892 355 fior
1924 310 1977 345 det

1321 363 1433 398 verde.

1221 412 1313 448 Heic
1340 422 1425 449 nota
1452 413 1546 461 quod
1573 412 1684 461 aliqui
1707 411 1855 456 dicunt,
1882 411 1977 460 quod

1222 462 1424 500 Manfredus
1469 464 1507 499 in
1552 473 1712 499 extremo
1761 462 1893 498 redivit
1934 461 1976 497 ad

1223 515 1359 550 Deum.
1387 514 1449 550 Sed
1479 524 1571 550 certe
1598 514 1685 550 istud
1714 513 1799 549 scire
1824 526 1893 548 non
1914 526 1977 562 po-

1223 563 1294 599 tuit
1322 566 1448 607 Poeta,
1476 565 1558 612 quia
1583 563 1788 600 Manfredus
1816 562 1977 611 incogni-

1223 623 1278 650 tus
1306 623 1464 650 mortuus
1490 614 1536 649 est
1562 614 1600 649 in
1620 614 1737 650 medio
1758 614 1877 650 ardore
1906 615 1977 649 bel-

1224 664 1272 699 li.
1309 667 1349 699 In
1386 663 1462 699 vita
1498 673 1617 698 tamen
1644 663 1763 698 voluit
1789 664 1978 710 aliquando

1224 713 1433 749 concordare
1469 726 1548 749 cum
1586 711 1762 751 Ecclesia,
1799 713 1832 746 δε
1869 712 1979 748 facere

1225 764 1435 800 affinitatem
1473 776 1552 799 curn
1589 764 1746 799 Carolo.
1782 762 1846 798 Sed
1889 764 1981 810 Papa

1225 814 1428 863 prohibuit,
1457 823 1496 850 ut
1521 827 1585 862 ego
1605 813 1682 849 vidi
1709 813 1747 848 in
1775 813 1980 861 quibusdam

1224 864 1378 912 epistolis
1403 864 1496 912 ejus.
1524 865 1617 900 Dico
1637 877 1741 911 ergo,
1769 863 1862 911 quod
1885 866 1980 899 Dan-

1225 926 1276 951 tes
1303 915 1370 951 hoc
1397 913 1524 964 fingit,
1552 915 1635 963 quia
1663 914 1722 950 sub
1750 913 1810 950 ista
1834 913 1979 950 fisstione

1225 965 1380 1002 intendit
1422 965 1510 1001 hanc
1556 965 1839 1009 conclusionem,
1885 965 1978 1013 quod

1224 1017 1341 1052 nullus
1368 1017 1413 1052 est
1440 1026 1513 1052 tam
1541 1015 1745 1059 sceleratus,
1772 1016 1806 1050 8(
1826 1024 1898 1051 tam
1920 1029 1980 1051 ex-

1225 1066 1528 1111 communicatus,
1556 1067 1617 1114 qui
1645 1066 1682 1102 in
1710 1076 1866 1103 extrema
1886 1078 1981 1102 mor-

1225 1127 1260 1154 te
1288 1131 1358 1154 non
1386 1117 1491 1167 poffit
1516 1117 1627 1153 redire
1654 1116 1695 1153 ad
1724 1120 1857 1154 Deum.

1461 1170 1524 1204 Ad
1551 1168 1633 1213 Vers.
1666 1179 1748 1216 139.

1278 1222 1340 1256 Per
1378 1220 1453 1267 ogni
1492 1230 1590 1267 tempo
1612 1243 1623 1259 ,
1664 1218 1709 1254 ch’
1720 1219 1785 1267 egli
1822 1219 1840 1252 e*
1871 1218 1979 1263 stato,

1326 1281 1454 1315 trema,

1276 1322 1313 1355 In
1335 1321 1397 1366 sua
1420 1321 1614 1368 presention.
1643 1341 1831 1348 -----

1226 1373 1272 1407 Et
1301 1371 1378 1407 heic
1406 1381 1512 1416 nota,
1539 1371 1632 1419 quod
1662 1373 1769 1407 Poeta
1797 1370 1899 1418 ponit
1918 1384 1980 1407 nu-

1228 1435 1361 1457 merum
1392 1436 1455 1469 pro
1482 1435 1646 1457 numero.
1677 1422 1733 1457 Ita
1760 1421 1854 1457 enim
1883 1430 1981 1470 pote-

1229 1481 1281 1507 rat
1308 1472 1422 1506 dicere
1449 1471 1590 1509 decem,
1617 1473 1673 1505 vel
1701 1471 1860 1519 viginti,
1897 1470 1982 1505 ficut

1229 1516 1323 1557 distr
1350 1521 1516 1569 triginta.
1544 1520 1750 1556 Manfredus
1776 1519 1871 1555 enim
1895 1520 1982 1555 duo-

1230 1571 1342 1607 decim
1371 1571 1493 1614 annis,
1530 1571 1659 1618 quibus
1695 1570 1878 1619 regnavit,
1914 1570 1984 1606 fuit

1231 1623 1268 1658 in
1289 1621 1511 1657 contumacia
1537 1620 1728 1656 Ecclesiae.
1762 1621 1845 1656 Ideo
1871 1620 1894 1655 sl
1922 1634 1983 1668 po-

1232 1686 1291 1708 nas
1318 1686 1380 1720 pro
1416 1672 1551 1720 singulo
1580 1683 1672 1706 anno
1701 1672 1813 1706 XXX.
1843 1670 1986 1706 habebis

1234 1735 1396 1770 magnum
1426 1734 1607 1757 numerum
1636 1733 1831 1756 annorum.
1868 1722 1915 1755 Et
1943 1719 1987 1755 fic

1234 1773 1314 1808 vult
1337 1772 1471 1812 dicere,
1499 1771 1591 1819 quod
1615 1770 1748 1807 diutius
1768 1770 1887 1806 differt
1905 1783 1988 1818 poe-

1235 1822 1422 1859 nitentiam
1436 1850 1444 1863 ,
1465 1823 1498 1857 8<
1520 1821 1651 1857 tardius
1668 1820 1795 1869 recipit
1815 1820 1987 1869 gratiam,

1235 1875 1267 1909 δε
1297 1873 1581 1921 multiplicantur
1608 1880 1748 1919 peccata
1774 1871 1870 1919 ejus,
1905 1869 1989 1917 quia

1236 1937 1341 1959 unum
1384 1934 1564 1972 peccatum
1601 1921 1646 1957 est
1681 1919 1778 1956 causa
1819 1920 1988 1956 alterius.

1237 1976 1282 2009 Et
1310 1976 1415 2013 vere,
1453 1972 1605 2014 Le&or‚
1642 1971 1855 2019 quicumque
1892 1983 1989 2019 prae-

1237 2024 1343 2060 lumit
1369 2032 1490 2059 contra
1518 2021 1705 2058 Ecclefiam
1722 2049 1733 2066 ‚
1760 2021 1901 2070 gravius
1928 2034 1991 2069 pu-

1236 2075 1333 2110 nitur
1359 2075 1397 2109 in
1425 2074 1487 2109 isto
1515 2073 1668 2116 mundo,
1695 2071 1802 2107 etiarn
1830 2071 1990 2107 historice

1236 2124 1446 2173 loquendo;
1487 2123 1574 2159 ficut
1609 2122 1839 2158 memorabile
1872 2134 1991 2157 exem-

1238 2177 1335 2224 plum
1362 2175 1528 2211 habemus
1564 2173 1602 2209 in
1638 2173 1700 2209 ista
1735 2172 1861 2208 illustri
1889 2171 1990 2220 stirpe

1236 2225 1383 2262 Sueviae
1406 2252 1416 2260 .
1457 2227 1513 2261 Ne
1548 2224 1618 2259 alia
1653 2224 1812 2270 exempla
1848 2235 1991 2270 quaera-

1237 2290 1339 2316 mus,
1375 2285 1475 2323 potes
1502 2274 1620 2310 videre
1647 2273 1863 2310 manifestum
1900 2271 1989 2321 judi-

1237 2327 1329 2362 cium
1360 2327 1427 2362 Dei
1465 2325 1562 2374 super
1597 2338 1699 2360 eam.
1736 2323 1859 2359 Primo
1894 2335 1991 2357 narn-

1237 2391 1305 2426 que
1331 2375 1526 2412 Fridericus
1546 2376 1576 2412 I.
1597 2375 1668 2422 post
1694 2376 1806 2410 multa
1830 2371 1992 2416 adversa,

1237 2427 1402 2464 tranfiens
1429 2440 1544 2468 mare,
1574 2426 1762 2461 suffocatus
1787 2424 1833 2460 est
1861 2423 1897 2458 in
1926 2421 1992 2457 flu-

1237 2479 1332 2515 mine
1360 2477 1577 2515 Antiochiae
1603 2479 1766 2514 Oronte,
1800 2471 1992 2556 quodd·ho‹

1912 2534 1944 2557 ie
