2216 3105
295 204 374 244 329

584 183 885 227 COMMENT.
916 182 982 225 ΙΝ
1010 178 1236 224 ΒΑΝΤῘΕ
1263 175 1504 220 COMOED.

1718 191 1798 232 330

236 245 424 284 certaldo,
452 243 484 280 se
511 242 608 291 saepe
636 242 803 278 audivisse
828 255 846 277 a
872 241 994 277 Senio-
1016 246 1078 292 vAJ
1101 238 1243 274 tendere
1269 236 1402 282 harpiis
1429 234 1611 282 rapacibus
1638 236 1671 271 8<
1698 248 1860 270 accumu-

236 298 353 338 ribus,
380 293 473 342 quod
494 293 632 342 quando
653 293 781 341 aliquis
810 305 893 340 puer
914 306 993 340 pro-

235 346 379 397 jiciebat
415 344 568 392 lapidem
596 345 654 379 vel
691 345 805 379 lutum
843 342 880 377 in
918 345 994 377 Sta-

233 407 352 434 tuam,
380 394 560 430 dicebatur
586 394 640 430 ei:
680 398 730 429 Tu
755 393 850 437 facies
876 393 992 427 malum

224 446 325 492 finem
339 459 360 488 ‚·
395 445 470 492 quia
505 459 557 492 ego
592 445 667 479 vidi
702 445 817 481 talem.
853 444 908 490 qui
942 444 1017 494 hos*

226 497 324 541 fecit,
352 497 406 542 qui
427 495 597 542 Juffbcams
621 495 662 537 est
689 495 722 529 in
746 499 860 534 Arno,
889 493 935 532 &⁴
955 509 992 529 a-
1014 505 1017 536 ᾖ

233 547 312 581 lium
339 547 394 593 qui
423 546 573 592 supensus
599 546 641 588 eft
666 547 792 592 laqueo.
830 547 876 580 Et
915 544 991 580 sub-

233 596 351 646 jungit
378 596 517 632 Aufflor
543 610 651 632 unum
681 596 781 631 valde
808 596 990 634 mirabile,

233 647 328 695 quod
357 647 496 682 videtur
528 648 715 682 consonare
751 647 806 682 isti
843 646 991 694 antiquo

234 698 343 733 errori
382 697 692 733 florentinorum.
728 697 824 743 Quia
853 697 992 733 videtur

234 748 386 794 expresse
413 749 552 788 dicere,
590 748 684 796 quod
721 750 845 787 Mars,
882 749 991 783 iratus

234 808 376 847 propter
402 798 570 845 injuriam
598 799 659 834 fibi
691 798 816 834 fabiam
848 798 886 834 in
915 812 991 834 mu-

233 850 370 884 tatione
407 849 465 884 ista
486 874 496 889 ‚
535 849 644 887 faciet
680 848 812 898 semper
848 850 992 884 Floren-

233 899 322 934 tiam
351 899 501 936 tristem.
532 900 632 935 Dicit
659 913 741 948 ergo

284 971 470 977 -----
497 952 574 985 oncle
597 962 653 998 per
677 950 797 997 questo,

235 1000 322 1036 Idest
359 1000 430 1048 ipse
465 1003 563 1036 Mars
606 1012 746 1050 propter
788 1001 875 1036 hanc
913 1015 993 1037 cau-

236 1050 329 1089 sam,
357 1051 450 1098 quod
477 1051 647 1087 defierunt
674 1052 787 1086 colere
814 1053 990 1092 Martem,

235 1099 274 1137 δὲ
302 1102 424 1137 colunt
451 1101 662 1149 Baptistam,

286 1154 412 1198 Sempre
439 1165 491 1186 con
517 1151 620 1187 l’arte
641 1153 701 1196 sua
727 1154 762 1188 la
781 1154 859 1197 farti
879 1154 992 1196 trista:

235 1201 321 1236 Idest
357 1201 464 1238 faciet
504 1216 578 1238 eam
621 1202 754 1251 semper
795 1203 991 1240 infortuna-

233 1261 306 1286 tam
335 1252 372 1286 in
402 1251 503 1287 bellis
530 1253 587 1288 sua
613 1252 818 1289 influentia.
847 1255 909 1290 Sed
931 1269 991 1290 an-

232 1309 375 1347 tequam
412 1301 559 1338 ulterius
597 1304 802 1350 procedam,
839 1305 989 1345 Leestor,

233 1352 320 1385 volo
348 1360 382 1386 te
419 1351 529 1391 scire,
567 1354 659 1399 quod
698 1354 851 1400 praesens
879 1354 990 1403 Capi-

231 1401 346 1436 tulum
375 1415 446 1437 non
474 1402 518 1437 est
554 1402 671 1439 minus
699 1403 927 1440 artificiosum
956 1407 987 1440 8<

232 1451 439 1491 obscurum,
468 1466 573 1501 quam
604 1455 832 1501 praecedens,
864 1464 902 1490 ut
930 1469 970 1503 pa

229 1510 282 1536 tet
310 1516 352 1537 ex
381 1503 485 1538 dietis
513 1505 546 1539 δε
575 1504 756 1540 dicendis.
794 1506 877 1540 Ideo
905 1519 989 1541 con—

228 1551 334 1588 sidera
363 1554 448 1589 bene
485 1553 584 1598 heic,
623 1555 715 1603 quod
744 1556 882 1591 AuE‘mr
918 1570 987 1592 non

229 1601 386 1650 sequitur
413 1618 636 1641 communem
674 1620 823 1642 errorem
854 1608 988 1656 Vulgi,

227 1654 312 1700 quia
355 1654 463 1690 nimis
505 1656 587 1691 esset
623 1656 834 1698 absurdum,
876 1658 987 1694 immo

229 1705 360 1751 saperet
397 1704 559 1741 haeresim
597 1706 738 1751 dicere,
775 1709 867 1754 quod
906 1710 988 1743 Flo-

229 1753 343 1789 rentia
362 1754 503 1791 deberet
524 1756 677 1804 recipere
698 1757 884 1798 damnum,
906 1759 987 1806 quia

228 1805 392 1840 conversa
421 1805 462 1841 fit
490 1807 529 1841 ad
551 1807 876 1844 Christianismum.
906 1809 987 1845 Ideo

228 1854 307 1898 dic,
346 1857 439 1903 quod
467 1857 606 1893 Αυξὶοι·
640 1858 700 1893 dat
735 1858 814 1894 heic
842 1861 986 1895 Floren-

227 1905 314 1940 tinis
350 1906 418 1942 suis
446 1921 551 1943 unum
592 1907 744 1944 scomma
781 1919 984 1957 coopertum

227 1956 434 1993 &mordax
472 1959 599 1994 nimis.
637 1961 684 1995 Et
720 1961 799 1996 vult
835 1962 986 1997 latenter

229 2005 365 2046 dicere,
395 2008 488 2054 quod
518 2009 693 2057 postquam
723 2011 904 2047 Florentia
931 2012 1011 2062 ὀὴ]

228 2055 321 2091 mifit
347 2059 524 2104 Martem,
562 2060 645 2095 idest
671 2061 916 2097 fortitudinem
944 2061 984 2098 δε
1009 2054 1055 2105 {E

226 2106 396 2142 virtutem
426 2123 600 2146 armorum
618 2136 628 2150 ,
664 2112 698 2146 δ(
727 2112 843 2160 coepit
871 2113 982 2148 solum
1007 2119 1010 2131 '

226 2158 340 2192 colere
362 2159 570 2207 Baptistam,
598 2161 682 2196 idest
706 2163 916 2207 Florenum,
944 2164 982 2199 in
1007 2163 1010 2177 '

225 2221 296 2254 quo
324 2207 476 2256 sculptus
511 2210 555 2245 est
591 2211 764 2259 Baptista,
801 2213 852 2249 ita
889 2210 1009 2279 quodj

222 2258 319 2293 dedit
346 2258 378 2293 se
406 2258 444 2294 in
471 2269 585 2296 totum
614 2262 803 2302 avaritiae,
831 2275 903 2300 erat
924 2265 981 2300 in-

224 2308 402 2345 fortunata
429 2309 467 2345 in
492 2311 592 2346 rebus
620 2312 777 2347 bellicis.
806 2315 859 2349 Ita
886 2315 979 2362 quod

223 2359 377 2395 breviter
423 2360 571 2397 dicendo
595 2387 606 2402 ,
649 2363 848 2400 florentini
890 2366 977 2401 olim

219 2422 329 2457 quum
369 2410 591 2448 intenderent
627 2413 728 2449 rebus
763 2389 1008 2474 militaribus}

1002 2504 1005 2523 l

218 2461 252 2495 8<
284 2461 491 2506 laboribus,
529 2463 669 2499 fuerunt
704 2464 830 2501 strenui
860 2466 894 2501 δε
922 2467 977 2501 vi-
1002 2478 1005 2498 s

217 2510 382 2560 &oriosi3
414 2512 468 2548 sed
498 2514 677 2563 postquam
707 2525 895 2564 coeperunt
921 2516 976 2554 in-
1001 2528 1005 2536 ·

313 2566 402 2599 Tom.
430 2565 492 2599 ΙΙΙ.

1102 288 1230 324 lationi
1256 313 1267 328 ,
1306 289 1393 324 licet
1435 286 1496 321 visi
1539 285 1604 320 smt
1641 285 1786 320 ditiores
1824 285 1859 320 δε

1103 338 1339 388 potentiores,
1359 347 1476 372 tamen
1496 335 1635 371 fuerunt
1655 348 1774 384 parum
1795 335 1859 370 ho-

1103 389 1218 425 norati
1246 388 1283 424 in
1319 388 1418 436 gestis
1455 399 1659 425 armorum,
1694 387 1728 420 8<
1765 399 1858 421 rece—

1104 448 1227 487 perunt
1254 452 1399 488 magnos
1427 436 1612 473 confliCtus
1629 464 1639 479 ,
1675 436 1709 470 ὅ(
1736 435 1859 484 strages

1074 496 1075 510 ³
1103 492 1297 533 bellorum,
1326 488 1496 524 continuo
1521 489 1598 536 plus
1625 486 1859 522 invalescente

1103 541 1274 577 avaritia.
1310 543 1357 575 Et
1387 539 1483 576 addit
1511 538 1640 574 ultimo
1667 537 1730 573 ille
1759 536 1859 584 spiri—

1103 602 1179 636 tus,
1208 591 1324 640 quod,
1351 589 1414 626 nifi
1442 589 1536 638 quod
1563 597 1719 625 remanet
1747 587 1858 623 adhuc

1103 643 1238 691 aliquid
1274 642 1316 677 de
1351 640 1547 677 reverentia
1583 638 1738 678 Nlartis,
1776 640 1858 673 Flo-

1075 699 1078 718 ³·
1103 694 1215 729 sentia
1250 693 1323 740 ipsa
1350 692 1431 728 esset
1468 692 1535 739 jam
1574 689 1703 739 pluries
1729 689 1859 724 destru—

1103 744 1184 788 ἃᾶ,
1221 743 1398 791 postquam
1437 741 1504 777 fuit
1531 740 1750 776 reaedificata
1787 740 1859 785 post

1102 795 1368 831 destruetioncm
1394 793 1520 828 suniam
1542 793 1583 827 ab
1605 791 1747 840 Attiia;
1777 789 1859 826 Un-

1103 846 1144 881 de
1171 846 1279 881 dicit:

1153 897 1237 942 ¹Quei
1263 896 1432 934 Cittadz'n,
1466 896 1518 929 che
1540 893 1594 941 poi
1619 895 1653 928 la
1681 893 1861 937 risondarno

1153 951 1256 982 Sovra
1282 946 1306 980 ’l
1333 959 1436 985 tener,
1472 946 1522 980 che
1547 944 1696 980 d'Atila
1723 943 1834 987 rimase
1848 967 1859 982 ‚

1105 997 1190 1033 [dest
1225 997 1324 1045 super
1358 995 1520 1043 reliquiis
1547 996 1580 1030 8<
1609 993 1719 1031 ruinis
1757 993 1859 1029 fafflis

1103 1049 1143 1084 ab
1181 1048 1328 1092 Attila,
1369 1046 1508 1095 quando
1545 1046 1715 1082 cremavit
1756 1058 1860 1083 eam,

1103 1109 1141 1134 ut
1167 1099 1280 1134 statim
1309 1099 1453 1146 dicam3

1153 1149 1323 1184 Avrebber
1343 1149 1429 1193 fatto
1454 1149 1600 1183 lav-orare
1628 1148 1660 1181 in
1687 1149 1808 1187 darno,

1102 1200 1197 1246 Quia
1226 1200 1360 1234 scilicet
1396 1199 1524 1234 iterum
1563 1198 1729 1234 destructa
1757 1199 1860 1241 effer,

1103 1253 1158 1286 vel
1185 1250 1351 1286 destructa
1378 1250 1420 1285 de
1447 1262 1541 1285 novo

1151 1304 1198 1336 Et
1219 1301 1253 1346 se
1279 1314 1338 1335 mm
1360 1299 1461 1347 soffe,
1498 1300 1549 1336 che
1575 1299 1607 1334 ’n
1637 1300 1692 1345 sul
1714 1299 1800 1348 paffi’
1825 1300 1858 1335 d’

1200 1355 1295 1386 asmo
1312 1379 1323 1394 ‚

1152 1402 1291 1436 Rimane
1316 1415 1407 1436 anser
1432 1401 1468 1435 di
1493 1402 1542 1436 lui
1567 1403 1680 1436 alcuna
1705 1402 1809 1445 vxsta.

1101 1450 1189 1486 Idest
1226 1452 1371 1498 aliquod
1398 1451 1582 1500 vestigium
1620 1451 1723 1500 ipsius
1760 1455 1859 1490 Mar-

1103 1502 1174 1545 tis,
1213 1501 1349 1537 scilicet
1377 1502 1515 1537 Idolum
1552 1502 1650 1549 supra
1689 1505 1860 1549 Pontem,

1104 1562 1162 1600 per
1197 1565 1301 1600 quem
1338 1552 1501 1588 transitur
1527 1555 1646 1588 Arnus
1684 1553 1861 1603 principa·-

1102 1604 1205 1638 liter.
1241 1605 1288 1638 Et
1326 1603 1402 1638 heic
1440 1612 1544 1642 nota,
1582 1613 1621 1639 ut
1657 1603 1719 1639 ista
1755 1605 1859 1642 litera

1103 1654 1291 1690 concordet
1318 1667 1397 1690 curn
1427 1654 1644 1703 praecedenti
1669 1655 1860 1703 expositio-

1101 1718 1171 1750 ne,
1208 1718 1313 1753 quam
1350 1705 1444 1749 feci,
1481 1705 1573 1753 quod
1612 1705 1751 1741 Au5³mr
1788 1720 1859 1742 non

1100 1755 1204 1791 habet
1241 1755 1319 1791 heic
1357 1755 1548 1803 respeRum
1579 1755 1620 1790 ad
1658 1756 1797 1792 Idolum
1825 1757 1858 1793 i-

1098 1806 1193 1850 stud,
1221 1805 1306 1841 ficut
1332 1806 1436 1842 litera
1458 1806 1577 1842 sonare
1596 1805 1755 1842 videtur.
1785 1810 1857 1843 Im-

1099 1869 1158 1891 mo
1186 1858 1265 1892 vult
1284 1857 1400 1892 velate
1427 1857 1563 1896 dicere,
1591 1857 1683 1905 quod
1713 1857 1775 1894 nisi
1804 1858 1855 1894 es·-

1098 1907 1146 1942 set
1174 1907 1286 1943 adhuc
1322 1907 1456 1955 aliquid
1484 1908 1526 1943 de
1553 1908 1686 1944 virtute
1713 1909 1745 1944 δε
1776 1923 1856 1958 pro-

1098 1957 1208 1994 bitate
1235 1958 1379 2005 antiqua
1407 1959 1443 1994 in
1465 1958 1641 2006 aliquibus
1669 1959 1768 1995 bonis
1790 1961 1853 1995 Ci—

1097 2008 1223 2048 vibus,
1261 2008 1358 2057 saepe
1385 2010 1565 2044 Florentia
1601 2010 1682 2045 esset
1720 2010 1786 2056 jam
1816 2024 1851 2046 e-

1097 2059 1210 2094 versa.
1247 2061 1294 2094 Et
1330 2059 1381 2094 ita
1416 2059 1461 2094 est
1496 2059 1534 2095 in
1561 2059 1660 2095 omni
1689 2059 1850 2097 Civitate

1095 2109 1245 2145 Mundi.
1281 2110 1376 2154 Quia
1412 2109 1475 2146 nisi
1512 2110 1660 2149 Virtus,
1700 2112 1852 2147 Pruden-

1095 2159 1145 2195 tia
1169 2188 1179 2204 ‚
1219 2162 1255 2195 8<
1296 2160 1443 2196 Bonitas
1480 2161 1618 2209 aliquot
1658 2174 1849 2210 paucorum

1093 2209 1291 2248 defenderet
1327 2211 1504 2248 Civitates
1541 2212 1583 2247 ab
1622 2211 1674 2248 ira
1711 2212 1778 2248 Dei
1815 2214 1849 2248 &

1093 2262 1221 2306 Coeli,
1249 2269 1342 2298 certe
1369 2271 1468 2298 tanta
1487 2263 1533 2299 est
1560 2262 1754 2298 multitudo
1777 2276 1850 2300 ma-

1092 2312 1228 2352 lorum,
1256 2312 1350 2360 quod
1379 2313 1475 2361 saepe
1503 2313 1806 2350 subverterentur.

1215 2365 1278 2399 Ad
1305 2367 1400 2399 Cant.
1429 2366 1516 2400 XIV.
1553 2365 1635 2410 Vers.
1662 2377 1723 2411 40.

1139 2416 1247 2460 Senza
1273 2414 1370 2461 riposo
1396 2416 1462 2450 mai
1488 2427 1540 2450 era
1566 2415 1601 2450 la
1627 2415 1764 2460 Tresca:

1089 2465 1135 2498 Et
1172 2463 1250 2500 heic
1287 2474 1400 2504 nota,
1442 2473 1482 2500 ut
1518 2466 1603 2501 bene
1643 2466 1784 2507 videas,
1824 2463 1846 2499 si

1062 2494 1227 2550 {Aufflor
1264 2524 1409 2550 venatus
1445 2514 1514 2550 fuit
1552 2515 1703 2564 ubique,
1742 2515 1845 2599 qtcilid-

1170 2566 1200 2599 Y
1709 2565 1770 2612 qui
