2216 3105
364 373 1570 518 mssERTATm
1750 560 1759 577 ‚

236 609 1706 687 DECIMASEPTIMA‚

579 881 685 916 etiam
708 906 717 920 ‚
754 894 823 915 non
858 894 920 915 no-

582 932 675 967 mine
692 931 831 979 quidem
844 955 854 970 ,
866 930 920 966 sed

384 1021 393 1034 Q
581 995 616 1017 re
655 981 790 1017 emerfit
815 1006 824 1020 ‚
867 981 923 1016 vi-

445 1034 463 1053 ‘¹
504 1043 536 1083 τῇ
580 1032 725 1079 guitque
737 1034 922 1080 perpetuo.

427 1094 441 1103 ²
581 1085 633 1117 Eo
662 1091 777 1117 autem
808 1081 924 1116 nomi—

469 1126 500 1144 ’ἒ
521 1130 540 1143 ’δ’
581 1145 623 1167 ne
672 1133 710 1166 ὲ.
742 1131 883 1168 Latinis
915 1156 923 1169 ‚

158 1185 337 1233 postquam
380 1187 611 1232 Imperatores
657 1195 771 1218 rerum
814 1182 923 1230 potiti

160 1235 259 1273 sunt,
296 1237 427 1272 saccus,
466 1234 549 1268 idest
578 1232 811 1278 marsupium,
854 1232 922 1267 five
946 1222 993 1266 ΙΒ

160 1284 346 1319 Aerarium
397 1282 570 1331 Principis
612 1281 805 1329 designatus
847 1282 920 1321 est,

162 1343 199 1369 ut
227 1335 245 1368 a
274 1333 420 1382 pecunia
449 1331 676 1381 Reipublicae
698 1331 920 1379 distinguere<

160 1393 239 1423 tur,
277 1397 364 1431 quae
394 1383 512 1419 Plinio
543 1382 678 1430 juniore
706 1381 785 1416 teste
812 1386 919 1416 Aera-

160 1435 241 1469 rium
278 1434 444 1482 appellari
482 1433 654 1482 perrexit.
702 1436 813 1466 saccus
854 1431 920 1467 hoc

159 1484 257 1520 sensu
294 1484 478 1520 adhibetur
505 1485 523 1519 a
562 1483 687 1519 saneto
724 1482 919 1530 Augustino

159 1537 194 1570 8<
232 1533 312 1569 aliis
336 1561 344 1570 .
384 1534 466 1570 Fuit
503 1534 580 1570 suus
623 1547 761 1582 quoque
804 1533 920 1569 Fiscus

160 1584 429 1633 Langobardis‚
468 1585 630 1623 Francis,
668 1584 813 1632 aliisque
853 1587 920 1619 Re-

160 1636 221 1683 gni
251 1635 369 1670 Italici
401 1636 570 1684 Regibus:
611 1646 714 1683 atque
751 1636 837 1670 illuc
865 1635 920 1670 in—

161 1685 335 1720 ferebatur
376 1698 497 1721 aurum
537 1687 572 1721 &
600 1696 806 1734 argentum,
845 1695 919 1720 tum

162 1734 203 1769 ad
243 1735 372 1769 Palatii
412 1734 629 1782 splendorem
669 1735 920 1775 sustinendum,

162 1794 239 1819 turn
269 1784 308 1818 ad
337 1786 483 1819 tutelam
515 1785 626 1833 Regni
644 1812 653 1825 ,
682 1795 740 1820 aut
768 1785 809 1819 ad
837 1786 920 1820 belli

164 1833 400 1873 necessitates,
429 1835 541 1870 aliave
570 1835 702 1883 publici
740 1835 922 1883 regiminis

164 1884 285 1920 munia
313 1895 569 1933 opportunum.
607 1888 711 1933 Saepe
749 1886 785 1920 in
814 1886 921 1934 Legi-

166 1936 226 1970 bus
256 1936 564 1982 Langobardorum
604 1939 738 1983 Regum
767 1936 922 1972 occurrit

166 1985 275 2019 Curris
303 1987 424 2032 Regia.
464 1988 515 2021 Ita
552 1987 579 2022 ii
618 1987 741 2030 Ftscum
769 1988 921 2035 appella—

166 2035 270 2070 bant.
310 2037 346 2070 In
385 2038 478 2084 Lege
524 2049 603 2083 157.
647 2036 840 2072 Rotharis:
884 2038 923 2072 51·

167 2085 299 2118 intentio
322 2086 419 2129 fucrit
445 2098 550 2122 contra
575 2091 702 2121 Curtem
730 2089 828 2134 Regis
844 2114 851 2122 .
882 2089 920 2122 In

171 2138 252 2179 158.
280 2137 386 2170 Curtis
427 2138 532 2183 Regia
574 2138 656 2184 ipsas
695 2139 775 2172 duas
816 2142 923 2172 uncias

158 2185 331 2231 Jusctpfat.
373 2189 412 2221 In
454 2191 533 2232 185.
570 2199 727 2235 componat
750 2200 806 2235 pro
832 2190 923 2234 culpa

166 2235 200 2268 in
236 2238 331 2269 Curta
369 2238 467 2283 Regis
493 2239 615 2272 Solidos
655 2250 798 2274 centum.
836 2241 922 2274 Sunt

168 2283 206 2319 ἃ
235 2285 303 2320 alia
332 2286 481 2333 plurima
517 2289 594 2322 loca
630 2289 820 2336 ejusmodi.
858 2290 921 2325 Sed

163 2335 197 2369 8<
234 2337 358 2370 Palatii
398 2350 483 2372 voce
523 2337 697 2374 interdum
747 2339 825 2375 sunt
875 2339 921 2375 usi

164 2387 477 2431 Langobardorum
505 2390 614 2436 Reges
634 2413 644 2428 ,
685 2388 738 2425 uti
778 2389 923 2425 habetur

163 2435 198 2470 in
240 2437 438 2486 privilegio
476 2438 618 2473 Aistulfi
655 2440 811 2475 concesso
838 2443 952 2515 Nlo-1

162 2485 282 2521 nachis
328 2488 624 2531 Nonantulanis‚
670 2490 689 2524 ὲ
730 2502 784 2524 me
826 2490 951 2538 edito¹

164 2537 255 2571 Part.
286 2538 330 2572 ΙΙ.
353 2539 463 2575 Tomi
495 2540 522 2574 Ι.
560 2541 638 2575 Rer.
669 2539 820 2576 Italicar.
846 2554 921 2589 pag.
947 2543 951 2579 l

214 2590 380 2624 Tomffl.

505 819 537 835 a,
563 781 593 814 X
621 793 691 828 quo
718 782 828 829 Reges
856 779 919 815 esse
942 780 1011 814 *At
1038 790 1118 826 193.
1149 779 1327 813 Praeterea
1364 777 1386 813 fi
1414 791 1495 814 vera
1522 779 1600 815 sunt
1638 780 1789 818 Privile-

1033 831 1090 877 gia
1117 828 1208 866 duo,
1243 842 1351 864 unum
1387 829 1599 872 Hilprandi,
1641 833 1789 868 alterum

1033 879 1201 915 Ratchifii
1229 882 1363 927 Regum
1380 907 1390 922 ‚
1432 894 1519 928 quae
1555 883 1724 930 Campius
1751 884 1790 919 in

1031 930 1237 978 Appendice
1274 930 1385 965 Tomi
1422 932 1450 966 Ι.
1486 931 1615 968 Histor.
1656 933 1786 969 Eccles.

1033 982 1256 1016 Placentinae
1293 980 1508 1029 evulgavit,
1554 982 1605 1017 ibi
1649 997 1789 1032 quoque

1031 1044 1092 1079 pro
1120 1031 1210 1075 Fisco
1237 1041 1451 1067 memoratur
1468 1033 1652 1068 Palatium.
1682 1037 1788 1069 Fran—

1030 1081 1063 1117 ci
1091 1087 1173 1116 νει-ὸ
1200 1081 1377 1117 interdum
1404 1085 1534 1127 curtis,
1562 1083 1658 1133 saepe
1686 1087 1787 1120 Pala-

1029 1131 1070 1165 tii
1097 1132 1240 1167 nomine
1268 1132 1360 1167 idem
1389 1131 1645 1180 significarunt.
1684 1138 1789 1185 Saepe

1030 1181 1135 1217 etiam
1165 1181 1211 1216 ufi
1240 1182 1317 1217 sunt
1346 1184 1518 1217 vocabulo
1544 1184 1650 1228 Fisct'.
1678 1187 1789 1221 Caro—

1029 1234 1082 1267 lus
1120 1235 1271 1280 Magnus
1314 1231 1351 1267 in
1395 1233 1590 1282 Privilegio
1633 1237 1791 1272 concesso

1030 1283 1234 1329 Apollinari
1272 1282 1446 1331 Episcopo
1483 1284 1640 1332 Regiensi
1682 1287 1792 1323 Anno

1031 1334 1299 1368 DCCLXXXI.
1327 1334 1416 1382 apud
1446 1334 1651 1381 Ughellium
1669 1361 1679 1375 ,
1708 1350 1790 1385 poe-

1029 1395 1109 1416 nam
1151 1383 1241 1417 illud
1279 1382 1495 1419 violantibus
1532 1385 1685 1426 indicit,
1725 1402 1788 1422 me-

1028 1432 1176 1466 dietatem
1207 1433 1336 1466 Palatio
1363 1434 1480 1475 nostro,
1508 1437 1701 1471 medietatem
1726 1441 1790 1473 Ec-

1030 1482 1156 1523 clesiae,
1185 1482 1232 1516 cui
1252 1483 1321 1516 vim
1341 1483 1476 1525 intulit,
1505 1486 1764 1532 persolvendam
1779 1517 1787 1525 .

1033 1533 1125 1568 Illud
1154 1542 1270 1568 tamen
1300 1531 1448 1569 minime
1478 1534 1759 1573 diffimulandum
1778 1565 1790 1579 ,

1031 1596 1196 1631 perquam
1236 1586 1312 1618 raro
1349 1584 1386 1619 in
1425 1584 1640 1632 Diplomatis
1668 1590 1791 1625 Caroli

1031 1633 1156 1681 Magni
1184 1635 1218 1669 ὃς
1247 1634 1424 1670 Ludovici
1456 1634 1509 1671 Pii
1539 1649 1684 1683 poenam
1711 1639 1790 1674 vio-

959 1702 1006 1740 C}
1029 1685 1200 1720 latoribus
1227 1684 1361 1729 indici,
1390 1698 1501 1733 neque
1529 1686 1704 1723 interdum
1733 1703 1790 1725 ca-

1003 1742 1006 1777 ᾗ
1030 1747 1103 1770 rere
1131 1734 1345 1783 suspicione,
1383 1749 1470 1784 quae
1506 1737 1663 1773 eamdem
1692 1753 1790 1775 com·

1003 1778 1006 1817 l
1031 1785 1250 1832 pleStuntur.
1279 1785 1341 1821 Sed
1370 1787 1412 1821 ab
1439 1800 1557 1835 eorum
1584 1790 1790 1827 Successori-

1031 1836 1092 1870 bus
1120 1836 1246 1871 Palatii
1268 1837 1477 1872 vocabulum
1500 1837 1698 1886 usurpatum
1722 1841 1789 1877 fre-

1030 1886 1194 1933 quentius
1221 1885 1310 1926 fuit,
1340 1887 1391 1922 uti
1421 1888 1564 1924 illorum
1591 1897 1789 1938 temporum

1033 1937 1238 1984 Diplomata
1267 1937 1439 1985 produnt,
1468 1941 1485 1974 ὲ
1506 1939 1631 1986 quibus
1652 1941 1790 1989 aliquot

1031 1986 1186 2022 nondum
1214 1987 1286 2023 luci
1314 1987 1448 2024 reddita
1485 1988 1522 2024 in
1559 1991 1788 2028 Eruditorum

1032 2037 1256 2072 commodum
1278 2040 1441 2087 evulgare
1461 2053 1553 2075 nunc
1572 2042 1688 2077 lubet.
1715 2045 1789 2079 Lo-

1032 2087 1165 2122 tharius
1202 2101 1283 2137 ergo
1325 2090 1462 2125 Primus
1498 2091 1672 2139 Augustus
1713 2107 1788 2129 eam

1031 2150 1156 2173 vocem
1191 2140 1226 2173 &
1263 2138 1334 2186 ipse
1370 2139 1532 2177 adhibuit
1572 2141 1609 2177 in
1640 2142 1789 2179 privile-

1031 2188 1112 2236 gio,
1140 2189 1234 2236 quod
1262 2189 1351 2225 mihi
1377 2189 1614 2239 suppeditavit
1634 2194 1790 2229 Tabula-

1032 2238 1124 2274 rium
1153 2239 1384 2286 antiquissimi
1414 2242 1644 2278 parthenonis
1687 2244 1789 2280 Tici-

1033 2288 1142 2325 nenfis
1187 2290 1332 2326 sanetae
1378 2290 1516 2328 Mariae
1556 2293 1788 2333 Theodotae,

1032 2353 1124 2375 nunc
1142 2341 1228 2375 della
1251 2341 1389 2382 Posterla
1405 2367 1414 2376 .
1443 2343 1659 2379 praeferebat
1681 2357 1790 2380 mem-

1000 2380 1136 2425 ‘brana
1181 2390 1318 2439 aspectu
1373 2392 1487 2439 primo
1529 2403 1628 2429 notas
1668 2408 1787 2430 omnes

1033 2441 1239 2489 autographi
1269 2442 1513 2478 monumenti.
1541 2445 1602 2478 Sed
1620 2469 1630 2482 ,
1658 2444 1788 2481 fateor,

1032 2499 1170 2525 enatam
1218 2491 1307 2526 mihi
1355 2491 1582 2539 suspicionem
1635 2494 1787 2540 aliquam

1031 2540 1155 2576 dubiae
1193 2540 1275 2577 fidei
1312 2542 1466 2577 nondum
1504 2542 1585 2578 satis
1613 2543 1787 2591 detergere

1191 2593 1221 2625 E
1675 2606 1737 2641 po-⁴
