<?xml version="1.0" encoding="UTF-8"?>
<!DOCTYPE html PUBLIC "-//W3C//DTD XHTML 1.0 Transitional//EN"
    "http://www.w3.org/TR/xhtml1/DTD/xhtml1-transitional.dtd">
<html xmlns="http://www.w3.org/1999/xhtml" xml:lang="en" lang="en">
 <head>
  <title>
</title>
<meta http-equiv="Content-Type" content="text/html;charset=utf-8" />
  <meta name='ocr-system' content='tesseract 3.04.00' />
  <meta name='ocr-capabilities' content='ocr_page ocr_carea ocr_par ocr_line ocrx_word'/>
</head>
<body>
  <div class='ocr_page' id='page_1' title='image "antiquitatesital03mura_0047.png"; bbox 0 0 2216 3105; ppageno 0'>
   <div class='ocr_carea' id='block_1_1' title="bbox 235 225 289 264">
    <p class='ocr_par' dir='ltr' id='par_1_1' title="bbox 235 225 289 264">
     <span class='ocr_line' id='line_1_1' title="bbox 235 225 289 264; baseline 0.037 -2"><span class='ocrx_word' id='word_1_1' title='bbox 235 225 289 264; x_wconf 86' lang='lat'>77</span> 
     </span>
    </p>
   </div>
   <div class='ocr_carea' id='block_1_2' title="bbox 536 201 1444 247">
    <p class='ocr_par' dir='ltr' id='par_1_2' title="bbox 536 201 1444 247">
     <span class='ocr_line' id='line_1_2' title="bbox 536 201 1444 247; baseline -0.003 0"><span class='ocrx_word' id='word_1_2' title='bbox 536 203 901 247; x_wconf 81' lang='lat' dir='ltr'><em>DISSERTATIO</em></span> <span class='ocrx_word' id='word_1_3' title='bbox 944 201 1444 245; x_wconf 82' lang='lat' dir='ltr'><em>DECIMASEPTIMA.</em></span> 
     </span>
    </p>
   </div>
   <div class='ocr_carea' id='block_1_3' title="bbox 1684 210 1735 258">
    <p class='ocr_par' dir='ltr' id='par_1_3' title="bbox 1684 210 1735 258">
     <span class='ocr_line' id='line_1_3' title="bbox 1684 210 1735 258; baseline 0 -9"><span class='ocrx_word' id='word_1_4' title='bbox 1684 210 1735 258; x_wconf 75' lang='lat'>78</span> 
     </span>
    </p>
   </div>
   <div class='ocr_carea' id='block_1_4' title="bbox 173 261 1793 310">
    <p class='ocr_par' dir='ltr' id='par_1_4' title="bbox 173 261 1793 310">
     <span class='ocr_line' id='line_1_4' title="bbox 173 261 1793 310; baseline 0 -10"><span class='ocrx_word' id='word_1_5' title='bbox 173 267 249 301; x_wconf 78' lang='lat' dir='ltr'>toris</span> <span class='ocrx_word' id='word_1_6' title='bbox 268 264 545 310; x_wconf 79' lang='lat' dir='ltr'>lemengardem‚</span> <span class='ocrx_word' id='word_1_7' title='bbox 572 277 650 310; x_wconf 85' lang='lat' dir='ltr'>quae</span> <span class='ocrx_word' id='word_1_8' title='bbox 668 265 754 310; x_wconf 81' lang='lat' dir='ltr'>apud</span> <span class='ocrx_word' id='word_1_9' title='bbox 772 277 839 298; x_wconf 75' lang='lat' dir='ltr'>eum</span> <span class='ocrx_word' id='word_1_10' title='bbox 858 278 922 299; x_wconf 83' lang='lat' dir='ltr'>mo·</span> <span class='ocrx_word' id='word_1_11' title='bbox 948 263 994 305; x_wconf 63' lang='lat' dir='ltr'>ffA</span> <span class='ocrx_word' id='word_1_12' title='bbox 1035 261 1199 306; x_wconf 83' lang='lat' dir='ltr'>Januario</span> <span class='ocrx_word' id='word_1_13' title='bbox 1227 261 1349 297; x_wconf 86' lang='lat' dir='ltr'>Mense</span> <span class='ocrx_word' id='word_1_14' title='bbox 1377 262 1476 296; x_wconf 88' lang='lat' dir='ltr'>Anni</span> <span class='ocrx_word' id='word_1_15' title='bbox 1505 262 1793 300; x_wconf 74' lang='lat' dir='ltr'>DCCCLxxx-</span> 
     </span>
    </p>
   </div>
   <div class='ocr_carea' id='block_1_5' title="bbox 161 314 951 1167">
    <p class='ocr_par' dir='ltr' id='par_1_5' title="bbox 161 314 951 1167">
     <span class='ocr_line' id='line_1_5' title="bbox 170 314 923 360; baseline -0.003 -9"><span class='ocrx_word' id='word_1_16' title='bbox 170 318 319 354; x_wconf 82' lang='lat' dir='ltr'>rabatur,</span> <span class='ocrx_word' id='word_1_17' title='bbox 347 314 454 360; x_wconf 81' lang='lat' dir='ltr'>iniquo</span> <span class='ocrx_word' id='word_1_18' title='bbox 474 315 615 348; x_wconf 84' lang='lat' dir='ltr'>conludio</span> <span class='ocrx_word' id='word_1_19' title='bbox 635 314 667 348; x_wconf 84' lang='lat' dir='ltr'>in</span> <span class='ocrx_word' id='word_1_20' title='bbox 689 315 923 349; x_wconf 79' lang='lat' dir='ltr'><em>matrimonium</em></span> 
     </span>
     <span class='ocr_line' id='line_1_6' title="bbox 161 363 922 409; baseline 0.004 -12"><span class='ocrx_word' id='word_1_21' title='bbox 161 363 297 409; x_wconf 78' lang='lat' dir='ltr'><em>sumsit.</em></span> <span class='ocrx_word' id='word_1_22' title='bbox 326 364 482 399; x_wconf 84' lang='lat' dir='ltr'>Ducibus</span> <span class='ocrx_word' id='word_1_23' title='bbox 510 363 602 399; x_wconf 88' lang='lat' dir='ltr'>hisce</span> <span class='ocrx_word' id='word_1_24' title='bbox 630 364 830 400; x_wconf 77' lang='lat' dir='ltr'>Annalibus</span> <span class='ocrx_word' id='word_1_25' title='bbox 859 367 922 400; x_wconf 85' lang='lat' dir='ltr'>Pa-</span> 
     </span>
     <span class='ocr_line' id='line_1_7' title="bbox 167 413 922 463; baseline 0.004 -15"><span class='ocrx_word' id='word_1_26' title='bbox 167 413 244 461; x_wconf 88' lang='lat' dir='ltr'>gius</span> <span class='ocrx_word' id='word_1_27' title='bbox 263 438 274 453; x_wconf 92' lang='lat'>‚</span> <span class='ocrx_word' id='word_1_28' title='bbox 324 413 585 450; x_wconf 87' lang='lat' dir='ltr'>San-marthani</span> <span class='ocrx_word' id='word_1_29' title='bbox 640 414 676 450; x_wconf 88' lang='lat' dir='ltr'>in</span> <span class='ocrx_word' id='word_1_30' title='bbox 732 416 922 463; x_wconf 86' lang='lat' dir='ltr'>Genealog.</span> 
     </span>
     <span class='ocr_line' id='line_1_8' title="bbox 167 464 921 513; baseline 0.003 -15"><span class='ocrx_word' id='word_1_31' title='bbox 167 466 309 503; x_wconf 86' lang='lat' dir='ltr'>Franc.,</span> <span class='ocrx_word' id='word_1_32' title='bbox 348 465 546 500; x_wconf 83' lang='lat' dir='ltr'>Hadrianus</span> <span class='ocrx_word' id='word_1_33' title='bbox 574 464 748 505; x_wconf 82' lang='lat' dir='ltr'>Valefius‚</span> <span class='ocrx_word' id='word_1_34' title='bbox 789 464 921 513; x_wconf 87' lang='lat' dir='ltr'>aliique</span> 
     </span>
     <span class='ocr_line' id='line_1_9' title="bbox 165 514 922 561; baseline 0.004 -13"><span class='ocrx_word' id='word_1_35' title='bbox 165 514 433 550; x_wconf 83' lang='lat' dir='ltr'>matrimonium</span> <span class='ocrx_word' id='word_1_36' title='bbox 463 515 688 561; x_wconf 83' lang='lat' dir='ltr'>Ermingardis</span> <span class='ocrx_word' id='word_1_37' title='bbox 714 515 754 550; x_wconf 83' lang='lat' dir='ltr'>ad</span> <span class='ocrx_word' id='word_1_38' title='bbox 776 517 922 551; x_wconf 87' lang='lat' dir='ltr'>Annum</span> 
     </span>
     <span class='ocr_line' id='line_1_10' title="bbox 166 564 923 615; baseline 0.005 -17"><span class='ocrx_word' id='word_1_39' title='bbox 166 565 469 601; x_wconf 82' lang='lat' dir='ltr'>DCCCLXXVI.</span> <span class='ocrx_word' id='word_1_40' title='bbox 498 564 669 601; x_wconf 88' lang='lat' dir='ltr'>referunt.</span> <span class='ocrx_word' id='word_1_41' title='bbox 710 565 773 601; x_wconf 90' lang='lat' dir='ltr'>Sed</span> <span class='ocrx_word' id='word_1_42' title='bbox 815 579 923 615; x_wconf 88' lang='lat' dir='ltr'>nuper</span> 
     </span>
     <span class='ocr_line' id='line_1_11' title="bbox 165 613 922 663; baseline 0.004 -15"><span class='ocrx_word' id='word_1_43' title='bbox 165 613 321 649; x_wconf 89' lang='lat' dir='ltr'>vidimus</span> <span class='ocrx_word' id='word_1_44' title='bbox 348 616 404 663; x_wconf 86' lang='lat' dir='ltr'>agi</span> <span class='ocrx_word' id='word_1_45' title='bbox 432 616 473 651; x_wconf 89' lang='lat' dir='ltr'>de</span> <span class='ocrx_word' id='word_1_46' title='bbox 493 615 610 650; x_wconf 90' lang='lat' dir='ltr'>eadem</span> <span class='ocrx_word' id='word_1_47' title='bbox 636 616 863 658; x_wconf 58' lang='lat' dir='ltr'>Ermintzarda</span> <span class='ocrx_word' id='word_1_48' title='bbox 886 617 922 652; x_wconf 91' lang='lat' dir='ltr'>in</span> 
     </span>
     <span class='ocr_line' id='line_1_12' title="bbox 165 664 925 714; baseline 0.003 -14"><span class='ocrx_word' id='word_1_49' title='bbox 165 664 370 700; x_wconf 87' lang='lat' dir='ltr'>testamento</span> <span class='ocrx_word' id='word_1_50' title='bbox 392 666 634 714; x_wconf 83' lang='lat' dir='ltr'>Angelbergae</span> <span class='ocrx_word' id='word_1_51' title='bbox 659 666 830 714; x_wconf 84' lang='lat' dir='ltr'>Augustae</span> <span class='ocrx_word' id='word_1_52' title='bbox 851 680 925 702; x_wconf 82' lang='lat' dir='ltr'>ma-</span> 
     </span>
     <span class='ocr_line' id='line_1_13' title="bbox 165 715 951 765; baseline 0.005 -15"><span class='ocrx_word' id='word_1_53' title='bbox 165 715 251 755; x_wconf 79' lang='lat' dir='ltr'>tris,</span> <span class='ocrx_word' id='word_1_54' title='bbox 280 716 332 751; x_wconf 85' lang='lat' dir='ltr'>uti</span> <span class='ocrx_word' id='word_1_55' title='bbox 361 715 471 751; x_wconf 79' lang='lat' dir='ltr'>adhuc</span> <span class='ocrx_word' id='word_1_56' title='bbox 500 717 613 762; x_wconf 69' lang='lat' dir='ltr'>puella</span> <span class='ocrx_word' id='word_1_57' title='bbox 641 716 749 752; x_wconf 65' lang='lat' dir='ltr'>libera</span> <span class='ocrx_word' id='word_1_58' title='bbox 768 745 777 759; x_wconf 80' lang='grc'>,</span> <span class='ocrx_word' id='word_1_59' title='bbox 819 717 924 765; x_wconf 88' lang='lat' dir='ltr'>idque</span> <span class='ocrx_word' id='word_1_60' title='bbox 948 719 951 731; x_wconf 71' lang='lat'><em>⁴</em></span> 
     </span>
     <span class='ocr_line' id='line_1_14' title="bbox 166 767 925 815; baseline 0.003 -14"><span class='ocrx_word' id='word_1_61' title='bbox 166 767 275 801; x_wconf 89' lang='lat' dir='ltr'>Anno</span> <span class='ocrx_word' id='word_1_62' title='bbox 305 768 625 802; x_wconf 82' lang='lat' dir='ltr'><strong>DCCCLXXVII.</strong></span> <span class='ocrx_word' id='word_1_63' title='bbox 662 769 827 813; x_wconf 84' lang='lat' dir='ltr'>Quonam</span> <span class='ocrx_word' id='word_1_64' title='bbox 866 781 925 815; x_wconf 89' lang='lat' dir='ltr'>pa-</span> 
     </span>
     <span class='ocr_line' id='line_1_15' title="bbox 167 816 923 866; baseline 0.003 -14"><span class='ocrx_word' id='word_1_65' title='bbox 167 816 226 852; x_wconf 69' lang='lat' dir='ltr'>&amp;o</span> <span class='ocrx_word' id='word_1_66' title='bbox 254 817 336 852; x_wconf 82' lang='lat' dir='ltr'>haec</span> <span class='ocrx_word' id='word_1_67' title='bbox 365 817 604 865; x_wconf 85' lang='lat' dir='ltr'>componenda</span> <span class='ocrx_word' id='word_1_68' title='bbox 641 817 728 857; x_wconf 88' lang='lat' dir='ltr'>fint,</span> <span class='ocrx_word' id='word_1_69' title='bbox 764 817 923 866; x_wconf 87' lang='lat' dir='ltr'>quaeris?</span> 
     </span>
     <span class='ocr_line' id='line_1_16' title="bbox 168 867 924 917; baseline 0.001 -14"><span class='ocrx_word' id='word_1_70' title='bbox 168 867 394 914; x_wconf 87' lang='lat' dir='ltr'>Respondeo,</span> <span class='ocrx_word' id='word_1_71' title='bbox 440 868 622 915; x_wconf 88' lang='lat' dir='ltr'>deceptum</span> <span class='ocrx_word' id='word_1_72' title='bbox 675 868 844 917; x_wconf 86' lang='lat' dir='ltr'>Pagium,</span> <span class='ocrx_word' id='word_1_73' title='bbox 889 870 924 904; x_wconf 73' lang='grc' dir='ltr'>δε</span> 
     </span>
     <span class='ocr_line' id='line_1_17' title="bbox 168 918 924 966; baseline 0 -12"><span class='ocrx_word' id='word_1_74' title='bbox 168 928 299 954; x_wconf 88' lang='lat' dir='ltr'>ceteros</span> <span class='ocrx_word' id='word_1_75' title='bbox 327 918 439 953; x_wconf 87' lang='lat' dir='ltr'>eidem</span> <span class='ocrx_word' id='word_1_76' title='bbox 476 919 683 958; x_wconf 87' lang='lat' dir='ltr'>concordes,</span> <span class='ocrx_word' id='word_1_77' title='bbox 724 919 817 966; x_wconf 90' lang='lat' dir='ltr'>quod</span> <span class='ocrx_word' id='word_1_78' title='bbox 854 932 924 955; x_wconf 88' lang='lat' dir='ltr'>non</span> 
     </span>
     <span class='ocr_line' id='line_1_18' title="bbox 168 968 925 1005; baseline 0.001 -1"><span class='ocrx_word' id='word_1_79' title='bbox 168 968 249 1004; x_wconf 87' lang='lat' dir='ltr'>satis</span> <span class='ocrx_word' id='word_1_80' title='bbox 277 978 435 1004; x_wconf 85' lang='lat' dir='ltr'>accurate</span> <span class='ocrx_word' id='word_1_81' title='bbox 463 969 566 1004; x_wconf 87' lang='lat' dir='ltr'>verba</span> <span class='ocrx_word' id='word_1_82' title='bbox 603 969 805 1005; x_wconf 84' lang='lat' dir='ltr'>Annalistae</span> <span class='ocrx_word' id='word_1_83' title='bbox 841 972 925 1005; x_wconf 91' lang='lat' dir='ltr'>Ber-</span> 
     </span>
     <span class='ocr_line' id='line_1_19' title="bbox 168 1018 926 1067; baseline 0 -13"><span class='ocrx_word' id='word_1_84' title='bbox 168 1018 298 1054; x_wconf 68' lang='lat' dir='ltr'>riniani</span> <span class='ocrx_word' id='word_1_85' title='bbox 325 1019 576 1066; x_wconf 80' lang='lat' dir='ltr'>expenderint.</span> <span class='ocrx_word' id='word_1_86' title='bbox 613 1020 764 1067; x_wconf 87' lang='lat' dir='ltr'>Nuptias</span> <span class='ocrx_word' id='word_1_87' title='bbox 792 1021 926 1054; x_wconf 82' lang='lat' dir='ltr'>Ermin-</span> 
     </span>
     <span class='ocr_line' id='line_1_20' title="bbox 164 1067 926 1116; baseline 0.003 -14"><span class='ocrx_word' id='word_1_88' title='bbox 164 1069 284 1115; x_wconf 84' lang='lat' dir='ltr'>gardae</span> <span class='ocrx_word' id='word_1_89' title='bbox 311 1067 373 1103; x_wconf 80' lang='lat' dir='ltr'>ille</span> <span class='ocrx_word' id='word_1_90' title='bbox 400 1069 588 1104; x_wconf 82' lang='lat' dir='ltr'>celebratas</span> <span class='ocrx_word' id='word_1_91' title='bbox 613 1069 741 1109; x_wconf 83' lang='lat' dir='ltr'>tradit,</span> <span class='ocrx_word' id='word_1_92' title='bbox 766 1070 926 1116; x_wconf 80' lang='lat' dir='ltr'>postquam</span> 
     </span>
     <span class='ocr_line' id='line_1_21' title="bbox 168 1117 926 1167; baseline 0.003 -14"><span class='ocrx_word' id='word_1_93' title='bbox 168 1122 338 1164; x_wconf 80' lang='lat' dir='ltr'>Imperator</span> <span class='ocrx_word' id='word_1_94' title='bbox 364 1117 544 1165; x_wconf 87' lang='lat' dir='ltr'>(Carolus</span> <span class='ocrx_word' id='word_1_95' title='bbox 571 1119 733 1167; x_wconf 87' lang='lat' dir='ltr'>Calvus)</span> <span class='ocrx_word' id='word_1_96' title='bbox 761 1121 801 1154; x_wconf 85' lang='lat' dir='ltr'>ab</span> <span class='ocrx_word' id='word_1_97' title='bbox 827 1121 926 1155; x_wconf 82' lang='lat' dir='ltr'>Italia</span> 
     </span>
    </p>
   </div>
   <div class='ocr_carea' id='block_1_6' title="bbox 169 1164 993 1217">
    <p class='ocr_par' dir='ltr' id='par_1_6' title="bbox 169 1164 993 1217">
     <span class='ocr_line' id='line_1_22' title="bbox 169 1164 993 1217; baseline 0.007 -16"><span class='ocrx_word' id='word_1_98' title='bbox 169 1168 201 1202; x_wconf 85' lang='lat' dir='ltr'>in</span> <span class='ocrx_word' id='word_1_99' title='bbox 230 1168 399 1203; x_wconf 77' lang='lat' dir='ltr'>Franciam</span> <span class='ocrx_word' id='word_1_100' title='bbox 425 1169 539 1204; x_wconf 85' lang='lat' dir='ltr'>rediit.</span> <span class='ocrx_word' id='word_1_101' title='bbox 568 1169 683 1217; x_wconf 86' lang='lat' dir='ltr'>Atqui</span> <span class='ocrx_word' id='word_1_102' title='bbox 711 1171 820 1205; x_wconf 87' lang='lat' dir='ltr'>Anno</span> <span class='ocrx_word' id='word_1_103' title='bbox 847 1179 925 1206; x_wconf 80' lang='lat' dir='ltr'>tan·</span> <span class='ocrx_word' id='word_1_104' title='bbox 961 1164 993 1199; x_wconf 81' lang='lat' dir='ltr'>C</span> 
     </span>
    </p>
   </div>
   <div class='ocr_carea' id='block_1_7' title="bbox 166 1214 952 1618">
    <p class='ocr_par' dir='ltr' id='par_1_7' title="bbox 166 1214 952 1618">
     <span class='ocr_line' id='line_1_23' title="bbox 168 1214 952 1284; baseline 0.005 -32"><span class='ocrx_word' id='word_1_105' title='bbox 168 1219 244 1252; x_wconf 67' lang='lat' dir='ltr'>mm</span> <span class='ocrx_word' id='word_1_106' title='bbox 284 1220 606 1254; x_wconf 81' lang='lat' dir='ltr'>occhxxvu.</span> <span class='ocrx_word' id='word_1_107' title='bbox 635 1220 829 1265; x_wconf 73' lang='lat' dir='ltr'>Septembri</span> <span class='ocrx_word' id='word_1_108' title='bbox 866 1214 952 1284; x_wconf 55' lang='grc' dir='ltr'>ψει</span> 
     </span>
     <span class='ocr_line' id='line_1_24' title="bbox 168 1266 926 1306; baseline 0.007 -5"><span class='ocrx_word' id='word_1_109' title='bbox 168 1266 317 1302; x_wconf 70' lang='grc' dir='ltr'>Οξὶοδτί</span> <span class='ocrx_word' id='word_1_110' title='bbox 344 1267 465 1302; x_wconf 92' lang='lat' dir='ltr'>Mense</span> <span class='ocrx_word' id='word_1_111' title='bbox 493 1267 530 1302; x_wconf 85' lang='lat' dir='ltr'>in</span> <span class='ocrx_word' id='word_1_112' title='bbox 558 1268 741 1303; x_wconf 84' lang='lat' dir='ltr'>Franciam</span> <span class='ocrx_word' id='word_1_113' title='bbox 777 1271 926 1306; x_wconf 86' lang='lat' dir='ltr'>Carolus</span> 
     </span>
     <span class='ocr_line' id='line_1_25' title="bbox 167 1317 924 1366; baseline 0.003 -14"><span class='ocrx_word' id='word_1_114' title='bbox 167 1317 342 1365; x_wconf 86' lang='lat' dir='ltr'>Augustus</span> <span class='ocrx_word' id='word_1_115' title='bbox 380 1318 542 1366; x_wconf 71' lang='lat' dir='ltr'>regressus</span> <span class='ocrx_word' id='word_1_116' title='bbox 579 1318 643 1353; x_wconf 87' lang='lat' dir='ltr'>est.</span> <span class='ocrx_word' id='word_1_117' title='bbox 683 1320 777 1366; x_wconf 84' lang='lat' dir='ltr'>Ergo</span> <span class='ocrx_word' id='word_1_118' title='bbox 804 1319 924 1354; x_wconf 86' lang='lat' dir='ltr'>eodem</span> 
     </span>
     <span class='ocr_line' id='line_1_26' title="bbox 166 1369 927 1417; baseline 0.001 -14"><span class='ocrx_word' id='word_1_119' title='bbox 166 1369 275 1403; x_wconf 90' lang='lat' dir='ltr'>Anno</span> <span class='ocrx_word' id='word_1_120' title='bbox 304 1370 624 1404; x_wconf 82' lang='lat' dir='ltr'>DCCCLXXVII.</span> <span class='ocrx_word' id='word_1_121' title='bbox 643 1369 676 1403; x_wconf 76' lang='grc' dir='ltr'>ὃ(</span> <span class='ocrx_word' id='word_1_122' title='bbox 701 1369 772 1415; x_wconf 90' lang='lat' dir='ltr'>post</span> <span class='ocrx_word' id='word_1_123' title='bbox 793 1371 927 1417; x_wconf 84' lang='lat' dir='ltr'>Angel-</span> 
     </span>
     <span class='ocr_line' id='line_1_27' title="bbox 169 1418 926 1467; baseline 0.001 -14"><span class='ocrx_word' id='word_1_124' title='bbox 169 1418 291 1465; x_wconf 83' lang='lat' dir='ltr'>bergae</span> <span class='ocrx_word' id='word_1_125' title='bbox 313 1418 484 1467; x_wconf 83' lang='lat' dir='ltr'>Augustae</span> <span class='ocrx_word' id='word_1_126' title='bbox 500 1418 739 1453; x_wconf 79' lang='lat' dir='ltr'>testamentum</span> <span class='ocrx_word' id='word_1_127' title='bbox 754 1447 763 1461; x_wconf 91' lang='lat'>,</span> <span class='ocrx_word' id='word_1_128' title='bbox 784 1420 926 1454; x_wconf 84' lang='lat' dir='ltr'>Ermin-</span> 
     </span>
     <span class='ocr_line' id='line_1_28' title="bbox 169 1468 925 1517; baseline 0.003 -15"><span class='ocrx_word' id='word_1_129' title='bbox 169 1468 273 1517; x_wconf 82' lang='lat' dir='ltr'>garda</span> <span class='ocrx_word' id='word_1_130' title='bbox 311 1468 438 1504; x_wconf 87' lang='lat' dir='ltr'>Bosoni</span> <span class='ocrx_word' id='word_1_131' title='bbox 476 1468 608 1515; x_wconf 81' lang='lat' dir='ltr'>nupsit.</span> <span class='ocrx_word' id='word_1_132' title='bbox 646 1468 828 1504; x_wconf 83' lang='lat' dir='ltr'>Annalista</span> <span class='ocrx_word' id='word_1_133' title='bbox 866 1472 925 1504; x_wconf 87' lang='lat' dir='ltr'>Sa-</span> 
     </span>
     <span class='ocr_line' id='line_1_29' title="bbox 168 1518 926 1567; baseline 0 -12"><span class='ocrx_word' id='word_1_134' title='bbox 168 1531 236 1556; x_wconf 83' lang='lat' dir='ltr'>xo,</span> <span class='ocrx_word' id='word_1_135' title='bbox 266 1519 422 1567; x_wconf 82' lang='lat' dir='ltr'>Regino,</span> <span class='ocrx_word' id='word_1_136' title='bbox 450 1519 630 1554; x_wconf 84' lang='lat' dir='ltr'>Marianus</span> <span class='ocrx_word' id='word_1_137' title='bbox 655 1522 777 1554; x_wconf 87' lang='lat' dir='ltr'>Scotus</span> <span class='ocrx_word' id='word_1_138' title='bbox 794 1546 803 1563; x_wconf 94' lang='lat'><strong>,</strong></span> <span class='ocrx_word' id='word_1_139' title='bbox 831 1518 868 1555; x_wconf 85' lang='lat'>&amp;</span> <span class='ocrx_word' id='word_1_140' title='bbox 890 1533 926 1555; x_wconf 89' lang='lat' dir='ltr'>a-</span> 
     </span>
     <span class='ocr_line' id='line_1_30' title="bbox 168 1568 923 1618; baseline 0.001 -14"><span class='ocrx_word' id='word_1_141' title='bbox 168 1568 233 1606; x_wconf 84' lang='lat' dir='ltr'>lii,</span> <span class='ocrx_word' id='word_1_142' title='bbox 271 1568 409 1616; x_wconf 84' lang='lat' dir='ltr'>nuptias</span> <span class='ocrx_word' id='word_1_143' title='bbox 445 1569 614 1618; x_wconf 84' lang='lat' dir='ltr'>ejusmodi</span> <span class='ocrx_word' id='word_1_144' title='bbox 642 1569 829 1604; x_wconf 88' lang='lat' dir='ltr'>celebratas</span> <span class='ocrx_word' id='word_1_145' title='bbox 856 1569 923 1605; x_wconf 89' lang='lat' dir='ltr'>Ti-</span> 
     </span>
    </p>
   </div>
   <div class='ocr_carea' id='block_1_8' title="bbox 171 1612 999 1655">
    <p class='ocr_par' dir='ltr' id='par_1_8' title="bbox 171 1612 999 1655">
     <span class='ocr_line' id='line_1_31' title="bbox 171 1612 999 1655; baseline 0.001 -1"><span class='ocrx_word' id='word_1_146' title='bbox 171 1619 243 1655; x_wconf 88' lang='lat' dir='ltr'>cini</span> <span class='ocrx_word' id='word_1_147' title='bbox 281 1622 388 1654; x_wconf 90' lang='lat' dir='ltr'>Anno</span> <span class='ocrx_word' id='word_1_148' title='bbox 433 1619 553 1655; x_wconf 87' lang='lat' dir='ltr'>eodem</span> <span class='ocrx_word' id='word_1_149' title='bbox 601 1621 924 1655; x_wconf 82' lang='lat' dir='ltr'>DCCCLXXVH.</span> <span class='ocrx_word' id='word_1_150' title='bbox 967 1612 999 1644; x_wconf 83' lang='lat' dir='ltr'>D</span> 
     </span>
    </p>
   </div>
   <div class='ocr_carea' id='block_1_9' title="bbox 170 1669 927 1917">
    <p class='ocr_par' dir='ltr' id='par_1_9' title="bbox 170 1669 927 1917">
     <span class='ocr_line' id='line_1_32' title="bbox 172 1669 926 1718; baseline -0.001 -14"><span class='ocrx_word' id='word_1_151' title='bbox 172 1669 327 1705; x_wconf 84' lang='lat' dir='ltr'>scribunt</span> <span class='ocrx_word' id='word_1_152' title='bbox 363 1683 480 1704; x_wconf 87' lang='lat' dir='ltr'>coram</span> <span class='ocrx_word' id='word_1_153' title='bbox 519 1669 594 1718; x_wconf 91' lang='lat' dir='ltr'>ipso</span> <span class='ocrx_word' id='word_1_154' title='bbox 639 1670 795 1718; x_wconf 85' lang='lat' dir='ltr'>Augusto</span> <span class='ocrx_word' id='word_1_155' title='bbox 838 1681 926 1704; x_wconf 86' lang='lat' dir='ltr'>tanto</span> 
     </span>
     <span class='ocr_line' id='line_1_33' title="bbox 170 1720 925 1766; baseline 0 -12"><span class='ocrx_word' id='word_1_156' title='bbox 170 1729 347 1765; x_wconf 76' lang='lat' dir='ltr'>apparatu,</span> <span class='ocrx_word' id='word_1_157' title='bbox 375 1721 525 1765; x_wconf 65' lang='lat' dir='ltr'>tantdque</span> <span class='ocrx_word' id='word_1_158' title='bbox 550 1720 692 1753; x_wconf 86' lang='lat' dir='ltr'>ludorum</span> <span class='ocrx_word' id='word_1_159' title='bbox 722 1720 925 1766; x_wconf 82' lang='lat' dir='ltr'>magnificen—</span> 
     </span>
     <span class='ocr_line' id='line_1_34' title="bbox 172 1767 926 1815; baseline 0.001 -12"><span class='ocrx_word' id='word_1_160' title='bbox 172 1770 242 1808; x_wconf 70' lang='lat' dir='ltr'>tt‘d‚</span> <span class='ocrx_word' id='word_1_161' title='bbox 271 1778 306 1802; x_wconf 84' lang='lat' dir='ltr'>ut</span> <span class='ocrx_word' id='word_1_162' title='bbox 332 1768 427 1812; x_wconf 76' lang='lat' dir='ltr'>hujus</span> <span class='ocrx_word' id='word_1_163' title='bbox 453 1767 643 1803; x_wconf 83' lang='lat' dir='ltr'>celebritatis</span> <span class='ocrx_word' id='word_1_164' title='bbox 659 1770 783 1815; x_wconf 85' lang='lat' dir='ltr'>gaudia</span> <span class='ocrx_word' id='word_1_165' title='bbox 805 1771 926 1804; x_wconf 84' lang='lat' dir='ltr'>modum</span> 
     </span>
     <span class='ocr_line' id='line_1_35' title="bbox 173 1817 927 1867; baseline 0 -13"><span class='ocrx_word' id='word_1_166' title='bbox 173 1817 315 1864; x_wconf 72' lang='lat' dir='ltr'>exccffiffe</span> <span class='ocrx_word' id='word_1_167' title='bbox 336 1818 501 1862; x_wconf 79' lang='lat' dir='ltr'>ferantur.</span> <span class='ocrx_word' id='word_1_168' title='bbox 529 1821 647 1864; x_wconf 82' lang='lat' dir='ltr'>Quare</span> <span class='ocrx_word' id='word_1_169' title='bbox 674 1818 843 1867; x_wconf 81' lang='lat' dir='ltr'>ejusmodi</span> <span class='ocrx_word' id='word_1_170' title='bbox 865 1833 927 1855; x_wconf 90' lang='lat' dir='ltr'>nu-</span> 
     </span>
     <span class='ocr_line' id='line_1_36' title="bbox 173 1867 927 1917; baseline 0.003 -13"><span class='ocrx_word' id='word_1_171' title='bbox 173 1869 266 1917; x_wconf 84' lang='lat' dir='ltr'>ptiae</span> <span class='ocrx_word' id='word_1_172' title='bbox 295 1868 448 1916; x_wconf 55' lang='lat' dir='ltr'>peraeiae</span> <span class='ocrx_word' id='word_1_173' title='bbox 475 1867 614 1904; x_wconf 91' lang='lat' dir='ltr'>fuerunt</span> <span class='ocrx_word' id='word_1_174' title='bbox 641 1871 749 1904; x_wconf 84' lang='lat' dir='ltr'>Anno</span> <span class='ocrx_word' id='word_1_175' title='bbox 777 1871 927 1906; x_wconf 87' lang='lat' dir='ltr'>DCCC-</span> 
     </span>
    </p>
   </div>
   <div class='ocr_carea' id='block_1_10' title="bbox 174 1969 929 2069">
    <p class='ocr_par' dir='ltr' id='par_1_10' title="bbox 174 1969 929 2069">
     <span class='ocr_line' id='line_1_37' title="bbox 174 1969 929 2018; baseline 0.003 -14"><span class='ocrx_word' id='word_1_176' title='bbox 174 1969 307 2016; x_wconf 88' lang='lat' dir='ltr'>deoque</span> <span class='ocrx_word' id='word_1_177' title='bbox 334 1969 518 2005; x_wconf 90' lang='lat' dir='ltr'>concordes</span> <span class='ocrx_word' id='word_1_178' title='bbox 547 1980 695 2018; x_wconf 70' lang='lat' dir='ltr'>pergunt</span> <span class='ocrx_word' id='word_1_179' title='bbox 723 1984 802 2006; x_wconf 89' lang='lat' dir='ltr'>cum</span> <span class='ocrx_word' id='word_1_180' title='bbox 830 1971 929 2006; x_wconf 85' lang='lat' dir='ltr'>testa—</span> 
     </span>
     <span class='ocr_line' id='line_1_38' title="bbox 175 2019 929 2069; baseline 0.004 -15"><span class='ocrx_word' id='word_1_181' title='bbox 175 2029 297 2055; x_wconf 85' lang='lat' dir='ltr'>mento</span> <span class='ocrx_word' id='word_1_182' title='bbox 323 2019 560 2069; x_wconf 82' lang='lat' dir='ltr'>Angilbergae</span> <span class='ocrx_word' id='word_1_183' title='bbox 588 2020 757 2057; x_wconf 84' lang='lat' dir='ltr'>Historici</span> <span class='ocrx_word' id='word_1_184' title='bbox 778 2031 929 2058; x_wconf 87' lang='lat' dir='ltr'>veteres.</span> 
     </span>
    </p>
   </div>
   <div class='ocr_carea' id='block_1_11' title="bbox 173 1919 958 2041">
    <p class='ocr_par' dir='ltr' id='par_1_11' title="bbox 173 1919 958 2041">
     <span class='ocr_line' id='line_1_39' title="bbox 173 1919 958 2041; baseline 0 -85"><span class='ocrx_word' id='word_1_185' title='bbox 173 1921 360 1956; x_wconf 87' lang='lat' dir='ltr'>LXXVII.</span> <span class='ocrx_word' id='word_1_186' title='bbox 388 1919 458 1967; x_wconf 89' lang='lat' dir='ltr'>post</span> <span class='ocrx_word' id='word_1_187' title='bbox 485 1920 657 1955; x_wconf 88' lang='lat' dir='ltr'>Martium</span> <span class='ocrx_word' id='word_1_188' title='bbox 686 1919 870 1960; x_wconf 83' lang='lat' dir='ltr'>Mensem,</span> <span class='ocrx_word' id='word_1_189' title='bbox 899 1921 929 1956; x_wconf 76' lang='lat' dir='ltr'>i·</span> <span class='ocrx_word' id='word_1_190' title='bbox 953 1923 958 2041; x_wconf 59' lang='grc' dir='ltr'>ι</span> 
     </span>
    </p>
   </div>
   <div class='ocr_carea' id='block_1_12' title="bbox 951 1670 957 1905">
    <p class='ocr_par' dir='ltr' id='par_1_12' title="bbox 951 1670 957 1905">
     <span class='ocr_line' id='line_1_40' title="bbox 951 1670 957 1905; baseline 0 1200"><span class='ocrx_word' id='word_1_191' title='bbox 951 1670 957 1905; x_wconf 95' lang='lat' dir='ltr'> </span> 
     </span>
    </p>
   </div>
   <div class='ocr_carea' id='block_1_13' title="bbox 1032 310 1796 2059">
    <p class='ocr_par' dir='ltr' id='par_1_13' title="bbox 1032 310 1796 2059">
     <span class='ocr_line' id='line_1_41' title="bbox 1038 310 1795 362; baseline 0.005 -15"><span class='ocrx_word' id='word_1_192' title='bbox 1038 314 1118 347; x_wconf 87' lang='lat' dir='ltr'><strong>VII.</strong></span> <span class='ocrx_word' id='word_1_193' title='bbox 1147 312 1266 347; x_wconf 90' lang='lat' dir='ltr'>vivere</span> <span class='ocrx_word' id='word_1_194' title='bbox 1294 311 1392 347; x_wconf 66' lang='lat' dir='ltr'>desiit</span> <span class='ocrx_word' id='word_1_195' title='bbox 1421 310 1510 347; x_wconf 85' lang='lat' dir='ltr'>Boso</span> <span class='ocrx_word' id='word_1_196' title='bbox 1546 313 1795 362; x_wconf 85' lang='lat' dir='ltr'>Ermingardae</span> 
     </span>
     <span class='ocr_line' id='line_1_42' title="bbox 1037 361 1794 402; baseline 0.003 -4"><span class='ocrx_word' id='word_1_197' title='bbox 1037 361 1203 402; x_wconf 85' lang='lat' dir='ltr'>maritus,</span> <span class='ocrx_word' id='word_1_198' title='bbox 1233 364 1308 398; x_wconf 85' lang='lat' dir='ltr'>Rex</span> <span class='ocrx_word' id='word_1_199' title='bbox 1338 361 1548 398; x_wconf 84' lang='lat' dir='ltr'>Provinciae</span> <span class='ocrx_word' id='word_1_200' title='bbox 1575 362 1704 399; x_wconf 90' lang='lat' dir='ltr'>dudum</span> <span class='ocrx_word' id='word_1_201' title='bbox 1733 378 1794 400; x_wconf 89' lang='lat' dir='ltr'>an-</span> 
     </span>
     <span class='ocr_line' id='line_1_43' title="bbox 1036 411 1792 460; baseline 0.001 -12"><span class='ocrx_word' id='word_1_202' title='bbox 1036 422 1091 448; x_wconf 88' lang='lat' dir='ltr'>tea</span> <span class='ocrx_word' id='word_1_203' title='bbox 1119 421 1273 452; x_wconf 85' lang='lat' dir='ltr'>creatus,</span> <span class='ocrx_word' id='word_1_204' title='bbox 1302 425 1340 448; x_wconf 81' lang='lat' dir='ltr'>ac</span> <span class='ocrx_word' id='word_1_205' title='bbox 1368 411 1484 448; x_wconf 88' lang='lat' dir='ltr'>filium</span> <span class='ocrx_word' id='word_1_206' title='bbox 1513 412 1658 460; x_wconf 86' lang='lat' dir='ltr'>reliquit</span> <span class='ocrx_word' id='word_1_207' title='bbox 1688 417 1792 450; x_wconf 85' lang='lat' dir='ltr'>Ludo-</span> 
     </span>
     <span class='ocr_line' id='line_1_44' title="bbox 1034 463 1793 511; baseline 0.005 -14"><span class='ocrx_word' id='word_1_208' title='bbox 1034 464 1139 497; x_wconf 79' lang='lat' dir='ltr'>vt&#39;cum</span> <span class='ocrx_word' id='word_1_209' title='bbox 1176 463 1341 502; x_wconf 85' lang='lat' dir='ltr'>nornine,</span> <span class='ocrx_word' id='word_1_210' title='bbox 1382 463 1479 511; x_wconf 90' lang='lat' dir='ltr'>cujus</span> <span class='ocrx_word' id='word_1_211' title='bbox 1522 463 1567 499; x_wconf 87' lang='lat' dir='ltr'>est</span> <span class='ocrx_word' id='word_1_212' title='bbox 1594 464 1728 500; x_wconf 90' lang='lat' dir='ltr'>mentio</span> <span class='ocrx_word' id='word_1_213' title='bbox 1756 466 1793 501; x_wconf 88' lang='lat' dir='ltr'>in</span> 
     </span>
     <span class='ocr_line' id='line_1_45' title="bbox 1036 512 1793 562; baseline 0.004 -14"><span class='ocrx_word' id='word_1_214' title='bbox 1036 513 1101 549; x_wconf 87' lang='lat' dir='ltr'>hoc</span> <span class='ocrx_word' id='word_1_215' title='bbox 1128 512 1249 549; x_wconf 88' lang='lat' dir='ltr'>eodem</span> <span class='ocrx_word' id='word_1_216' title='bbox 1279 514 1505 562; x_wconf 83' lang='lat' dir='ltr'>Diplomate,</span> <span class='ocrx_word' id='word_1_217' title='bbox 1549 514 1620 561; x_wconf 87' lang='lat' dir='ltr'>post</span> <span class='ocrx_word' id='word_1_218' title='bbox 1648 515 1793 551; x_wconf 81' lang='lat' dir='ltr'>Bosonis</span> 
     </span>
     <span class='ocr_line' id='line_1_46' title="bbox 1036 564 1794 612; baseline 0.005 -14"><span class='ocrx_word' id='word_1_219' title='bbox 1036 573 1186 599; x_wconf 89' lang='lat' dir='ltr'>mortem</span> <span class='ocrx_word' id='word_1_220' title='bbox 1224 564 1445 612; x_wconf 86' lang='lat' dir='ltr'>impetrato.</span> <span class='ocrx_word' id='word_1_221' title='bbox 1487 564 1692 601; x_wconf 88' lang='lat' dir='ltr'>Ludovicus</span> <span class='ocrx_word' id='word_1_222' title='bbox 1735 566 1794 602; x_wconf 87' lang='lat' dir='ltr'>iste</span> 
     </span>
     <span class='ocr_line' id='line_1_47' title="bbox 1036 615 1794 663; baseline 0.004 -14"><span class='ocrx_word' id='word_1_223' title='bbox 1036 615 1147 662; x_wconf 89' lang='lat' dir='ltr'>postea</span> <span class='ocrx_word' id='word_1_224' title='bbox 1177 617 1309 651; x_wconf 87' lang='lat' dir='ltr'>Romae</span> <span class='ocrx_word' id='word_1_225' title='bbox 1336 627 1501 650; x_wconf 87' lang='lat' dir='ltr'>coronam</span> <span class='ocrx_word' id='word_1_226' title='bbox 1532 615 1675 663; x_wconf 87' lang='lat' dir='ltr'>Imperii</span> <span class='ocrx_word' id='word_1_227' title='bbox 1697 629 1794 652; x_wconf 86' lang='lat' dir='ltr'>acce-</span> 
     </span>
     <span class='ocr_line' id='line_1_48' title="bbox 1036 665 1792 713; baseline 0.003 -13"><span class='ocrx_word' id='word_1_228' title='bbox 1036 665 1089 713; x_wconf 88' lang='lat' dir='ltr'>pit</span> <span class='ocrx_word' id='word_1_229' title='bbox 1116 667 1225 700; x_wconf 87' lang='lat' dir='ltr'>Anno</span> <span class='ocrx_word' id='word_1_230' title='bbox 1255 665 1432 701; x_wconf 91' lang='lat' dir='ltr'><strong>DCCCC.</strong></span> <span class='ocrx_word' id='word_1_231' title='bbox 1462 667 1545 701; x_wconf 91' lang='lat' dir='ltr'>Non</span> <span class='ocrx_word' id='word_1_232' title='bbox 1583 679 1685 701; x_wconf 85' lang='lat' dir='ltr'>unam</span> <span class='ocrx_word' id='word_1_233' title='bbox 1715 676 1792 702; x_wconf 83' lang='lat' dir='ltr'>tan-</span> 
     </span>
     <span class='ocr_line' id='line_1_49' title="bbox 1035 714 1792 764; baseline 0.003 -14"><span class='ocrx_word' id='word_1_234' title='bbox 1035 717 1109 750; x_wconf 72' lang='lat' dir='ltr'>turn</span> <span class='ocrx_word' id='word_1_235' title='bbox 1138 714 1249 751; x_wconf 89' lang='lat' dir='ltr'>filiam</span> <span class='ocrx_word' id='word_1_236' title='bbox 1289 714 1418 751; x_wconf 90' lang='lat' dir='ltr'>Bosoni</span> <span class='ocrx_word' id='word_1_237' title='bbox 1462 715 1548 764; x_wconf 83' lang='lat' dir='ltr'>Regi</span> <span class='ocrx_word' id='word_1_238' title='bbox 1580 715 1792 764; x_wconf 80' lang='lat' dir='ltr'>superstitem</span> 
     </span>
     <span class='ocr_line' id='line_1_50' title="bbox 1034 764 1794 809; baseline 0.003 -8"><span class='ocrx_word' id='word_1_239' title='bbox 1034 765 1154 809; x_wconf 75' lang='lat' dir='ltr'>fuisse,</span> <span class='ocrx_word' id='word_1_240' title='bbox 1182 775 1221 802; x_wconf 90' lang='lat' dir='ltr'>ut</span> <span class='ocrx_word' id='word_1_241' title='bbox 1248 764 1507 801; x_wconf 87' lang='lat' dir='ltr'>San—marthani</span> <span class='ocrx_word' id='word_1_242' title='bbox 1537 766 1698 806; x_wconf 84' lang='lat' dir='ltr'>tradunt,</span> <span class='ocrx_word' id='word_1_243' title='bbox 1739 767 1794 803; x_wconf 91' lang='lat' dir='ltr'>sed</span> 
     </span>
     <span class='ocr_line' id='line_1_51' title="bbox 1037 815 1793 865; baseline 0.001 -13"><span class='ocrx_word' id='word_1_244' title='bbox 1037 818 1171 864; x_wconf 85' lang='lat' dir='ltr'>plures,</span> <span class='ocrx_word' id='word_1_245' title='bbox 1199 830 1241 852; x_wconf 84' lang='lat' dir='ltr'>ex</span> <span class='ocrx_word' id='word_1_246' title='bbox 1263 817 1328 851; x_wconf 91' lang='lat' dir='ltr'>hoc</span> <span class='ocrx_word' id='word_1_247' title='bbox 1349 815 1470 851; x_wconf 89' lang='lat' dir='ltr'>eodem</span> <span class='ocrx_word' id='word_1_248' title='bbox 1494 816 1698 865; x_wconf 85' lang='lat' dir='ltr'>Diplomate</span> <span class='ocrx_word' id='word_1_249' title='bbox 1719 819 1793 853; x_wconf 90' lang='lat' dir='ltr'>col-</span> 
     </span>
     <span class='ocr_line' id='line_1_52' title="bbox 1036 866 1793 915; baseline 0.001 -13"><span class='ocrx_word' id='word_1_250' title='bbox 1036 866 1200 915; x_wconf 88' lang='lat' dir='ltr'>ligimus.</span> <span class='ocrx_word' id='word_1_251' title='bbox 1228 869 1396 903; x_wconf 89' lang='lat' dir='ltr'>Ceterum</span> <span class='ocrx_word' id='word_1_252' title='bbox 1423 866 1461 902; x_wconf 88' lang='lat' dir='ltr'>in</span> <span class='ocrx_word' id='word_1_253' title='bbox 1481 866 1574 903; x_wconf 86' lang='lat' dir='ltr'>hisce</span> <span class='ocrx_word' id='word_1_254' title='bbox 1594 868 1705 903; x_wconf 89' lang='lat' dir='ltr'>tribus</span> <span class='ocrx_word' id='word_1_255' title='bbox 1729 869 1793 904; x_wconf 79' lang='lat' dir='ltr'>Di—</span> 
     </span>
     <span class='ocr_line' id='line_1_53' title="bbox 1038 916 1794 966; baseline 0.003 -14"><span class='ocrx_word' id='word_1_256' title='bbox 1038 917 1224 966; x_wconf 87' lang='lat' dir='ltr'>plomatis,</span> <span class='ocrx_word' id='word_1_257' title='bbox 1261 916 1449 952; x_wconf 86' lang='lat' dir='ltr'>dimidium</span> <span class='ocrx_word' id='word_1_258' title='bbox 1478 919 1629 957; x_wconf 88' lang='lat' dir='ltr'>multae,</span> <span class='ocrx_word' id='word_1_259' title='bbox 1668 932 1686 953; x_wconf 93' lang='lat' dir='ltr'>a</span> <span class='ocrx_word' id='word_1_260' title='bbox 1714 918 1794 954; x_wconf 86' lang='lat' dir='ltr'>vio-</span> 
     </span>
     <span class='ocr_line' id='line_1_54' title="bbox 1037 967 1794 1016; baseline 0 -13"><span class='ocrx_word' id='word_1_261' title='bbox 1037 968 1206 1004; x_wconf 86' lang='lat' dir='ltr'>latoribus</span> <span class='ocrx_word' id='word_1_262' title='bbox 1248 967 1446 1016; x_wconf 88' lang='lat' dir='ltr'>Imperialis</span> <span class='ocrx_word' id='word_1_263' title='bbox 1486 968 1594 1003; x_wconf 65' lang='lat' dir='ltr'>edim</span> <span class='ocrx_word' id='word_1_264' title='bbox 1637 967 1794 1004; x_wconf 87' lang='lat' dir='ltr'>auferen-</span> 
     </span>
     <span class='ocr_line' id='line_1_55' title="bbox 1037 1016 1794 1057; baseline 0.001 -4"><span class='ocrx_word' id='word_1_265' title='bbox 1037 1018 1120 1057; x_wconf 91' lang='lat' dir='ltr'>dae,</span> <span class='ocrx_word' id='word_1_266' title='bbox 1148 1018 1189 1053; x_wconf 88' lang='lat' dir='ltr'>ad</span> <span class='ocrx_word' id='word_1_267' title='bbox 1218 1018 1381 1053; x_wconf 84' lang='lat' dir='ltr'>Palatium</span> <span class='ocrx_word' id='word_1_268' title='bbox 1398 1042 1406 1056; x_wconf 89' lang='lat'>‚</span> <span class='ocrx_word' id='word_1_269' title='bbox 1434 1016 1501 1053; x_wconf 90' lang='lat' dir='ltr'>hoc</span> <span class='ocrx_word' id='word_1_270' title='bbox 1528 1018 1572 1054; x_wconf 90' lang='lat' dir='ltr'>est</span> <span class='ocrx_word' id='word_1_271' title='bbox 1600 1018 1640 1053; x_wconf 89' lang='lat' dir='ltr'>ad</span> <span class='ocrx_word' id='word_1_272' title='bbox 1670 1018 1794 1054; x_wconf 82' lang='lat' dir='ltr'>Caesa-</span> 
     </span>
     <span class='ocr_line' id='line_1_56' title="bbox 1037 1068 1795 1117; baseline 0.001 -13"><span class='ocrx_word' id='word_1_273' title='bbox 1037 1082 1132 1104; x_wconf 88' lang='lat' dir='ltr'>reum</span> <span class='ocrx_word' id='word_1_274' title='bbox 1169 1068 1238 1104; x_wconf 71' lang='lat' dir='ltr'>five</span> <span class='ocrx_word' id='word_1_275' title='bbox 1276 1068 1425 1117; x_wconf 85' lang='lat' dir='ltr'>Regium</span> <span class='ocrx_word' id='word_1_276' title='bbox 1468 1068 1605 1104; x_wconf 88' lang='lat' dir='ltr'>Fiscum</span> <span class='ocrx_word' id='word_1_277' title='bbox 1635 1068 1795 1117; x_wconf 59' lang='lat' dir='ltr'>spectasse</span> 
     </span>
     <span class='ocr_line' id='line_1_57' title="bbox 1039 1118 1796 1165; baseline 0.004 -12"><span class='ocrx_word' id='word_1_278' title='bbox 1039 1119 1106 1165; x_wconf 83' lang='lat' dir='ltr'>jam</span> <span class='ocrx_word' id='word_1_279' title='bbox 1136 1118 1308 1154; x_wconf 89' lang='lat' dir='ltr'>vidimus.</span> <span class='ocrx_word' id='word_1_280' title='bbox 1346 1118 1512 1154; x_wconf 88' lang='lat' dir='ltr'>Eamdem</span> <span class='ocrx_word' id='word_1_281' title='bbox 1551 1122 1634 1154; x_wconf 76' lang='lat' dir='ltr'>vero</span> <span class='ocrx_word' id='word_1_282' title='bbox 1661 1119 1796 1156; x_wconf 89' lang='lat' dir='ltr'>formu-</span> 
     </span>
     <span class='ocr_line' id='line_1_58' title="bbox 1038 1167 1794 1216; baseline 0.003 -13"><span class='ocrx_word' id='word_1_283' title='bbox 1038 1171 1107 1203; x_wconf 90' lang='lat' dir='ltr'>lam</span> <span class='ocrx_word' id='word_1_284' title='bbox 1135 1168 1281 1204; x_wconf 85' lang='lat' dir='ltr'>invenio</span> <span class='ocrx_word' id='word_1_285' title='bbox 1318 1167 1355 1203; x_wconf 91' lang='lat' dir='ltr'>in</span> <span class='ocrx_word' id='word_1_286' title='bbox 1397 1168 1535 1215; x_wconf 91' lang='lat' dir='ltr'>aliquot</span> <span class='ocrx_word' id='word_1_287' title='bbox 1577 1169 1794 1216; x_wconf 85' lang='lat' dir='ltr'>Diplomatis</span> 
     </span>
     <span class='ocr_line' id='line_1_59' title="bbox 1037 1216 1794 1268; baseline 0.003 -14"><span class='ocrx_word' id='word_1_288' title='bbox 1037 1218 1202 1254; x_wconf 90' lang='lat' dir='ltr'>Widonis</span> <span class='ocrx_word' id='word_1_289' title='bbox 1229 1218 1377 1266; x_wconf 83' lang='lat' dir='ltr'>Augusti</span> <span class='ocrx_word' id='word_1_290' title='bbox 1398 1216 1435 1254; x_wconf 66' lang='grc' dir='ltr'>ὃ(</span> <span class='ocrx_word' id='word_1_291' title='bbox 1457 1219 1638 1254; x_wconf 88' lang='lat' dir='ltr'>Lamberti</span> <span class='ocrx_word' id='word_1_292' title='bbox 1653 1247 1661 1263; x_wconf 93' lang='lat'>,</span> <span class='ocrx_word' id='word_1_293' title='bbox 1690 1229 1794 1268; x_wconf 88' lang='lat' dir='ltr'>atque</span> 
     </span>
     <span class='ocr_line' id='line_1_60' title="bbox 1039 1268 1792 1318; baseline 0.001 -14"><span class='ocrx_word' id='word_1_294' title='bbox 1039 1269 1076 1304; x_wconf 90' lang='lat' dir='ltr'>in</span> <span class='ocrx_word' id='word_1_295' title='bbox 1117 1268 1249 1304; x_wconf 89' lang='lat' dir='ltr'>duobus</span> <span class='ocrx_word' id='word_1_296' title='bbox 1288 1268 1491 1317; x_wconf 77' lang='lat' dir='ltr'>privilegiis</span> <span class='ocrx_word' id='word_1_297' title='bbox 1528 1270 1728 1318; x_wconf 83' lang='lat' dir='ltr'>Berengarii</span> <span class='ocrx_word' id='word_1_298' title='bbox 1767 1272 1792 1305; x_wconf 92' lang='grc' dir='ltr'>Ι.</span> 
     </span>
     <span class='ocr_line' id='line_1_61' title="bbox 1040 1319 1794 1368; baseline 0.003 -14"><span class='ocrx_word' id='word_1_299' title='bbox 1040 1319 1162 1354; x_wconf 84' lang='lat' dir='ltr'>Italiae</span> <span class='ocrx_word' id='word_1_300' title='bbox 1200 1319 1331 1368; x_wconf 84' lang='lat' dir='ltr'>Regis,</span> <span class='ocrx_word' id='word_1_301' title='bbox 1372 1332 1521 1366; x_wconf 88' lang='lat' dir='ltr'>quorum</span> <span class='ocrx_word' id='word_1_302' title='bbox 1559 1321 1706 1356; x_wconf 89' lang='lat' dir='ltr'>alterum</span> <span class='ocrx_word' id='word_1_303' title='bbox 1735 1320 1794 1356; x_wconf 83' lang='lat' dir='ltr'>da—</span> 
     </span>
     <span class='ocr_line' id='line_1_62' title="bbox 1039 1368 1792 1406; baseline 0.004 -3"><span class='ocrx_word' id='word_1_304' title='bbox 1039 1377 1115 1403; x_wconf 88' lang='lat' dir='ltr'>tum</span> <span class='ocrx_word' id='word_1_305' title='bbox 1143 1368 1188 1403; x_wconf 86' lang='lat' dir='ltr'>est</span> <span class='ocrx_word' id='word_1_306' title='bbox 1214 1371 1322 1404; x_wconf 90' lang='lat' dir='ltr'>Anno</span> <span class='ocrx_word' id='word_1_307' title='bbox 1351 1371 1616 1405; x_wconf 80' lang='lat' dir='ltr'>DCCCXCIX.</span> <span class='ocrx_word' id='word_1_308' title='bbox 1644 1371 1792 1406; x_wconf 84' lang='lat' dir='ltr'>alterurn</span> 
     </span>
     <span class='ocr_line' id='line_1_63' title="bbox 1040 1419 1795 1457; baseline 0.004 -4"><span class='ocrx_word' id='word_1_309' title='bbox 1040 1420 1256 1454; x_wconf 81' lang='lat' dir='ltr'><strong>DCCCCH.</strong></span> <span class='ocrx_word' id='word_1_310' title='bbox 1285 1427 1324 1454; x_wconf 91' lang='lat' dir='ltr'>ut</span> <span class='ocrx_word' id='word_1_311' title='bbox 1351 1419 1419 1454; x_wconf 83' lang='lat' dir='ltr'>alia</span> <span class='ocrx_word' id='word_1_312' title='bbox 1446 1420 1631 1456; x_wconf 88' lang='lat' dir='ltr'>omittam.</span> <span class='ocrx_word' id='word_1_313' title='bbox 1673 1421 1795 1457; x_wconf 87' lang='lat' dir='ltr'>Ludo-</span> 
     </span>
     <span class='ocr_line' id='line_1_64' title="bbox 1039 1468 1794 1519; baseline 0.007 -17"><span class='ocrx_word' id='word_1_314' title='bbox 1039 1468 1138 1503; x_wconf 88' lang='lat' dir='ltr'>vicus</span> <span class='ocrx_word' id='word_1_315' title='bbox 1179 1468 1286 1503; x_wconf 89' lang='lat' dir='ltr'>etiam</span> <span class='ocrx_word' id='word_1_316' title='bbox 1328 1470 1393 1503; x_wconf 94' lang='lat' dir='ltr'><strong>III.</strong></span> <span class='ocrx_word' id='word_1_317' title='bbox 1421 1470 1614 1517; x_wconf 83' lang='lat' dir='ltr'>Augustus,</span> <span class='ocrx_word' id='word_1_318' title='bbox 1656 1471 1697 1506; x_wconf 90' lang='lat' dir='ltr'>de</span> <span class='ocrx_word' id='word_1_319' title='bbox 1725 1484 1794 1519; x_wconf 84' lang='lat' dir='ltr'>quo</span> 
     </span>
     <span class='ocr_line' id='line_1_65' title="bbox 1038 1517 1795 1568; baseline 0.004 -14"><span class='ocrx_word' id='word_1_320' title='bbox 1038 1532 1146 1567; x_wconf 87' lang='lat' dir='ltr'>nuper</span> <span class='ocrx_word' id='word_1_321' title='bbox 1172 1517 1241 1554; x_wconf 78' lang='lat' dir='ltr'>fuit</span> <span class='ocrx_word' id='word_1_322' title='bbox 1269 1517 1400 1557; x_wconf 87' lang='lat' dir='ltr'>sermo,</span> <span class='ocrx_word' id='word_1_323' title='bbox 1428 1518 1465 1553; x_wconf 92' lang='lat' dir='ltr'>in</span> <span class='ocrx_word' id='word_1_324' title='bbox 1494 1520 1698 1568; x_wconf 82' lang='lat' dir='ltr'>Diplomate</span> <span class='ocrx_word' id='word_1_325' title='bbox 1719 1524 1795 1556; x_wconf 84' lang='lat' dir='ltr'>An-</span> 
     </span>
     <span class='ocr_line' id='line_1_66' title="bbox 1039 1568 1793 1616; baseline 0.004 -12"><span class='ocrx_word' id='word_1_326' title='bbox 1039 1569 1075 1604; x_wconf 94' lang='lat' dir='ltr'>ni</span> <span class='ocrx_word' id='word_1_327' title='bbox 1105 1570 1302 1604; x_wconf 83' lang='lat' dir='ltr'>DCCCCI.</span> <span class='ocrx_word' id='word_1_328' title='bbox 1333 1568 1427 1616; x_wconf 88' lang='lat' dir='ltr'>paria</span> <span class='ocrx_word' id='word_1_329' title='bbox 1467 1568 1589 1605; x_wconf 84' lang='lat' dir='ltr'>habet.</span> <span class='ocrx_word' id='word_1_330' title='bbox 1638 1571 1728 1606; x_wconf 85' lang='lat' dir='ltr'>Sunt</span> <span class='ocrx_word' id='word_1_331' title='bbox 1756 1570 1793 1607; x_wconf 85' lang='lat'>&amp;</span> 
     </span>
     <span class='ocr_line' id='line_1_67' title="bbox 1038 1618 1795 1666; baseline 0.003 -11"><span class='ocrx_word' id='word_1_332' title='bbox 1038 1618 1203 1666; x_wconf 87' lang='lat' dir='ltr'>Hugonis</span> <span class='ocrx_word' id='word_1_333' title='bbox 1230 1631 1268 1654; x_wconf 92' lang='lat' dir='ltr'>ac</span> <span class='ocrx_word' id='word_1_334' title='bbox 1306 1618 1471 1655; x_wconf 86' lang='lat' dir='ltr'>Lotharii</span> <span class='ocrx_word' id='word_1_335' title='bbox 1510 1622 1642 1666; x_wconf 72' lang='lat' dir='ltr'>Regum</span> <span class='ocrx_word' id='word_1_336' title='bbox 1673 1622 1795 1657; x_wconf 82' lang='lat' dir='ltr'>Italiae</span> 
     </span>
     <span class='ocr_line' id='line_1_68' title="bbox 1040 1668 1796 1718; baseline 0.003 -13"><span class='ocrx_word' id='word_1_337' title='bbox 1040 1672 1245 1718; x_wconf 87' lang='lat' dir='ltr'>Praecepta,</span> <span class='ocrx_word' id='word_1_338' title='bbox 1273 1668 1310 1704; x_wconf 91' lang='lat' dir='ltr'>in</span> <span class='ocrx_word' id='word_1_339' title='bbox 1339 1670 1464 1716; x_wconf 90' lang='lat' dir='ltr'>quibus</span> <span class='ocrx_word' id='word_1_340' title='bbox 1491 1671 1609 1705; x_wconf 89' lang='lat' dir='ltr'>eadem</span> <span class='ocrx_word' id='word_1_341' title='bbox 1639 1684 1708 1706; x_wconf 84' lang='lat' dir='ltr'>vox</span> <span class='ocrx_word' id='word_1_342' title='bbox 1736 1684 1796 1707; x_wconf 89' lang='lat' dir='ltr'>oc-</span> 
     </span>
     <span class='ocr_line' id='line_1_69' title="bbox 1038 1719 1795 1767; baseline 0.001 -11"><span class='ocrx_word' id='word_1_343' title='bbox 1038 1719 1173 1756; x_wconf 89' lang='lat' dir='ltr'>currit.</span> <span class='ocrx_word' id='word_1_344' title='bbox 1201 1721 1321 1754; x_wconf 90' lang='lat' dir='ltr'>Unum</span> <span class='ocrx_word' id='word_1_345' title='bbox 1349 1721 1595 1756; x_wconf 89' lang='lat' dir='ltr'>tantummodo</span> <span class='ocrx_word' id='word_1_346' title='bbox 1625 1721 1795 1767; x_wconf 87' lang='lat' dir='ltr'>proferam</span> 
     </span>
     <span class='ocr_line' id='line_1_70' title="bbox 1038 1769 1794 1807; baseline 0.001 -1"><span class='ocrx_word' id='word_1_347' title='bbox 1038 1784 1056 1806; x_wconf 92' lang='lat' dir='ltr'>e</span> <span class='ocrx_word' id='word_1_348' title='bbox 1094 1769 1289 1806; x_wconf 82' lang='lat' dir='ltr'>Tabulario</span> <span class='ocrx_word' id='word_1_349' title='bbox 1331 1770 1548 1806; x_wconf 90' lang='lat' dir='ltr'>celeberrimi</span> <span class='ocrx_word' id='word_1_350' title='bbox 1589 1772 1794 1807; x_wconf 81' lang='lat' dir='ltr'>Monasterii</span> 
     </span>
     <span class='ocr_line' id='line_1_71' title="bbox 1038 1819 1793 1865; baseline 0.001 -10"><span class='ocrx_word' id='word_1_351' title='bbox 1038 1819 1251 1857; x_wconf 84' lang='lat' dir='ltr'>Sublacenfis</span> <span class='ocrx_word' id='word_1_352' title='bbox 1278 1819 1495 1860; x_wconf 68' lang='lat' dir='ltr'>deffinitum,</span> <span class='ocrx_word' id='word_1_353' title='bbox 1531 1821 1565 1856; x_wconf 87' lang='lat'>&amp;</span> <span class='ocrx_word' id='word_1_354' title='bbox 1601 1822 1707 1856; x_wconf 62' lang='lat' dir='ltr'>adium</span> <span class='ocrx_word' id='word_1_355' title='bbox 1741 1822 1793 1865; x_wconf 76' lang='lat' dir='ltr'>ju-</span> 
     </span>
     <span class='ocr_line' id='line_1_72' title="bbox 1037 1871 1794 1913; baseline 0.001 -7"><span class='ocrx_word' id='word_1_356' title='bbox 1037 1882 1092 1906; x_wconf 81' lang='lat' dir='ltr'>xta</span> <span class='ocrx_word' id='word_1_357' title='bbox 1118 1875 1252 1905; x_wconf 86' lang='lat' dir='ltr'>Romam</span> <span class='ocrx_word' id='word_1_358' title='bbox 1280 1871 1314 1905; x_wconf 87' lang='lat' dir='ltr'>in</span> <span class='ocrx_word' id='word_1_359' title='bbox 1341 1871 1532 1913; x_wconf 79' lang='lat' dir='ltr'>Monasterio</span> <span class='ocrx_word' id='word_1_360' title='bbox 1558 1871 1694 1908; x_wconf 56' lang='lat' dir='ltr'>sanetae</span> <span class='ocrx_word' id='word_1_361' title='bbox 1722 1873 1794 1907; x_wconf 81' lang='lat' dir='ltr'>Vir-</span> 
     </span>
     <span class='ocr_line' id='line_1_73' title="bbox 1032 1920 1794 1969; baseline 0.001 -13"><span class='ocrx_word' id='word_1_362' title='bbox 1032 1922 1122 1969; x_wconf 83' lang='lat' dir='ltr'>ginis</span> <span class='ocrx_word' id='word_1_363' title='bbox 1147 1920 1308 1968; x_wconf 77' lang='lat' dir='ltr'>Agnetis:</span> <span class='ocrx_word' id='word_1_364' title='bbox 1338 1921 1430 1968; x_wconf 89' lang='lat' dir='ltr'>quod</span> <span class='ocrx_word' id='word_1_365' title='bbox 1459 1921 1500 1956; x_wconf 88' lang='lat' dir='ltr'>ad</span> <span class='ocrx_word' id='word_1_366' title='bbox 1522 1922 1714 1958; x_wconf 83' lang='lat' dir='ltr'>Historiam</span> <span class='ocrx_word' id='word_1_367' title='bbox 1736 1936 1794 1959; x_wconf 90' lang='lat' dir='ltr'>eo-</span> 
     </span>
     <span class='ocr_line' id='line_1_74' title="bbox 1037 1971 1794 2018; baseline 0.003 -11"><span class='ocrx_word' id='word_1_368' title='bbox 1037 1985 1113 2008; x_wconf 91' lang='lat' dir='ltr'>rum</span> <span class='ocrx_word' id='word_1_369' title='bbox 1142 1980 1337 2018; x_wconf 89' lang='lat' dir='ltr'>temporum</span> <span class='ocrx_word' id='word_1_370' title='bbox 1367 1971 1604 2008; x_wconf 88' lang='lat' dir='ltr'>illustrandam</span> <span class='ocrx_word' id='word_1_371' title='bbox 1630 1972 1698 2009; x_wconf 89' lang='lat' dir='ltr'>slne</span> <span class='ocrx_word' id='word_1_372' title='bbox 1719 1973 1794 2009; x_wconf 79' lang='lat' dir='ltr'>ani-</span> 
     </span>
     <span class='ocr_line' id='line_1_75' title="bbox 1038 2020 1743 2059; baseline 0.001 -1"><span class='ocrx_word' id='word_1_373' title='bbox 1038 2020 1273 2058; x_wconf 87' lang='lat' dir='ltr'>madverfione</span> <span class='ocrx_word' id='word_1_374' title='bbox 1300 2021 1552 2058; x_wconf 85' lang='lat' dir='ltr'>dimittendum</span> <span class='ocrx_word' id='word_1_375' title='bbox 1581 2036 1652 2058; x_wconf 89' lang='lat' dir='ltr'>non</span> <span class='ocrx_word' id='word_1_376' title='bbox 1679 2023 1743 2059; x_wconf 89' lang='lat' dir='ltr'>est.</span> 
     </span>
    </p>
   </div>
   <div class='ocr_carea' id='block_1_14' title="bbox 175 2133 1795 2255">
    <p class='ocr_par' dir='ltr' id='par_1_14' title="bbox 175 2133 1795 2255">
     <span class='ocr_line' id='line_1_76' title="bbox 175 2133 1795 2192; baseline 0.002 -16"><span class='ocrx_word' id='word_1_377' title='bbox 175 2136 297 2191; x_wconf 87' lang='lat' dir='ltr'>Hugo</span> <span class='ocrx_word' id='word_1_378' title='bbox 327 2136 365 2176; x_wconf 72' lang='lat'>8&lt;</span> <span class='ocrx_word' id='word_1_379' title='bbox 407 2133 616 2177; x_wconf 83' lang='lat' dir='ltr'>Lotharius</span> <span class='ocrx_word' id='word_1_380' title='bbox 657 2135 794 2179; x_wconf 82' lang='lat' dir='ltr'>Italiae</span> <span class='ocrx_word' id='word_1_381' title='bbox 825 2140 953 2192; x_wconf 86' lang='lat' dir='ltr'>Reges</span> <span class='ocrx_word' id='word_1_382' title='bbox 984 2136 1226 2181; x_wconf 85' lang='lat' dir='ltr'>Monasterio</span> <span class='ocrx_word' id='word_1_383' title='bbox 1269 2137 1487 2181; x_wconf 79' lang='lat' dir='ltr'>Sublacensi</span> <span class='ocrx_word' id='word_1_384' title='bbox 1526 2140 1563 2181; x_wconf 85' lang='lat' dir='ltr'>S.</span> <span class='ocrx_word' id='word_1_385' title='bbox 1594 2137 1795 2181; x_wconf 72' lang='lat' dir='ltr'>Benediffi</span> 
     </span>
     <span class='ocr_line' id='line_1_77' title="bbox 526 2196 1445 2255; baseline 0.004 -19"><span class='ocrx_word' id='word_1_386' title='bbox 526 2196 692 2237; x_wconf 87' lang='lat' dir='ltr'>Curtem</span> <span class='ocrx_word' id='word_1_387' title='bbox 724 2196 854 2238; x_wconf 83' lang='lat' dir='ltr'>Salam</span> <span class='ocrx_word' id='word_1_388' title='bbox 887 2196 1151 2255; x_wconf 75' lang='lat' dir='ltr'>elargiuntur‚</span> <span class='ocrx_word' id='word_1_389' title='bbox 1195 2199 1317 2238; x_wconf 87' lang='lat' dir='ltr'>Anno</span> <span class='ocrx_word' id='word_1_390' title='bbox 1346 2212 1445 2253; x_wconf 85' lang='lat'>941·</span> 
     </span>
    </p>
   </div>
   <div class='ocr_carea' id='block_1_15' title="bbox 224 2321 994 2371">
    <p class='ocr_par' dir='ltr' id='par_1_15' title="bbox 224 2321 994 2371">
     <span class='ocr_line' id='line_1_78' title="bbox 224 2321 994 2371; baseline 0.006 -16"><span class='ocrx_word' id='word_1_391' title='bbox 224 2324 256 2355; x_wconf 96' lang='lat' dir='ltr'><em>N</em></span> <span class='ocrx_word' id='word_1_392' title='bbox 281 2321 400 2356; x_wconf 86' lang='lat' dir='ltr'>nomine</span> <span class='ocrx_word' id='word_1_393' title='bbox 427 2322 558 2357; x_wconf 83' lang='lat' dir='ltr'>Domini</span> <span class='ocrx_word' id='word_1_394' title='bbox 585 2324 648 2358; x_wconf 77' lang='lat' dir='ltr'>Dei</span> <span class='ocrx_word' id='word_1_395' title='bbox 683 2325 794 2367; x_wconf 81' lang='lat' dir='ltr'>nostri.</span> <span class='ocrx_word' id='word_1_396' title='bbox 832 2329 925 2371; x_wconf 81' lang='lat' dir='ltr'>Hugo</span> <span class='ocrx_word' id='word_1_397' title='bbox 951 2331 994 2364; x_wconf 79' lang='lat' dir='ltr'>lE</span> 
     </span>
    </p>
   </div>
   <div class='ocr_carea' id='block_1_16' title="bbox 171 2370 928 2574">
    <p class='ocr_par' dir='ltr' id='par_1_16' title="bbox 171 2370 928 2574">
     <span class='ocr_line' id='line_1_79' title="bbox 245 2370 926 2421; baseline 0.004 -14"><span class='ocrx_word' id='word_1_398' title='bbox 245 2370 290 2409; x_wconf 73' lang='lat'>&amp;⁴</span> <span class='ocrx_word' id='word_1_399' title='bbox 318 2373 485 2408; x_wconf 82' lang='lat' dir='ltr'>Lotharius</span> <span class='ocrx_word' id='word_1_400' title='bbox 509 2373 626 2408; x_wconf 76' lang='lat' dir='ltr'>divina</span> <span class='ocrx_word' id='word_1_401' title='bbox 649 2376 833 2421; x_wconf 84' lang='lat' dir='ltr'>providente</span> <span class='ocrx_word' id='word_1_402' title='bbox 867 2377 926 2411; x_wconf 86' lang='lat' dir='ltr'>cle-</span> 
     </span>
     <span class='ocr_line' id='line_1_80' title="bbox 171 2423 927 2471; baseline 0.008 -17"><span class='ocrx_word' id='word_1_403' title='bbox 171 2423 289 2457; x_wconf 82' lang='lat' dir='ltr'>mentia</span> <span class='ocrx_word' id='word_1_404' title='bbox 328 2427 450 2468; x_wconf 84' lang='lat' dir='ltr'>Reges.</span> <span class='ocrx_word' id='word_1_405' title='bbox 488 2424 639 2471; x_wconf 85' lang='lat' dir='ltr'>Regalem</span> <span class='ocrx_word' id='word_1_406' title='bbox 677 2426 866 2471; x_wconf 82' lang='lat' dir='ltr'>dignitatem</span> <span class='ocrx_word' id='word_1_407' title='bbox 894 2427 927 2460; x_wconf 75' lang='lat' dir='ltr'>ln</span> 
     </span>
     <span class='ocr_line' id='line_1_81' title="bbox 173 2471 927 2520; baseline 0.007 -14"><span class='ocrx_word' id='word_1_408' title='bbox 173 2471 225 2506; x_wconf 75' lang='lat' dir='ltr'>boc</span> <span class='ocrx_word' id='word_1_409' title='bbox 243 2474 443 2520; x_wconf 78' lang='lat' dir='ltr'>augmentari</span> <span class='ocrx_word' id='word_1_410' title='bbox 461 2474 620 2520; x_wconf 89' lang='lat' dir='ltr'>speramus</span> <span class='ocrx_word' id='word_1_411' title='bbox 630 2499 640 2514; x_wconf 88' lang='lat'><em>‚</em></span> <span class='ocrx_word' id='word_1_412' title='bbox 660 2475 692 2515; x_wconf 83' lang='lat' dir='ltr'><strong><em>fi</em></strong></span> <span class='ocrx_word' id='word_1_413' title='bbox 708 2476 747 2509; x_wconf 86' lang='lat' dir='ltr'>de</span> <span class='ocrx_word' id='word_1_414' title='bbox 758 2477 846 2518; x_wconf 81' lang='lat' dir='ltr'>flatu</span> <span class='ocrx_word' id='word_1_415' title='bbox 864 2479 927 2511; x_wconf 82' lang='lat' dir='ltr'>Ec-</span> 
     </span>
     <span class='ocr_line' id='line_1_82' title="bbox 174 2521 928 2574; baseline 0.005 -16"><span class='ocrx_word' id='word_1_416' title='bbox 174 2521 333 2564; x_wconf 71' lang='lat' dir='ltr'>olefiarum</span> <span class='ocrx_word' id='word_1_417' title='bbox 357 2525 521 2572; x_wconf 82' lang='lat' dir='ltr'>providere</span> <span class='ocrx_word' id='word_1_418' title='bbox 548 2525 751 2574; x_wconf 68' lang='lat' dir='ltr'>disposuerit,</span> <span class='ocrx_word' id='word_1_419' title='bbox 778 2539 928 2574; x_wconf 80' lang='lat' dir='ltr'>augmen-</span> 
     </span>
    </p>
   </div>
   <div class='ocr_carea' id='block_1_17' title="bbox 951 2376 959 2571">
    <p class='ocr_par' dir='ltr' id='par_1_17' title="bbox 951 2376 959 2571">
     <span class='ocr_line' id='line_1_83' title="bbox 951 2376 959 2571; baseline 0 534"><span class='ocrx_word' id='word_1_420' title='bbox 951 2376 959 2571; x_wconf 95' lang='lat' dir='ltr'> </span> 
     </span>
    </p>
   </div>
   <div class='ocr_carea' id='block_1_18' title="bbox 1012 2329 1021 2571">
    <p class='ocr_par' dir='ltr' id='par_1_18' title="bbox 1012 2329 1021 2571">
     <span class='ocr_line' id='line_1_84' title="bbox 1012 2329 1021 2571; baseline 0 534"><span class='ocrx_word' id='word_1_421' title='bbox 1012 2329 1021 2571; x_wconf 95' lang='lat' dir='ltr'> </span> 
     </span>
    </p>
   </div>
   <div class='ocr_carea' id='block_1_19' title="bbox 1043 2325 1798 2419">
    <p class='ocr_par' dir='ltr' id='par_1_19' title="bbox 1043 2325 1798 2419">
     <span class='ocr_line' id='line_1_85' title="bbox 1044 2325 1798 2372; baseline -0.004 -11"><span class='ocrx_word' id='word_1_422' title='bbox 1044 2325 1140 2361; x_wconf 85' lang='lat' dir='ltr'>tando</span> <span class='ocrx_word' id='word_1_423' title='bbox 1162 2325 1375 2372; x_wconf 72' lang='lat' dir='ltr'>frequenthus</span> <span class='ocrx_word' id='word_1_424' title='bbox 1399 2325 1509 2361; x_wconf 84' lang='lat' dir='ltr'>donis.</span> <span class='ocrx_word' id='word_1_425' title='bbox 1546 2325 1699 2371; x_wconf 73' lang='lat' dir='ltr'>Quocirca</span> <span class='ocrx_word' id='word_1_426' title='bbox 1734 2338 1798 2359; x_wconf 86' lang='lat' dir='ltr'>om·</span> 
     </span>
     <span class='ocr_line' id='line_1_86' title="bbox 1043 2375 1798 2419; baseline -0.001 -10"><span class='ocrx_word' id='word_1_427' title='bbox 1043 2377 1130 2411; x_wconf 84' lang='lat' dir='ltr'>nium</span> <span class='ocrx_word' id='word_1_428' title='bbox 1150 2375 1298 2419; x_wconf 85' lang='lat' dir='ltr'>fidelium</span> <span class='ocrx_word' id='word_1_429' title='bbox 1333 2376 1438 2418; x_wconf 69' lang='lat' dir='ltr'>sam‘le</span> <span class='ocrx_word' id='word_1_430' title='bbox 1467 2376 1528 2411; x_wconf 84' lang='lat' dir='ltr'>Dei</span> <span class='ocrx_word' id='word_1_431' title='bbox 1557 2375 1706 2413; x_wconf 75' lang='lat' dir='ltr'>Ecclesie,</span> <span class='ocrx_word' id='word_1_432' title='bbox 1744 2389 1798 2409; x_wconf 83' lang='lat' dir='ltr'>no—</span> 
     </span>
    </p>
   </div>
   <div class='ocr_carea' id='block_1_20' title="bbox 1036 2421 1857 2473">
    <p class='ocr_par' dir='ltr' id='par_1_20' title="bbox 1036 2421 1857 2473">
     <span class='ocr_line' id='line_1_87' title="bbox 1036 2421 1857 2473; baseline -0.001 -14"><span class='ocrx_word' id='word_1_433' title='bbox 1036 2427 1227 2473; x_wconf 81' lang='lat' dir='ltr'>strorumque</span> <span class='ocrx_word' id='word_1_434' title='bbox 1250 2426 1437 2472; x_wconf 81' lang='lat' dir='ltr'>presentium</span> <span class='ocrx_word' id='word_1_435' title='bbox 1464 2425 1510 2464; x_wconf 54' lang='grc' dir='ltr'>ἔφ’</span> <span class='ocrx_word' id='word_1_436' title='bbox 1545 2426 1715 2466; x_wconf 71' lang='lat' dir='ltr'>futurorum</span> <span class='ocrx_word' id='word_1_437' title='bbox 1741 2426 1797 2458; x_wconf 86' lang='lat' dir='ltr'>de·</span> <span class='ocrx_word' id='word_1_438' title='bbox 1855 2421 1857 2423; x_wconf 39' lang='lat'>¹</span> 
     </span>
    </p>
   </div>
   <div class='ocr_carea' id='block_1_21' title="bbox 1041 2474 1796 2522">
    <p class='ocr_par' dir='ltr' id='par_1_21' title="bbox 1041 2474 1796 2522">
     <span class='ocr_line' id='line_1_88' title="bbox 1041 2474 1796 2522; baseline -0.003 -13"><span class='ocrx_word' id='word_1_439' title='bbox 1041 2476 1127 2510; x_wconf 82' lang='lat' dir='ltr'>votio</span> <span class='ocrx_word' id='word_1_440' title='bbox 1155 2477 1302 2516; x_wconf 81' lang='lat' dir='ltr'>noverit,</span> <span class='ocrx_word' id='word_1_441' title='bbox 1342 2477 1478 2522; x_wconf 86' lang='lat' dir='ltr'>qualiter</span> <span class='ocrx_word' id='word_1_442' title='bbox 1504 2475 1697 2519; x_wconf 65' lang='lat' dir='ltr'>Sigefredus</span> <span class='ocrx_word' id='word_1_443' title='bbox 1725 2474 1796 2515; x_wconf 83' lang='lat' dir='ltr'>san-</span> 
     </span>
    </p>
   </div>
   <div class='ocr_carea' id='block_1_22' title="bbox 1041 2525 1795 2616">
    <p class='ocr_par' dir='ltr' id='par_1_22' title="bbox 1041 2525 1795 2616">
     <span class='ocr_line' id='line_1_89' title="bbox 1041 2525 1795 2607; baseline -0.004 -46"><span class='ocrx_word' id='word_1_444' title='bbox 1041 2525 1089 2561; x_wconf 66' lang='lat' dir='ltr'>cle</span> <span class='ocrx_word' id='word_1_445' title='bbox 1110 2525 1301 2564; x_wconf 87' lang='lat' dir='ltr'>Parmenfis</span> <span class='ocrx_word' id='word_1_446' title='bbox 1319 2525 1470 2563; x_wconf 86' lang='lat' dir='ltr'>Ecclefie</span> <span class='ocrx_word' id='word_1_447' title='bbox 1502 2525 1695 2607; x_wconf 73' lang='lat' dir='ltr'>venerabiliss</span> <span class='ocrx_word' id='word_1_448' title='bbox 1711 2525 1795 2607; x_wconf 73' lang='lat' dir='ltr'>lPre-</span> 
     </span>
     <span class='ocr_line' id='line_1_90' title="bbox 1688 2585 1743 2616; baseline 0 -9"><span class='ocrx_word' id='word_1_449' title='bbox 1688 2585 1707 2607; x_wconf 80' lang='lat' dir='ltr'>u</span> <span class='ocrx_word' id='word_1_450' title='bbox 1735 2599 1743 2616; x_wconf 90' lang='lat'>‚</span> 
     </span>
    </p>
   </div>
  </div>
 </body>
</html>
