2216 3105
380 204 460 244 203
681 187 1573 246 ANTIQUJT.MEDJIAEV1

319 258 419 286 rum,
448 246 480 282 se
507 245 675 283 audiviss‘e
703 246 753 282 ait
775 271 785 286 ,
826 251 906 293 quod
925 248 1077 292 juniores

321 297 498 337 Comitum,
525 298 580 332 vel
605 298 708 344 aliqui
734 296 884 339 Ministn'
907 298 1078 345 Reipubli-

320 360 392 387 cae,
417 349 559 396 aliquam
585 347 838 387 redhibitionem,
864 348 953 395 quasi
969 350 1077 397 depre-

320 399 443 437 cando,
481 401 503 434 ὰ
538 399 657 446 Populo
692 398 810 444 exigere
848 399 991 443 soleant.
1037 402 1076 435 In

319 448 587 485 Additamentis
615 449 656 485 ad
683 447 908 497 Capitularia
926 450 1076 499 ejusdem

319 496 448 535 Caroli
475 499 602 548 Magni
630 512 708 548 pag.
743 511 825 546 113.
862 512 970 548 nuper
1006 514 1077 536 me-

322 560 476 586 moratae
519 549 631 585 Partia
677 552 723 585 11.
768 550 862 586 idern
905 551 1077 599 Augustus
1100 586 1103 589 ,

323 599 444 636 scribit
484 601 624 635 omnibus
664 599 808 635 Ducibus
827 626 838 640 ,
879 601 1078 641 amitibus,

323 650 517 693 Castaldiis‚
552 650 609 695 Jeu
644 650 761 685 cunHis
796 652 1002 699 Reipublicae
1025 663 1081 699 per

323 701 526 736 Provinciam
553 701 668 736 Italiae
692 703 714 736 ἂ
741 701 843 744 nostra
868 702 1081 747 mansuetudi-

324 764 361 785 ne
384 751 586 798 praepositis.
616 751 690 797 Qui
717 753 924 799 Reipublicae
951 766 1078 788 nomen

322 814 431 848 nuper
457 802 498 837 ad
525 802 783 843 Exarchatum,
819 804 854 839 8<
883 805 1080 839 Romanum

326 854 501 888 Ducatum
539 853 641 889 unice
678 853 902 902 designandos
939 864 1081 889 contor-

325 904 475 952 quebat,
512 902 616 939 habet
652 903 730 939 heic
759 904 848 940 unde
875 904 1079 951 opinionem

328 955 416 989 male
445 953 624 989 consutam
651 967 776 990 exuere
812 954 935 1004 poffit.
973 955 1082 989 Mini-

321 1004 400 1047 [ἶνας
426 1017 549 1051 nempe
576 1005 800 1052 Principatus,
829 1005 995 1047 Ministros
1015 1009 1082 1039 Re—

323 1056 396 1102 gis,
425 1055 597 1103 appellare
624 1068 700 1090 mos
719 1054 788 1091 fuit
812 1056 979 1097 Ministros
1002 1055 1082 1089 Rei-

325 1106 486 1152 publicae.
523 1103 651 1140 Adhuc
678 1118 740 1140 nos
768 1106 981 1153 appellamus
1010 1105 1083 1138 Mi-

330 1155 419 1196 nistri
444 1155 496 1188 del
522 1156 692 1194 Pubblico,
720 1168 807 1201 quos
836 1152 1000 1203 Princeps
1020 1155 1083 1189 sta-

330 1205 399 1240 tuit
427 1204 468 1240 ad
496 1204 680 1252 regendam
710 1205 998 1252 Rempublicam.
1028 1205 1084 1240 Id-

330 1269 396 1303 que
423 1256 556 1290 elucere
583 1255 690 1290 etiam
721 1255 827 1302 potest
847 1269 889 1291 ex
910 1258 1005 1304 Lege
1027 1267 1084 1302 34.

333 1305 508 1342 Ludovici
546 1305 603 1340 Pii
640 1305 788 1354 Augusti
824 1306 917 1341 inter
943 1309 1085 1353 Lango-

333 1356 509 1399 bardicas,
551 1355 611 1391 ubi
638 1355 814 1392 decretum
842 1356 907 1396 est,
949 1365 988 1391 ut
1017 1358 1087 1391 De-

332 1407 442 1442 cimae
468 1409 489 1440 d
525 1406 688 1448 Ministris
723 1405 930 1453 Reipublicae
957 1407 1087 1452 ext'gan-

332 1468 400 1491 tur.
428 1459 475 1491 Et
502 1455 617 1491 infra:
656 1457 878 1503 Negligentes,
919 1458 941 1490 ἃ
977 1456 1086 1490 Mini-

324 1509 401 1550 stris
437 1506 644 1553 Reipublicae
683 1505 840 1548 districh,
874 1506 999 1553 singuli
1033 1506 1087 1550 sex

332 1558 455 1593 solidos
481 1555 635 1597 Ecclesiae
661 1567 862 1603 componant,
890 1556 936 1595 fif
965 1557 1088 1602 insuper

332 1610 407 1642 dare
437 1607 592 1642 Decimam
620 1618 786 1653 cogantur.
815 1607 850 1642 Si
872 1609 954 1642 vero
974 1607 1086 1641 denuo

333 1658 458 1692 rebelles
484 1657 538 1690 vel
564 1657 797 1690 contradifflores
823 1656 878 1702 effe
903 1658 1086 1695 voluerint,

333 1719 405 1742 tun:
431 1710 451 1741 ἁ
471 1707 634 1749 Minislris
654 1707 754 1753 Regis
775 1707 807 1740 in
826 1707 991 1748 custodiam
1012 1708 1086 1740 mit·
1113 1694 1117 1738 l

335 1768 465 1796 tantur,
494 1757 585 1803 usque
610 1758 684 1790 dum
711 1758 754 1792 ad
776 1756 933 1802 judicium
956 1759 1087 1804 postmo-

332 1810 406 1843 dum
431 1811 657 1854 perducantur.
700 1807 859 1842 Ρτοῖεξῖὸ
901 1820 1008 1842 unum
1050 1820 1088 1841 ac

335 1859 425 1894 idem
456 1857 552 1892 fuiffe
580 1857 718 1901 videas,
755 1857 816 1904 qui
853 1866 952 1893 antea
983 1857 1089 1891 Mini-

328 1909 388 1951 stri
416 1908 618 1954 Reipublicae
644 1907 812 1955 appellati
840 1907 938 1947 sunt,
966 1906 1004 1943 &
1029 1907 1090 1954 qui

337 1959 445 2008 postea
482 1958 628 2000 Ministri
665 1959 783 2005 Regis.
822 1960 875 1993 Ita
915 1958 952 1993 in
994 1960 1089 2005 Lege

336 2023 394 2057 74.
423 2008 588 2044 Lotharii
617 2008 643 2043 Ι.
683 2008 839 2044 Caesaris
877 2008 972 2044 inter
998 2011 1119 2053 Lan-1¹
1174 2011 1178 2047 Ι

1803 209 1889 250 ²04

1115 249 1164 283 A:
1189 248 1392 296 gobardicas
1419 249 1582 286 statutum
1612 263 1750 291 cernas,
1778 262 1814 286 ut
1840 254 1947 288 nullus

1180 302 1209 342 J
1213 300 1290 333 udex
1323 299 1487 346 publicus,
1523 311 1579 335 aue
1620 302 1768 344 Ministri
1803 303 1945 350 publici,

1189 348 1306 384 liberas
1341 351 1487 396 personas
1526 362 1632 386 eontra
1671 353 1768 399 legem
1809 354 1947 389 audeant

1187 400 1353 446 pignorare
1379 401 1411 434 in
1438 402 1590 441 bovibus,
1633 403 1708 448 quia
1743 403 1946 443 audivimut,

1189 454 1269 496 quod
1295 452 1396 485 multa
1421 453 1539 487 damna
1561 463 1686 499 propter
1721 453 1774 487 boc
1810 455 1948 501 Populus

1191 500 1287 541 noster
1307 501 1489 545 sustineret.
1518 504 1641 549 Neque
1671 502 1748 538 heic
1776 503 1863 539 alios
1885 517 1945 540 ex-

1191 550 1345 598 cogitare
1373 552 1546 600 poffumus
1574 553 1671 588 fuisse
1699 553 1858 597 Iudices,
1887 562 1947 590 aut

1191 601 1371 637 Ministros
1395 603 1555 649 publicos,
1592 603 1654 638 nifi
1683 605 1784 650 Regis
1810 604 1946 647 Judices

1192 661 1295 697 atque
1322 652 1526 688 Ministros.
1558 653 1633 689 Nifi
1661 655 1754 689 enim
1776 653 1844 690 suis
1870 654 1948 690 Mi-

1192 701 1304 737 nistris
1341 702 1576 738 interdixisset
1612 703 1804 739 Lotharius
1842 704 1948 740 boves

1192 751 1300 787 titulo
1337 752 1493 801 pignoris
1533 754 1552 788 a
1588 753 1708 789 liberis
1745 753 1950 790 hominibus

1193 802 1343 843 auferre,
1371 803 1605 839 incommodis
1632 804 1758 852 Populi
1779 805 1875 839 nulla
1896 818 1951 840 ra-

1193 852 1290 888 tione
1318 854 1393 889 Lex
1421 854 1482 889 ista
1518 854 1759 902 prospexisset.
1797 857 1883 890 Sunt
1911 853 1951 891 ὅ(

1193 903 1281 938 aliae
1308 904 1592 951 Langobardieae
1629 907 1763 953 Leges,
1805 905 1842 940 in
1870 905 1949 953 qui-

1193 953 1255 987 bus
1298 954 1446 994 Ministri
1487 952 1524 989 &
1565 954 1700 989 Ac-'lores
1746 956 1951 1001 Reipublicae

1195 1011 1460 1050 memorantur3
1506 1003 1560 1038 uti
1597 1001 1635 1038 ὅ(
1675 1003 1952 1051 Aquisgranense

1194 1051 1402 1087 Concilium
1432 1054 1477 1087 11.
1511 1053 1610 1087 Anni
1649 1055 1952 1089 DCCCXXXVI.

1196 1101 1232 1137 ὃς
1261 1101 1484 1150 Capitularia
1505 1103 1672 1150 quaedam
1697 1102 1822 1140 Caroli
1843 1102 1953 1139 Calvi

1196 1153 1441 1200 Imperatoris,
1487 1153 1548 1189 ubi
1584 1152 1717 1189 easdem
1756 1167 1858 1189 voces
1894 1155 1953 1190 de-

1197 1202 1405 1252 prehendas,
1445 1203 1537 1238 nihil
1574 1204 1668 1239 aliud
1697 1204 1951 1253 significantes,

1197 1254 1300 1301 quam
1329 1254 1511 1300 Principis,
1549 1253 1616 1289 five
1645 1257 1765 1301 Regis,
1804 1264 1863 1290 aut
1889 1258 1954 1290 Im-

1196 1304 1347 1350 peratoris
1373 1304 1562 1345 Ministros.
1591 1307 1677 1340 Sunt
1704 1307 1737 1340 &
1767 1306 1953 1352 Diploma-

1198 1363 1232 1388 ta
1262 1356 1394 1402 Regum
1424 1353 1462 1390 &
1491 1355 1723 1403 Augustorum
1741 1381 1750 1394 ‚
1795 1355 1957 1391 Urbibus

1197 1412 1295 1439 extra
1323 1404 1584 1445 Emi-charum,
1615 1407 1647 1440 δε
1679 1408 1854 1441 Ducatum
1886 1408 1956 1441 Ro-

1200 1467 1339 1489 manum
1378 1454 1450 1490 fitis
1487 1457 1661 1495 concessa,
1700 1457 1737 1491 in
1775 1457 1872 1503 queis
1901 1456 1956 1491 ni-

1199 1503 1275 1539 hilo
1303 1503 1411 1539 secius
1439 1505 1645 1551 Reipublicae
1672 1507 1840 1547 Ministros
1861 1518 1957 1553 repe-

1201 1554 1330 1592 rimus,
1373 1567 1459 1601 quos
1496 1563 1587 1589 certe
1624 1555 1758 1590 nemini
1795 1556 1831 1590 in
1861 1568 1958 1590 men-

1202 1614 1272 1640 tem
1301 1604 1447 1643 veniat,
1490 1606 1641 1641 Romani
1672 1605 1856 1641 pontificis
1883 1605 1958 1641 Mi—

1202 1654 1323 1689 nistros
1359 1655 1423 1689 effe
1460 1655 1703 1702 appellandos.
1745 1655 1846 1690 Adeo
1875 1655 1958 1690 haec

1203 1714 1294 1740 certa
1323 1704 1421 1742 sunt,
1449 1714 1488 1739 ut
1515 1705 1571 1738 vel
1599 1703 1660 1752 ipfi
1692 1705 1870 1752 Principes
1895 1706 1958 1740 Be-

1205 1754 1415 1797 neventani,
1452 1767 1490 1788 ac
1518 1753 1751 1798 Salernitani,
1788 1755 1960 1801 Reipubli-

1205 1819 1256 1839 cae
1297 1817 1381 1839 voce
1419 1812 1598 1842 uterentur
1642 1804 1758 1839 eadem
1801 1805 1985 1848 ratione,-

1203 1868 1270 1901 qua
1299 1857 1408 1902 Reges
1436 1863 1540 1902 atque
1567 1854 1735 1902 Augusti.
1765 1857 1850 1890 Rem
1880 1868 1959 1903 pro-

1203 1905 1261 1940 det
1282 1904 1469 1951 Diploma‚
1497 1904 1589 1951 quod
1618 1905 1654 1939 in
1683 1904 1876 1940 Tabulario
1904 1904 1959 1940 in-

1203 1955 1305 2004 fignis
1332 1954 1537 1990 Monasterii
1565 1953 1732 1991 Cavenfis
1760 1955 1896 1991 existit.

338 2133 475 2175 Gisolfi
507 2136 536 2174 Ι.
571 2131 756 2189 Principis
787 2131 1019 2175 Salernitani
1052 2129 1213 2173 donatio
1255 2129 1354 2171 fasta
1396 2128 1588 2171 Ecclefiae
1620 2129 1752 2172 Sanffi
1786 2129 1961 2173 Maximi

602 2192 692 2232 {itae
724 2191 826 2233 intra
857 2191 1139 2234 Salernitanam
1174 2190 1417 2241 Civitatem,
1447 2191 1569 2230 Anno
1596 2204 1696 2244 959.

339 2307 487 2400 NOs
514 2306 653 2351 GtJolsus
686 2305 805 2341 divina
838 2317 1015 2353 protegente
1041 2307 1100 2340 cle—
1127 2308 1167 2347 'E
1207 2306 1286 2340 hanc
1332 2304 1464 2347 nostram
1504 2305 1742 2340 salernitanam
1792 2304 1966 2340 Civitatem

473 2357 590 2391 mentia
616 2356 765 2404 Princeps
788 2359 894 2403 gentis
916 2359 1100 2402 Langobar-

340 2410 447 2442 dorum
483 2419 538 2453 pro
572 2420 673 2441 amore
709 2408 928 2453 omnipotentis
964 2408 1027 2441 Dei
1054 2406 1099 2445 ό*

334 2458 518 2503 salvatione
557 2457 681 2492 animae
723 2457 839 2497 nofirae
861 2482 871 2496 ‚
914 2457 1100 2491 concedimus

344 2509 375 2543 in
413 2507 550 2550 Ecclesia
584 2506 699 2543 Sam‘li
735 2507 878 2542 Maximi
906 2507 973 2549 sita
1013 2508 1099 2542 intus

1177 2361 1181 2407 ᾗ
1209 2369 1227 2391 a
1256 2355 1413 2391 Domino
1452 2354 1635 2390 Guaiferio
1673 2355 1835 2403 Principe
1870 2353 1966 2388 Bisa-

1211 2406 1271 2441 vio
1300 2419 1404 2450 meo,
1443 2408 1481 2440 de
1517 2407 1647 2452 aquario
1682 2407 1812 2452 antiquo
1838 2403 1967 2440 nostrae

1212 2456 1442 2505 Reipublicae
1477 2457 1672 2503 pertinente,
1716 2455 1881 2497 constnaHo
1920 2454 1971 2487 in-

1177 2520 1181 2524 ’
1209 2517 1260 2540 tois
1300 2508 1380 2542 hanc
1420 2507 1619 2545 Civitatem,
1659 2507 1714 2540 hoc
1755 2505 1796 2548 est
1821 2514 1972 2552 quantum

1865 2566 1913 2588 Ye-
