2216 3105
241 220 324 269 353
560 200 923 244 DJSSERTATJO
966 198 1437 244 DECIMAOCTAVA.
1665 216 1686 243 2
1699 216 1750 255 54

183 287 208 305 „
235 263 265 298 ri
295 263 348 297 vel
386 259 592 295 contendere
635 258 821 307 quesierint
857 259 936 316 qui—
961 261 1004 295 A

184 337 208 355 ‚‚
237 312 444 357 bustumque
486 310 624 345 modis.
665 313 711 345 Et
752 309 845 357 quod
887 312 936 344 ita

183 387 207 405 ‚‚
234 361 326 396 inter
361 374 423 395 nos
465 361 652 399 conbenit,
694 359 776 407 quia
817 361 849 394 8<
881 373 937 405 per

182 439 206 457 „
234 411 351 446 eadem
392 410 652 446 combenientia
694 410 764 459 ipse
794 410 854 457 qui
884 410 936 445 su-

182 488 206 506 „
234 474 293 509 pra
322 463 441 496 Petrus
474 461 646 496 Presbiter
672 462 704 496 &
730 460 854 496 Custus
877 474 937 508 pro

182 538 206 556 ‚‚
236 520 330 558 parte
358 511 571 560 supr-adjssae
599 511 675 546 suae
703 510 873 546 Ecclesiae
903 512 936 545 3<

183 588 207 606 ‚,
237 562 438 597 Monasterii
492 562 623 596 dimisit
679 563 712 596 δε
763 561 938 596 relaffabit

184 639 208 656 ‚,
236 612 409 647 Cennami
438 612 660 659 Langobardi
685 626 745 660 pro
767 622 862 659 parte
886 610 938 646 su-

185 689 208 707 „
237 663 412 710 pradiPcae
449 663 578 698 nostrae
614 663 708 698 Sedis
747 661 938 710 praediCias

184 739 208 757 „
237 713 427 748 calumnias
469 715 501 748 δε
549 713 787 760 quaestiones,
830 711 939 746 sacra-

185 789 209 807 „
238 772 354 798 menta
382 773 485 811 atque
513 763 806 811 compositiones,
841 761 940 810 quic-

185 839 209 858 „
237 815 321 860 quid
366 827 427 849 nos
464 814 494 849 ei
533 813 643 849 facere
680 813 862 849 debuimus
899 812 940 847 de

184 889 210 907 ‚‚
237 863 463 912 suprascripta
492 864 548 899 sua
576 864 773 911 quaestione
796 877 857 912 pro
885 863 940 898 su-

185 939 209 957 „
237 913 392 962 pradic‘ta
437 928 521 961 pena
557 916 755 963 obligamus
797 927 941 961 compo-

184 989 209 1007 „
237 964 409 999 nendum.
438 967 470 999 Si
501 974 616 999 autem
645 978 728 1004 nos,
756 964 815 1012 qui
843 963 942 1011 supra

185 1038 210 1057 „
240 1016 346 1048 Virus
399 1014 555 1049 Pontifes
598 1016 654 1050 vel
697 1015 941 1049 successoribus

239 1063 359 1098 nostris
389 1064 474 1099 hanc
511 1064 680 1099 Chartam
718 1065 943 1100 combenien-

240 1113 331 1153 tiae,
360 1114 399 1148 de
427 1114 551 1160 quibus
573 1116 754 1158 continet,
782 1114 941 1163 aliquan-

241 1214 379 1248 mobere
420 1214 685 1261 quaesierimus,
727 1214 765 1251 &
809 1215 831 1250 fi
871 1228 941 1250 non

240 1263 531 1308 compleberimus
576 1264 642 1298 tibi
671 1289 682 1303 ,
737 1264 797 1312 qui
845 1264 942 1312 supra

239 1312 401 1348 Landoni
439 1314 662 1361 Langobardi
701 1316 756 1349 vel
794 1314 835 1349 ad
873 1314 943 1350 tuis

239 1362 420 1398 heredibus
448 1364 480 1397 ὃ(
510 1364 651 1402 omnia,
693 1377 779 1410 quae
808 1366 939 1411 praele-

239 1422 388 1460 guntur,
426 1413 663 1449 decemmillia
701 1414 775 1449 auri
804 1414 942 1449 Solidos

239 1463 582 1510 Constantinopolim
589 1477 650 1499 nos
702 1464 810 1499 bonos
855 1477 940 1511 pena

238 1526 300 1548 nos
328 1514 358 1548 8(
382 1512 624 1549 successoribus
651 1514 771 1549 nostris
792 1514 857 1550 tibi
881 1514 942 1562 qui

240 1563 337 1611 supra
365 1565 417 1599 La
421 1564 528 1600 ndoni
557 1566 781 1614 Langobardi
817 1566 874 1601 vel
902 1566 942 1600 ad

186 1089 198 1357 υυυυυυ

202 1089 212 1307 numu-o

202 1339 211 1358 υ

243 1677 338 1698 mus.
378 1666 424 1699 Et
452 1664 491 1698 ha
479 1678 535 1699 ec
573 1666 703 1701 Charta
732 1667 943 1702 conbenien-

242 1714 312 1748 tiae
340 1714 491 1760 qualiter
519 1714 702 1751 secundum
741 1718 834 1764 Lege
863 1717 944 1752 staie

242 1763 371 1812 potest,
414 1763 452 1799 fit
481 1763 601 1804 firma,
644 1767 675 1800 8<
706 1767 826 1801 taliter
853 1779 943 1810 nos,

243 1813 304 1860 qui
346 1814 465 1860 supr‚a
504 1815 609 1851 Virus
647 1816 794 1852 Domini
834 1818 945 1865 gratia

245 1864 423 1903 Pontifes‚
460 1879 538 1900 cum
581 1866 743 1902 consensu
784 1868 943 1902 Sacerdo-

242 1965 324 2000 strae
351 1965 466 2005 Sedis,
507 1968 539 2001 8<
569 1981 647 2016 erga
676 1968 856 2004 nobiscum
885 1969 945 2004 ha-

244 2015 355 2050 bendo
383 2015 579 2064 suprad56³m
607 2018 794 2054 Abbocato
831 2019 940 2067 supra-

207 2091 217 2109 ,
246 2065 365 2114 scripti
394 2066 498 2102 nostri
527 2068 728 2115 Episcopii‚
766 2068 850 2105 ficut
891 2070 947 2105 in-

206 2141 216 2158 ,
243 2124 296 2150 ter
323 2129 384 2150 nos
413 2117 612 2157 combenit‚
650 2118 834 2154 secundum
876 2122 946 2155 Le-

191 2192 215 2210 „
243 2178 320 2213 gem
350 2165 516 2205 fecimus,
544 2169 576 2202 &
605 2177 640 2203 te
669 2171 809 2205 Petrum
834 2172 947 2206 Nota—

192 2241 217 2259 „
245 2216 364 2255 rium,
392 2216 453 2264 qui
482 2217 689 2257 interfuisti,
715 2220 863 2256 scribere
890 2234 946 2256 ro—

190 2292 215 2310 „
242 2265 427 2314 gavimus.

240 2343 264 2360 ‚,
293 2319 335 2360 ᾧ
364 2318 439 2364 Ego
467 2317 527 2363 qui
556 2316 653 2366 supra
675 2320 794 2356 Petrus
814 2320 944 2364 judex.

241 2394 265 2411 ‚,
293 2369 368 2414 Ego
397 2368 594 2404 Autoaldus
612 2395 621 2403 .

239 2443 263 2460 ‚,
292 2419 367 2465 Ego
395 2418 608 2454 Audoaldo.

238 2467 362 2514 Scripsi
390 2472 491 2502 2Anno
522 2481 626 2506 1020.
648 2483 718 2518 quo
745 2470 946 2506 decurrebat

190 2517 330 2556 Inaifft'io
360 2521 421 2555 III.
442 2520 476 2554 8<
505 2518 648 2569 Capuae
676 2521 947 2558 dominabantur

185 1390 203 2160 υυυυυυυυυυυυδουυυ

201 1390 216 2059 emonensem-uuonan

239 1163 284 1199 do
312 1177 371 1212 per
397 1165 649 1212 qualecumque
680 1165 861 1211 ingenium
890 1178 942 1200 re-
969 1165 970 1170 ’

240 1613 311 1649 tuis
339 1613 521 1650 heredibus
558 1628 765 1664 componere
807 1616 944 1664 obliga-
971 1626 973 1657 j

1022 1667 1200 1714 ¹ejuldem
1251 1666 1466 1703 referendum
1522 1669 1585 1703 effe

244 1924 318 1950 tum
348 1916 380 1949 δε
409 1916 525 1951 Cleric
510 1929 627 1951 corum
651 1917 863 1965 supradi&ae
883 1931 947 1953 no-

1048 257 1236 293 Pandulsus
1266 260 1310 292 II.
1339 256 1526 293 pandulfus
1564 259 1628 294 IV.
1651 259 1683 293 &
1716 261 1803 294 Pan-

1047 308 1162 344 dulfus
1190 311 1234 344 V.
1255 310 1374 343 Multa
1396 308 1476 343 hinc
1497 306 1682 344 discimus.
1710 311 1803 344 Cum

1049 359 1102 394 his
1122 358 1237 398 enim,
1266 358 1457 394 dummodo
1478 358 1593 393 nullus
1619 358 1685 393 huc
1712 369 1806 394 error

1048 409 1289 445 Librariorum
1337 407 1514 458 irrepserit
1539 432 1548 447 ‚
1599 407 1805 444 conferenda

1047 460 1146 499 sunt,
1182 473 1270 507 quae
1297 459 1339 495 de
1369 457 1591 507 Principibus
1628 459 1805 506 Capuanis

1015 520 1017 535 ²
1048 510 1167 545 scribit
1196 510 1371 546 Camillus
1400 509 1641 558 Peregrinius.
1668 511 1714 544 Et
1735 509 1805 551 pri--

1047 564 1106 596 mc>
1132 561 1330 605 Pandulfum
1358 563 1399 596 ῙΙ.
1419 562 1454 596 &
1475 560 1670 604 Pandulfum
1698 562 1752 595 IV.
1776 559 1806 595 is

1045 613 1201 657 patrueles
1227 611 1446 660 appellavit.
1475 611 1567 646 Heic
1596 620 1710 646 autem
1736 610 1807 654 sra-

1047 673 1108 696 tres
1149 662 1334 697 dicuntur:
1380 661 1434 697 sed
1478 661 1614 697 fortasse
1648 662 1807 708 patrueles

1017 730 1019 758 g
1048 725 1186 760 quoque
1214 712 1382 760 appellati
1410 711 1498 747 olim
1538 711 1631 748 fuere
1662 713 1804 757 fratres.

1047 763 1204 798 Secunde>
1232 762 1451 811 Peregrinius
1479 762 1600 798 austor
1623 762 1688 802 est,
1718 764 1807 797 Pan-

1048 811 1184 848 dulfum
1215 816 1240 848 Ι.
1268 812 1538 861 Caputferreum
1568 813 1683 848 iniiffe
1706 813 1806 848 Prin-

1048 862 1203 911 cipatum
1232 865 1341 899 Anno
1382 862 1470 899 Chr.
1501 864 1805 899 DCCCCXLIII.

1018 928 1020 935 ·
1048 914 1122 962 ejus
1149 918 1233 950 vero
1261 914 1375 949 filium
1406 913 1621 950 Landulfum
1644 915 1707 948 IV.
1730 915 1807 948 An-

1049 977 1095 999 no
1140 966 1482 1000 DCCCCLXVIII.
1533 973 1609 999 turn
1657 963 1807 998 Pandul-

1050 1014 1122 1049 fum
1161 1017 1206 1050 II.
1244 1017 1353 1051 Anno
1399 1016 1736 1050 DCCCCLXXXI.
1773 1015 1807 1048 δ(

1050 1064 1264 1100 Landulfum
1288 1068 1331 1100 V.
1354 1067 1461 1100 Anno
1485 1066 1807 1101 DCCCCLxxx-

1049 1116 1131 1149 VII.
1151 1113 1247 1150 Cum
1268 1114 1361 1151 hisce
1381 1115 1500 1151 confer
1520 1124 1618 1150 notas
1643 1114 1808 1152 Chrono-

1049 1165 1180 1212 logicas
1222 1165 1442 1213 geminorum
1481 1165 1727 1214 Diplomaturn
1769 1165 1805 1200 in

1049 1216 1180 1250 Charta
1220 1215 1283 1250 hac
1320 1215 1550 1251 insertorum.
1593 1216 1720 1250 Tertio
1749 1215 1807 1250 ad—

1049 1265 1178 1300 dendus
1205 1266 1250 1301 est
1277 1267 1437 1314 catalogo
1465 1265 1716 1314 Episcoporum
1755 1267 1808 1300 A-

1050 1315 1239 1351 lifanorum
1270 1317 1387 1358 Virus,
1416 1329 1522 1364 quem
1550 1316 1587 1351 in
1618 1315 1720 1351 Italia
1749 1318 1807 1351 Sa-

1050 1378 1105 1399 cra
1130 1365 1319 1413 Ughellius
1340 1366 1519 1413 ignoravit
1534 1393 1542 1402 .
1569 1368 1706 1412 Quarto
1728 1379 1807 1401 cen-

1050 1414 1117 1450 suit
1138 1415 1230 1450 idern
1254 1415 1460 1463 Ughellius,
1489 1416 1660 1452 Alfanum
1690 1420 1715 1452 1.
1743 1418 1807 1452 Be-

1050 1474 1283 1501 neventanum
1289 1445 1619 1513 DArchiepiscopum
1641 1465 1737 1502 fuiffe
1756 1481 1809 1502 re-

1624 1519 1809 1553 DCCCC-

1051 1515 1253 1551 nuntiatum
1293 1518 1401 1551 Anno
1442 1517 1571 1552 Christi

1023 1567 1220 1601 ,XCVIIL
1261 1565 1316 1601 sed
1358 1565 1514 1602 fallitur.
1555 1566 1651 1603 Hinc
1680 1568 1808 1615 quippe

1050 1616 1229 1660 eruimus,
1276 1616 1422 1652 initium
1476 1617 1748 1666 Archiepiscopa
1754 1628 1808 1653 tus

1051 1730 1132 1751 num
1158 1719 1528 1753 Dccchxxxiv.
1546 1720 1600 1753 vei
1625 1669 1810 1754 nimii&

1052 1769 1233 1802 LXXXV.
1246 1781 1352 1816 quum
1367 1770 1473 1803 Anno
1487 1771 1810 1805 DCCCCLXXX—

1022 1826 1023 1829 ’
1052 1820 1152 1853 VIII.
1181 1818 1376 1854 decurreret
1413 1823 1533 1853 Amas
1573 1819 1671 1855 illius
1702 1824 1809 1865 Quar-

1052 1880 1126 1903 tus.
1154 1869 1314 1912 Quinfto
1332 1894 1340 1907 ,
1368 1869 1619 1905 controversiae
1647 1870 1727 1905 huic
1756 1871 1811 1905 in—

1052 1919 1150 1954 terest
1178 1921 1290 1954 Lando
1329 1922 1555 1966 Langobardzs
1582 1920 1679 1965 filt'us
1715 1934 1811 1967 quo-17-

1052 1971 1125 2004 dam
1153 1970 1326 2013 Madelsrit
1354 1972 1577 2016 Langobardi,
1605 1972 1660 2017 qui
1679 1972 1720 2013 est
1741 1975 1812 2005 HJ-

1053 2021 1118 2054 bt'ta
1123 2030 1170 2053 tor
1190 1996 1594 2065 snprad17ae⁰Civitatis
1620 2025 1811 2068 Capuanae.

1024 2098 1027 2111 ,
1053 2071 1174 2117 Atque
1203 2069 1280 2105 heic
1309 2070 1477 2109 memini,
1516 2084 1570 2106 me
1607 2071 1745 2119 opinari
1774 2072 1812 2106 in

1053 2119 1274 2167 Antiquitat.
1308 2119 1432 2155 Estens.
1464 2120 1553 2168 Cap.
1591 2134 1645 2157 12..
1674 2120 1711 2157 δέ
1757 2134 1813 2166 32.

1054 2171 1254 2206 Habitatoris
1281 2170 1425 2206 nomine
1452 2185 1510 2206 eos
1536 2172 1625 2207 olim
1661 2172 1746 2207 desit
1718 2186 1812 2219 ,ςυμ-

1054 2229 1132 2264 tos,
1170 2220 1232 2268 qui
1261 2220 1350 2256 Urbi
1379 2229 1438 2256 aut
1465 2221 1616 2257 Castello
1653 2223 1815 2258 domina-

1055 2281 1194 2306 rentur.
1221 2273 1392 2319 chuutus
1421 2271 1492 2306 sum
1515 2271 1552 2307 in
1575 2272 1743 2321 ejusmodi
1771 2286 1811 2307 o-

1056 2321 1200 2369 pinione
1236 2321 1431 2357 Camillum
1463 2323 1702 2371 Peregrinium
1742 2322 1808 2357 Vi-

1028 2408 1029 2413 ,
1054 2385 1129 2406 rum
1158 2371 1416 2407 dofflffimum.
1445 2375 1575 2408 Verum
1606 2374 1687 2408 dum
1710 2372 1807 2407 hasce

1027 2416 1029 2467 ξ
1055 2421 1300 2469 Antiquitates
1312 2422 1452 2457 Italicas
1466 2450 1475 2466 ,
1488 2423 1687 2470 veteresque
1701 2423 1812 2457 Char—

1027 2469 1029 2523 }
1055 2481 1106 2506 tas
1134 2471 1210 2507 heic
1238 2472 1348 2507 editas
1376 2472 1568 2508 accuratius
1598 2472 1809 2520 prescrutor,

976 2535 980 2560 ι
1027 2528 1029 2531 “
1054 2531 1176 2558 nutare
1203 2535 1272 2557 non
1294 2522 1397 2558 semel
1419 2522 1493 2558 vidi
1523 2522 1717 2571 Peregrini}
1738 2521 1811 2556 sen-

1683 2580 1761 2607 ten·-
