2216 3105
0 2898 9 3105 μ’-φ-..μ-ᾳι-«-

283 232 364 274 317
570 210 966 256 coMMENT.1N
994 209 1218 258 DANHS
1244 205 1485 250 coMoffl).
1719 210 1798 260 με

225 284 322 314 tenet
349 272 506 310 Calicem
535 271 602 307 sive
631 281 797 308 craterem
821 282 984 313 aureum,

228 327 265 363 in
292 338 361 373 quo
387 323 432 359 est
468 336 527 358 cor
562 322 650 358 diffi
688 320 836 358 Henrici
878 318 1014 354 balla—.

228 385 383 417 matum,
411 374 444 408 8<
473 372 571 419 supra
599 386 658 408 cor
678 372 740 407 stat
765 370 901 420 gladius
922 382 986 404 nu-

228 426 312 469 dus,
339 423 432 460 testis
460 422 561 470 hujus
588 423 704 459 necis.
734 424 774 457 In
801 433 905 456 manu
927 433 987 454 ve-

228 489 268 511 ro
310 474 436 509 sinistra
472 482 568 510 tenet
609 474 764 509 chartam
803 484 882 507 cum
925 470 1016 511 isto,

230 524 419 561 verficulo·

280 579 366 614 Cor,
398 575 511 621 gladio
540 573 684 621 sciffum,
720 574 760 608 do
786 572 835 607 cui
861 571 988 616 consan-

329 625 465 672 guineus
485 625 576 669 sum.

232 674 375 712 Scilicet
419 674 601 710 Eduardo.

233 778 370 811 Domus
400 775 583 811 Franciae.
627 777 732 811 Nunc
770 774 810 809 ad
840 771 992 829 proposi-

236 835 332 862 tum.
387 825 524 861 Aufflor
572 825 715 860 damnat
763 824 841 860 heic
890 822 992 858 istum

236 876 435 912 Gnidonem
473 876 518 910 ob
554 875 652 910 istam
681 875 875 910 inauditam
914 874 992 910 vio-

238 925 405 962 lentiam.
433 926 539 962 Licet
565 925 660 961 enim
689 925 807 960 Guido
836 925 895 959 iste
922 922 995 959 fue-

240 977 288 1012 rit
315 989 460 1024 magnus
487 975 612 1011 effusor
648 975 847 1023 sanguinis,
884 975 916 1009 8<
959 973 996 1008 in

242 1026 365 1062 multis
389 1026 475 1060 'ibell
468 1039 494 1060 s
522 1039 584 1074 pro
611 1027 763 1064 carolo,
800 1035 916 1060 tamen
947 1023 999 1071 ju-

241 1077 316 1124 ste;
345 1075 400 1110 sed
427 1075 512 1110 istud
541 1075 610 1110 fuit
647 1075 753 1110 nimis
789 1073 998 1110 exceffivum

243 1125 501 1164 homicidium,
552 1125 666 1174 primo
716 1134 768 1160 rat
771 1125 852 1160 ione
898 1123 969 1160 loci
992 1151 1001 1167 ‚

242 1176 325 1224 quia
353 1176 390 1211 in
418 1174 570 1210 Ecclesia
608 1175 702 1215 Dei,
743 1177 777 1210 &
815 1175 851 1211 in
893 1174 1002 1211 Curia

244 1229 425 1269 Romana,
461 1227 495 1260 δε
535 1235 680 1261 vacante
708 1225 816 1273 Sede;
855 1224 1002 1260 secundo

243 1276 381 1312 ratione
409 1275 592 1322 personae,
621 1275 702 1322 quia
731 1275 846 1324 posuit
883 1288 1003 1310 manus

243 1326 281 1361 in
309 1325 423 1359 filium
454 1325 584 1372 Regisg
614 1325 720 1359 tertio
748 1326 830 1373 quia
857 1325 1004 1371 injuste.

244 1378 335 1412 Nam
366 1377 441 1410 Rex
470 1375 624 1422 Angliae
651 1374 735 1409 fecit
759 1375 847 1410 mori
870 1384 1001 1422 patrem

246 1428 319 1472 ejus
347 1425 581 1473 culpabilem.
610 1434 789 1471 tamquam
815 1438 909 1460 reum
933 1437 1005 1458 ma-

249 1475 376 1525 jestatis
403 1488 496 1524 ejus,
574 1475 656 1522 quia
683 1474 864 1509 infamiam
891 1476 924 1508 δε
946 1487 1005 1509 ve—

246 1524 446 1562 recundiam
484 1525 606 1560 Caroli
643 1525 747 1573 Regs
775 1525 911 1560 domini
955 1524 1006 1559 sui

247 1585 359 1625 pertra
345 1575 501 1611 :Melabat
545 1575 601 1610 Ad
643 1577 762 1611 Litera
748 1589 801 1610 ⁶*m
842 1588 923 1623 ergo
951 1576 1004 1610 di-

249 1626 300 1662 cit
329 1625 487 1661 AuFmr:
532 1627 578 1660 Et
618 1625 681 1660 ille
707 1628 902 1662 Centaurus
932 1629 1008 1659 Aso-

243 1677 352 1719 firocct‘
370 1675 560 1714 nn'ombra,
590 1675 723 1711 scilicet
743 1676 896 1712 animam
918 1676 1008 1711 Gui-

249 1726 351 1761 donis
379 1725 420 1759 de
448 1724 688 1760 Monteforte:
729 1728 773 1760 da
814 1725 893 1760 l'un
920 1736 1009 1760 canto

247 1776 339 1820 soJa,
394 1783 533 1822 propter
577 1774 745 1823 singulare
796 1775 1006 1811 maleficium

251 1825 443 1861 enormiter
470 1825 714 1860 commissum:

303 1876 440 1910 Dicendo
450 1888 469 1917 ‚⁶
488 1875 581 1909 Colm'
601 1874 675 1921 feffe
694 1876 727 1910 in
743 1877 868 1922 grembo
885 1891 906 1911 a
928 1876 1009 1915 Dio,

255 1926 399 1961 Scilicet
427 1934 506 1960 ante
533 1926 679 1965 Altare,
723 1927 781 1961 ubi
811 1927 1011 1962 elevabatur

257 1974 535 2023 pretiosissimum
564 1978 700 2023 Corpus
729 1977 879 2012 Domini
907 1976 1009 2012 nostri

258 2025 335 2069 Jesu
362 2025 491 2061 Christi
519 2026 753 2062 consecratum
774 2052 784 2066 ,

308 2079 353 2110 Lo
388 2079 449 2110 Cor
484 2075 576 2110 che'n
610 2077 651 2121 su
685 2077 816 2124 Tamigi
849 2090 940 2112 ancor
982 2076 1014 2118 fi
1041 2075 1076 2107 ,E

357 2126 441 2160 cola.

258 2174 344 2210 Idest
381 2175 529 2210 colitur.
568 2178 638 2211 Dat
673 2176 829 2226 intelligi
871 2177 1013 2213 Civita-

259 2235 328 2260 tem
359 2238 418 2273 per
445 2223 614 2261 fiuvium.
646 2227 819 2262 Tamifius
847 2228 939 2263 enirn
970 2228 1014 2263 est

260 2275 410 2314 fluvius,
446 2275 507 2322 qui
544 2276 675 2311 labitur
700 2278 799 2326 juxta
835 2278 1013 2314 Londram

259 2326 456 2362 Civitatem
488 2327 674 2374 Regalem‚
711 2340 798 2374 quae
833 2328 920 2363 olim
950 2341 1013 2363 vo-

261 2377 404 2412 cabatur
437 2375 728 2416 Trinovantum‚
769 2377 853 2413 ficut
894 2377 1014 2414 scribit

260 2427 372 2470 julius
399 2425 546 2470 Celsus,
582 2427 675 2473 quod
703 2441 784 2474 gens
811 2427 898 2471 Julii
925 2430 1014 2464 Cae-

257 2477 340 2512 saris
376 2476 536 2512 tranfivit
574 2477 674 2513 istum
712 2477 886 2517 fluvium,
922 2479 1013 2526 quod

259 2540 329 2563 non
358 2527 569 2576 apparebant
596 2527 658 2563 nifi
687 2528 801 2577 capita
824 2542 971 2569 eorum„

1013 428 1016 490 l

1015 541 1017 550 ι

1015 565 1018 654 l

653 673 832 710 Eduardus
879 671 990 720 postea
1017 672 1020 731 3

234 738 424 773 numquam
461 724 530 760 fuit
565 724 698 760 amicus
739 721 884 766 Caroli,
929 735 990 756 nec
1018 731 1057 773 Β

1234 268 1296 301 Ad
1323 269 1417 300 Cant.
1445 265 1537 300 XIII.
1560 263 1642 307 Vers.
1664 274 1722 309 31.

1151 320 1251 355 ⁸Allor·
1276 316 1356 360 porfi
1382 319 1416 350 la
1443 327 1534 349 mano
1562 327 1604 347 un
1628 324 1699 359 poco
1722 327 1860 357 avante,

1151 374 1183 405 Ε
1220 367 1290 408 colfi
1330 379 1373 400 un
1409 364 1586 410 ramuscello
1623 365 1667 398 da
1701 378 1743 399 un
1777 381 1860 414 gran

1200 429 1329 466 p›·.·uno

1100 474 1147 506 Et
1174 470 1251 505 heic
1280 476 1389 510 nota,
1417 465 1511 514 quod
1539 472 1613 499 erat
1640 463 1718 500 heic
1746 464 1859 503 inclu-

1101 522 1133 557 sa
1171 521 1288 555 anima
1325 530 1449 565 magna
1489 515 1559 551 viri
1598 516 1738 565 magni.
1779 517 1860 553 Ideo

1101 572 1159 607 dat
1187 571 1248 606 fibi
1276 569 1434 604 arborem
1463 578 1645 616 magnam.
1688 566 1750 602 Iste
1787 576 1858 602 ete-

1102 622 1176 657 nim
1205 630 1277 656 erat
1307 620 1427 653 Petrus
1468 617 1509 652 de
1548 616 1672 651 Vincis
1716 630 1861 666 magnus

1101 669 1342 707 cancellarius
1371 667 1540 704 friderici
1571 669 1616 702 ΙΙ.
1638 666 1783 703 floridus
1808 668 1861 703 di—

1101 722 1240 761 &taron
1267 722 1309 756 de
1337 733 1407 767 quo
1436 719 1521 753 bene
1548 718 1680 753 dietum
1711 718 1782 753 est:

1153 773 1215 807 Hi„-
1243 772 1323 806 redit
1351 771 1384 804 in
1412 770 1572 808 nihilum,
1608 769 1664 815 qm'
1697 769 1764 812 fuit
1790 778 1863 803 ante

1204 823 1307 856 nihil.

1104 873 1175 908 Hic
1219 883 1368 918 namque
1411 869 1536 905 infino
1582 882 1704 917 genere
1745 877 1864 910 ortus,

1105 933 1188 971 puta
1215 936 1258 958 ex
1287 931 1382 971 patre
1410 920 1555 969 ignom,
1583 919 1621 955 ἃ
1650 929 1759 955 matre
1787 933 1865 955 rnu-

1107 974 1190 1008 lierc
1176 974 1250 1008 ula
1291 951 1455 1027 abjd’mi
1500 984 1587 1017 quae
1634 970 1865 1005 mendicando

1110 1022 1201 1058 suam
1240 1025 1273 1058 &
1311 1021 1378 1057 filii
1421 1021 1532 1055 vitam
1563 1020 1704 1080 inopem
1742 1020 1867 1056 misere

1110 1073 1341 1120 sustentabat3
1371 1071 1523 1106 tamdem
1554 1071 1677 1106 miiere
1707 1070 1778 1119 post
1799 1070 1867 1106 stu-

1110 1124 1208 1159 dium
1236 1123 1437 1160 Literarum
1476 1134 1603 1170 pauper
1629 1135 1647 1157 a
1676 1121 1752 1156 casu
1792 1134 1869 1169 per-

1110 1174 1232 1209 duetus
1260 1174 1301 1209 ad
1330 1175 1605 1219 Imperatorem,
1644 1171 1775 1207 sacrum
1806 1173 1870 1206 Pa-

1112 1224 1237 1259 latium
1266 1224 1431 1272 ingenio
1458 1223 1492 1257 δε
1521 1222 1659 1258 fortuna
1686 1222 1784 1257 dives
1812 1221 1869 1257 in-

1113 1275 1251 1322 coluit3
1280 1282 1488 1320 tantumque
1516 1272 1668 1320 processu
1700 1271 1870 1320 temporis

1114 1325 1292 1371 imperiali
1322 1323 1460 1362 favore,
1504 1325 1593 1358 Arte
1620 1322 1798 1361 diffindi,
1835 1323 1871 1356 δε

1113 1375 1203 1417 juris
1231 1374 1363 1410 Civilis
1393 1372 1517 1421 peritia
1546 1371 1689 1417 floruit,
1718 1382 1756 1408 ut
1778 1371 1871 1420 quasi

1115 1426 1180 1458 illo
1217 1433 1373 1470 tempore
1419 1436 1487 1457 non
1535 1422 1696 1458 habuerit
1734 1436 1872 1472 parem.

1115 1476 1168 1508 Ex
1197 1487 1266 1521 quo
1303 1474 1339 1509 in
1377 1473 1489 1508 oculis
1532 1474 1755 1521 Imperatoris
1796 1486 1873 1521 gra-

1115 1524 1223 1559 tiosus
1250 1525 1282 1559 &
1313 1537 1429 1562 carus,
1459 1535 1603 1570 magnae
1630 1522 1761 1559 Curiae
1790 1527 1875 1559 Pro-

1116 1574 1333 1613 tonotarius,
1372 1573 1623 1617 Confiliarius‚
1661 1575 1798 1617 Judex,
1839 1575 1874 1608 &

1117 1627 1336 1660 Arcanorum
1366 1623 1522 1658 conscius
1542 1623 1587 1658 est
1607 1624 1717 1659 faffius
1731 1651 1739 1659 .
1761 1623 1875 1672 Cujus

1117 1675 1296 1723 singularis
1325 1674 1580 1710 familiaritatis
1607 1674 1696 1722 apud
1722 1677 1876 1722 Impera-

1117 1735 1227 1761 torem
1249 1725 1317 1761 fuit
1338 1724 1403 1760 hoc
1424 1723 1625 1760 mirabile1
1606 1724 1760 1771 fignurn,
1782 1725 1876 1772 quod

1117 1776 1154 1811 in
1184 1775 1423 1823 Neapolitano
1448 1774 1586 1810 Palatio
1606 1775 1783 1823 effigiatus
1803 1784 1878 1810 erat

1120 1828 1312 1872 Imperator
1339 1826 1372 1859 δ(
1403 1827 1543 1860 Petrus.
1575 1838 1661 1860 unus
1689 1825 1725 1860 in
1762 1825 1873 1863 solio,

1119 1877 1207 1911 alter
1234 1875 1271 1911 in
1299 1875 1395 1911 sede.
1427 1876 1579 1923 Populus
1606 1885 1721 1911 autem
1751 1876 1791 1911 ad
1819 1888 1877 1922 pe-

1119 1926 1177 1961 des
1214 1925 1438 1973 Imperatoris
1482 1927 1735 1972 procumbens,
1783 1926 1878 1974 justi-

1120 1976 1205 2011 tiam
1235 1977 1271 2011 in
1301 1975 1404 2012 causis
1432 1974 1492 2010 fibi
1513 1974 1587 2011 fieri
1608 1977 1799 2024 postulabat
1822 1978 1875 2014 his

1122 2026 1294 2061 versibus:

1172 2077 1312 2119 Caesar,
1338 2088 1424 2110 amor
1450 2079 1589 2123 Legum,
1617 2077 1775 2112 friderice
1797 2079 1878 2124 piis-

1216 2126 1294 2167 fine
1322 2131 1445 2173 Regum

1173 2177 1346 2221 Causarum
1380 2178 1460 2211 telas
1499 2176 1669 2219 nostrarum
1689 2177 1779 2222 sblve
1805 2192 1878 2226 que-

1223 2227 1322 2262 relas.

1093 2268 1097 2326 Ἰ
1125 2279 1318 2325 Imperator
1345 2285 1459 2312 autem
1489 2277 1673 2313 videbatur
1699 2278 1778 2314 dare
1807 2281 1878 2315 tale

1124 2327 1320 2375 responsum
1349 2327 1402 2363 his
1430 2328 1509 2364 aliis
1538 2328 1706 2364 versibus:

1175 2378 1375 2462 hamstra
1410 2380 1467 2413 lite
1516 2380 1675 2424 Censorem
1710 2380 1809 2424 Juris
1843 2393 1879 2415 a·

1263 2439 1275 2461 t
1302 2455 1312 2464 .

1177 2442 1456 2524 Hic¹51amjura
1494 2479 1607 2517 dabit,
1647 2481 1701 2515 vel
1734 2490 1792 2527 per
1834 2491 1880 2512 me

1226 2530 1336 2564 danda
1363 2529 1508 2575 rogabit:

1167 2581 1197 2612 X
1228 2591 1246 2613 2
1772 2577 1828 2611 Vi-
