2216 3105
272 218 291 257 3
303 216 321 255 3
426 161 430 163 *
597 193 907 237 DISSERTAT
908 193 964 235 10
1005 188 1440 234 SEYTADECIMA.
1728 204 1778 242 34

210 260 282 297 nici
304 252 522 298 Cafinenfis,
551 253 643 289 inter
670 253 760 288 dona
788 253 829 287 ab
868 255 967 287 Hen-

209 311 284 345 rico
323 311 349 342 1.
391 305 508 340 san&o
551 306 763 352 Imperatore
791 301 966 338 Casmenfi

209 356 398 393 Coenobio
426 358 555 391 collata
583 355 649 390 hoc
677 353 784 389 etiam
814 366 968 388 comme-

211 418 350 443 morat:
396 407 570 453 Resollegit
593 415 758 452 praeterea*
779 418 798 438 a
830 404 970 448 Judaeis

209 457 323 498 vellem
351 471 444 492 unam
470 459 508 490 de
536 456 667 491 Altario
689 454 804 489 Sanc‘li
831 454 969 488 Benedi-

210 507 279 548 Hi,
308 521 384 554 quae
411 507 565 554 quondam
587 506 694 550 fuerat
719 505 828 540 Caroli
849 505 970 551 Regis,

211 570 305 605 quam
333 558 425 591 iidem
443 557 567 601 Judaei
595 556 770 590 retinebant
797 555 830 588 in
856 557 969 601 pigno-

211 621 243 641 re
267 620 322 655 pro
349 608 529 654 quingentis
554 607 675 641 aureis.
705 608 745 640 In
773 605 860 640 Vita
887 608 970 640 San—

211 657 262 693 &i
310 658 391 693 Nili
431 656 596 700 Calabri,
637 656 698 704 qui
741 656 886 691 Saeculo
929 658 970 690 X.

212 707 347 744 Christi
375 706 516 747 floruit,
547 707 641 743 edita
668 708 686 741 a
714 708 782 741 ΡΡ.
808 708 970 741 Martenc

213 760 248 794 δι
278 758 444 793 Durando
471 757 508 793 in
536 760 654 792 Veter.
676 757 841 804 Scriptor.
863 758 969 791 Tom.

215 810 250 845 6.
274 808 407 844 occisus
434 808 584 844 traditur
610 807 648 843 in
673 806 795 842 Castro
817 806 970 854 Bifigna—

215 872 262 894 no
300 860 341 894 ab
380 858 594 894 adolescente
631 857 781 906 quodam
811 842 1004 981 Hebraeus!

214 909 336 944 rediens
362 911 378 943 ὲ
404 909 630 956 negotiatione.
659 910 792 957 Captus
821 908 972 943 homici-

214 959 279 998 da,
308 959 445 995 traditur
463 960 644 1003 Judaeisrj
663 970 699 993 ut
732 970 787 1005 pro
814 957 973 1002 interfec‘io

216 1010 336 1045 homine
354 1009 573 1057 crucifigatur.
594 1011 726 1044 Verum
744 1008 887 1044 Sanfi’tus
904 1008 972 1044 Ni-

216 1061 270 1095 lus
297 1060 472 1103 occurrit,
507 1060 605 1105 legem
631 1058 747 1094 nescio
774 1072 878 1105 quam
915 1060 974 1102 Ju-

217 1109 389 1157 risperitis
417 1109 491 1144 illis
518 1109 688 1156 objiciens
706 1136 715 1152 ‚
752 1122 830 1156 quae
854 1109 973 1155 praeci·
1000 1126 1004 1140 ι

213 1160 266 1206 pit
289 1171 346 1206 pro
367 1160 482 1206 septem
509 1161 648 1204 Judaeis
687 1173 783 1193 unum
821 1159 976 1202 Christia-

218 1222 292 1242 num
319 1209 414 1244 mori.
443 1212 496 1243 Ita
525 1209 693 1255 postremo
721 1209 893 1258 supplicio
913 1209 977 1244 ho

218 1259 352 1294 minem
380 1258 564 1293 subduxit.

272 1311 333 1344 An
370 1318 552 1344 externum
582 1307 715 1356 aliquid
741 1309 887 1352 Judaeos
918 1322 976 1343 an-

220 1359 375 1406 tiquitus
403 1359 626 1407 distingueret
646 1360 664 1393 ὲ
683 1357 815 1394 Christi
845 1359 976 1394 Fideli-

223 1410 285 1446 bus
297 1435 306 1448 ,
322 1409 579 1456 incompertum
596 1408 640 1444 est
657 1409 766 1444 mihi.
784 1408 889 1455 <Quod
903 1418 978 1443 tan-

221 1460 407 1496 tummodo
435 1459 690 1503 animadverti,
719 1462 827 1495 Anno
851 1461 978 1495 MCC-

223 1513 319 1545 XXI.
348 1509 427 1545 teste
458 1510 631 1545 Richardo
659 1510 700 1545 de
737 1509 864 1545 San&o
891 1512 978 1544 Ger-

220 1574 347 1604 mano,
376 1560 571 1596 fridericus
601 1563 645 1596 11.
673 1561 846 1609 Augustus
868 1561 905 1596 in
927 1560 979 1595 Si-

220 1611 305 1648 cilia
333 1610 451 1647 statuit
479 1622 583 1646 contra
601 1613 765 1656 Judaeos,
794 1622 828 1645 ut
857 1612 889 1645 in
914 1611 979 1654 dif-

215 1662 355 1706 ferentia
381 1662 514 1703 vestium
541 1662 584 1695 &¹
605 1661 759 1708 gestorum
782 1664 802 1696 ἂ
824 1662 978 1703 Christia-

222 1712 272 1744 nis
311 1712 550 1755 discernantur.
603 1714 656 1746 Ita
697 1711 734 1746 in
778 1715 980 1747 Ravennate

221 1760 384 1806 Synodo,
413 1761 530 1796 habita
558 1763 665 1796 Anno
690 1763 897 1797 MCCCXI.
922 1764 981 1805 Ju-

222 1810 316 1846 dacis
353 1821 466 1845 certum
499 1810 647 1858 signum,
684 1823 719 1845 ut
745 1826 766 1846 a
792 1812 982 1854 Christianis

216 1861 334 1909 poffint
360 1861 515 1905 discerni,
543 1860 766 1897 defelendum
795 1863 980 1912 statuitur·

221 1926 274 1947 nec
302 1911 491 1957 recipiantur
516 1912 634 1947 alicubi
670 1914 758 1948 ultra
784 1914 914 1958 mensem
941 1916 983 1948 ad

223 1962 457 2001 habitandum,
501 1962 563 2004 ”⁷st
599 1963 632 1997 in
668 1964 763 2003 locis,
802 1965 834 1997 in
872 1964 983 2011 qiiibus

221 2012 388 2049 habuerint
413 2016 637 2060 synagogam.
665 2013 753 2049 Alia
781 2027 901 2050 eorum
923 2028 982 2050 ve-

222 2062 321 2112 {ligia
357 2063 390 2097 &
428 2063 514 2098 alibi
551 2073 761 2104 occurrunt,
798 2074 903 2112 atque
943 2065 980 2100 in

221 2113 267 2148 iis
295 2112 372 2161 ipfis
399 2112 648 2159 Civitatibus,
675 2114 714 2150 in
742 2114 868 2162 quibus
890 2129 980 2151 nunc

220 2162 376 2199 habitare
404 2177 473 2199 non
502 2163 678 2207 sinuntur,
720 2167 772 2201 uti
801 2167 980 2202 Bononiae

223 2212 352 2248 faffium
383 2214 538 2250 Historia
565 2215 663 2251 illius
692 2216 798 2252 Urbis
819 2217 978 2253 testatur.

224 2264 328 2309 Quod
366 2262 388 2298 fi
426 2277 516 2300 nunc
547 2265 584 2301 in
620 2267 699 2302 aliis
741 2269 978 2315 compluribus

226 2313 349 2348 Italiae
386 2314 539 2350 Urbibus
575 2317 722 2352 recutita
759 2332 842 2366 gens
870 2319 978 2354 abun-

224 2363 305 2403 dat,
334 2363 369 2399 id
399 2364 514 2412 potius
542 2366 752 2425 Hispaniae,
780 2382 867 2416 quae
890 2383 977 2404 onus

221 2414 392 2462 ejulmodi
430 2428 448 2449 a
486 2415 517 2450 se
544 2426 699 2453 amotum
737 2417 774 2453 in
802 2432 864 2454 nos
893 2420 977 2455 effu-
1001 2391 1007 2566 ¹

222 2465 303 2503 dit,
345 2465 389 2499 est
433 2465 685 2502 tribuendum.
730 2471 822 2503 Nam
869 2471 977 2505 Anno

222 2516 515 2602 MCCTCoffiXgIIL
553 2517 637 2566 juffu
675 2518 910 2559 Perdinandi‚
938 2533 976 2556 ac

1009 247 1055 287 A'
1081 248 1243 283 lsabellae
1281 250 1415 296 Regum
1458 245 1627 294 ejusmodi
1657 258 1741 294 prog
1745 246 1834 280 enies

1079 299 1116 334 in
1145 298 1353 333 immensum
1382 297 1503 340 autfi'ta,
1531 309 1573 331 ex
1602 296 1730 331 finibus
1759 296 1836 331 uni—

1082 348 1197 384 versae
1225 348 1416 396 Hispaniae
1445 347 1625 383 deturbata
1646 345 1710 381 est.
1739 345 1837 381 Teste

1079 398 1242 435 Mariana
1269 399 1351 435 Lib.
1384 400 1441 434 26.
1469 398 1510 433 de
1549 397 1663 432 Rebus
1691 396 1836 444 Hispan.

1081 460 1200 485 centum
1222 450 1265 483 Θ
1285 449 1491 496 septuaginta
1513 447 1714 495 familiarum
1736 449 1839 483 millia

1081 499 1261 536 verterunt
1289 499 1426 535 solum:
1453 498 1583 545 quidam
1609 499 1652 532 ad
1678 497 1837 544 offingen*

1081 562 1115 586 ta
1143 551 1249 586 millia
1269 551 1374 597 capita
1395 547 1536 595 seceffiffe
1552 545 1666 594 ajunt.
1695 549 1748 582 Ex
1772 550 1841 584 Hi—

1083 601 1201 649 spania
1228 605 1310 636 vero
1339 600 1535 643 solventes,
1575 599 1745 643 Africam,
1774 601 1841 634 Ita-

1081 653 1184 690 liam,
1227 653 1269 685 &
1305 652 1443 685 Orientis
1479 663 1548 684 oras
1573 659 1762 693 tenuerunt,
1799 652 1842 685 ad

1077 715 1160 749 ,quas
1186 702 1342 748 copiarum
1378 701 1555 747 Hispaniae
1595 713 1742 746 magnam
1764 711 1840 746 par—

1082 763 1142 786 tem
1162 766 1294 791 aurum,
1322 762 1505 799 argentum,
1530 763 1690 797 gemmas,
1713 751 1843 792 vestem-

1082 816 1139 850 que
1171 803 1337 850 pretiosam
1376 803 1535 837 detulere.
1581 803 1725 846 Quanta
1761 810 1844 835 tunc

1083 853 1343 889 inhumanitate
1394 852 1514 888 habita
1563 851 1670 887 fuerit
1721 863 1767 885 m
1759 850 1843 886 Ξ··Γει.ι

1084 917 1186 952 gens,
1228 904 1357 952 poteris
1394 902 1543 938 ediscere
1584 915 1627 937 ex
1664 901 1843 949 Opusculo

1086 955 1196 990 'l‘riltr
1192 955 1238 990 ni
1276 953 1477 990 Caraccioli
1500 980 1510 996 ,
1547 951 1639 998 quod
1677 952 1844 1000 evulgavi

1086 1007 1206 1040 Tomo
1235 1007 1329 1040 XXI.
1360 1007 1438 1040 Rer.
1461 1003 1686 1039 Italicarum.
1716 1003 1844 1049 Hilpa-

1088 1069 1150 1090 nos
1166 1055 1290 1091 deinde
1309 1056 1502 1090 aemulatus
1520 1056 1629 1089 Anno
1649 1055 1844 1089 MCCCC-

1090 1108 1219 1142 XCVI.
1256 1106 1427 1141 Emanuel
1468 1104 1668 1141 Lusitaniae
1712 1106 1785 1139 Rex
1827 1105 1846 1138 e

1089 1156 1224 1191 ditione
1261 1155 1318 1191 iua
1346 1156 1491 1199 judaeos
1527 1156 1561 1189 δε
1599 1154 1670 1203 ipie
1699 1154 1846 1202 proscri-

1091 1206 1174 1255 psit.
1204 1209 1325 1253 Itaque
1353 1205 1537 1253 profugum
1566 1204 1632 1240 hoc
1660 1205 1846 1241 hominum

1091 1271 1222 1305 genus,
1250 1256 1343 1304 quod
1372 1256 1484 1292 secum
1508 1254 1656 1304 pretiosa
1677 1255 1847 1300 defin-,ret

1090 1321 1278 1354 eorumque
1307 1320 1377 1342 non
1405 1306 1615 1342 mediocrem
1646 1306 1786 1355 portio„
1776 1319 1848 1341 iem

1093 1357 1314 1406 Principibus
1343 1371 1380 1392 ac
1402 1357 1556 1392 Urbibus
1579 1357 1701 1391 ltaliae
1723 1357 1848 1392 dimit—

1091 1416 1199 1445 teret,
1228 1409 1366 1453 aliaque
1394 1408 1437 1442 iis
1459 1409 1696 1442 emolumenta
1725 1408 1761 1443 in
1787 1421 1848 1456 po*

1089 1457 1211 1492 sterum
1241 1458 1488 1505 polliceretur,
1530 1457 1553 1492 fi
1595 1458 1681 1506 apud
1713 1472 1770 1493 eos
1799 1458 1847 1493 se-

1090 1507 1167 1543 dem
1196 1507 1423 1555 impetraret,
1450 1506 1569 1542 faciles
1597 1508 1633 1543 in
1662 1508 1748 1544 hanc
1775 1522 1848 1544 rem

1092 1558 1295 1605 Principum
1338 1571 1433 1593 aures
1474 1557 1643 1593 invenit:
1698 1558 1848 1607 fixitque

1091 1609 1238 1657 pedem,
1266 1610 1299 1643 8<
1328 1609 1438 1643 adhuc
1466 1608 1615 1647 retinet,
1659 1622 1726 1643 non
1765 1623 1849 1656 pai·-

1090 1659 1139 1694 cis
1167 1659 1205 1694 in
1233 1659 1340 1694 locis.
1382 1659 1413 1694 Ii
1443 1661 1525 1694 vero
1552 1672 1660 1706 quum
1689 1661 1847 1708 possunt,

1090 1710 1210 1745 foenus
1238 1722 1379 1745 enorme
1415 1709 1452 1745 in
1496 1708 1714 1745 Christianos
1751 1725 1849 1746 exer-

1090 1770 1189 1799 cent,
1231 1762 1263 1796 &
1302 1760 1432 1795 alicubi
1461 1760 1568 1795 etiam
1596 1761 1849 1797 nummularias

1090 1811 1221 1847 mensas
1249 1812 1362 1859 palam
1392 1811 1541 1845 habent·
1588 1824 1675 1859 quae
1713 1825 1765 1847 ars
1793 1812 1847 1847 in-

1091 1873 1141 1897 ter
1168 1876 1225 1897 eos
1253 1860 1492 1908 antiquiffima
1521 1860 1592 1903 est,
1625 1871 1662 1896 ut
1689 1876 1731 1897 ex
1762 1863 1848 1898 Dia-

1088 1912 1178 1961 logis
1204 1906 1380 1955 Palladii,
1422 1914 1454 1946 ὃ(
1493 1925 1534 1947 ex
1563 1911 1693 1947 Ῐ-Ιῖ.Γῒοι·
1721 1913 1847 1949 Orien-

1089 1965 1151 1998 tali
1173 1962 1294 2006 Jacobi
1318 1963 1358 1997 de
1380 1961 1563 2005 vitriaco,
1590 1963 1735 2010 aliisque
1756 1965 1847 2001 Scri-

1090 2014 1247 2061 ptoribus
1275 2014 1410 2048 elucere
1440 2012 1564 2061 potest.
1592 2014 1639 2048 Et
1666 2014 1747 2049 illos
1768 2015 1846 2061 qui-

1088 2064 1166 2099 dem
1194 2063 1364 2099 deterruit
1391 2076 1462 2099 non
1491 2062 1595 2098 semel
1623 2062 1691 2099 suis
1723 2065 1846 2101 ediffis

1089 2113 1262 2158 Ecclefia,
1290 2127 1328 2150 ac
1352 2113 1556 2162 praecipue,
1584 2122 1622 2150 ut
1649 2115 1717 2150 alia
1738 2117 1847 2152 omit-

1090 2175 1160 2201 tam
1175 2193 1185 2209 ,
1212 2163 1421 2200 Concilium
1442 2166 1611 2200 Generale
1632 2167 1847 2202 Lateranen-

1089 2216 1121 2251 se
1149 2219 1324 2262 Quartum
1352 2217 1460 2250 Anno
1481 2216 1672 2251 MCCXV.
1695 2217 1845 2253 celebra-

1089 2276 1194 2311 tum,
1236 2266 1296 2302 ubi
1333 2264 1482 2301 Canone
1519 2268 1577 2302 68.
1615 2266 1698 2301 haec
1725 2268 1842 2315 legas:

1089 2322 1218 2364 ⁸Quanto
1257 2318 1395 2364 amplius
1429 2316 1610 2358 Christiana
1651 2318 1778 2364 Religio
1804 2317 1845 2352 ab

1088 2368 1243 2403 exafiione
1285 2367 1478 2414 compeſsitiir
1518 2367 1678 2410 usurarum
1703 2391 1713 2406 ‚
1760 2378 1847 2402 tanto

1084 2419 1236 2473 gravius
1241 2418 1335 2464 super
1360 2418 1409 2451 his
1427 2417 1623 2461 judaeorum
1646 2417 1782 2464 perfidia
1815 2418 1844 2452 i—

1088 2464 1236 2513 inolescit,
1255 2469 1302 2502 ιἰτ
1328 2481 1366 2514 qz
1359 2470 1407 2501 od
1431 2466 1521 2502 brevi
1544 2477 1674 2514 tempore
1693 2467 1845 2508 Christia-

1087 2532 1195 2553 norum
1231 2519 1338 2552 exhau
1339 2519 1417 2552 iunt
1448 2517 1642 2561 facultates.
1684 2519 1842 2564 Quapro-

1150 2566 1185 2602 C
1720 2575 1796 2615 pter
