2216 3105
461 237 512 277 71

372 279 415 315 ad
429 239 604 315 {ltimum
620 279 810 328 quaefitum
830 282 1018 326 Aue‘coris,
1035 282 1127 329 quod

371 329 464 371 fuit
505 344 593 376 quae
635 330 764 367 fuerint
792 333 989 380 antiquitus
1017 334 1128 368 clarae

370 379 543 416 Familiae
565 382 872 426 florentinorum,
895 383 1010 430 primo
1031 396 1127 430 prae-

367 428 509 470 mittit,
538 431 629 478 quod
658 432 796 467 Auffior
822 432 943 468 mirari
971 445 1041 468 non
1068 433 1126 467 de-

368 479 448 515 beat
474 481 739 517 destru&ionem
761 483 953 531 Stirpium‚
982 496 1125 531 arguens

365 542 385 564 a
414 529 571 566 minori·
560 563 572 580 ‚
615 533 696 578 quia
724 532 830 567 etiam
859 533 1036 568 Civitates
1064 547 1125 568 an—

365 578 486 626 tiquae
514 593 658 630 magnae
685 582 822 629 aliquae
851 583 918 629 jam
948 583 984 617 in
1006 592 1121 618 totum

364 628 587 675 defecerunt,
615 632 752 679 aliquae
779 632 816 666 in
838 632 910 667 dies
931 631 1120 671 deficiunt,

363 692 472 726 quum
502 690 618 716 tamen
641 682 756 717 omnis
778 682 918 717 Civitas
940 682 1120 718 contineat

362 731 491 765 multas
519 732 551 765 &
574 744 714 779 magnas
735 731 908 767 familias.
938 735 1041 768 Nunc
1066 746 1118 768 er-

360 791 406 828 go
434 779 474 814 ad
495 780 654 817 literam.
684 781 816 817 Ordina
842 782 884 817 slc
906 784 939 817 δε
960 782 1115 831 expone:

413 830 493 864 Udir
511 844 589 865 come
609 832 639 864 le
657 833 797 866 Schiatte
810 832 841 872 fi
865 833 1031 877 disfann0‚

359 878 443 915 idest
461 907 470 924 ‚
507 882 686 928 quomodo
724 882 871 919 Nobiles
900 883 1029 932 Stirpes
1057 897 1116 919 an-

358 930 580 967 nihilantur:

409 983 481 1016 Non
506 982 534 1016 ti
554 985 652 1029 parra
672 997 776 1018 nuova
801 984 894 1028 cosa,
921 1005 936 1010 -
963 1005 979 1010 -
1006 1005 1022 1010 —
1048 1006 1064 1011 -

356 1028 464 1071 idest,
506 1045 576 1067 non
617 1033 758 1069 debebit
801 1034 868 1069 tibi
912 1034 1023 1069 videri
1051 1047 1113 1069 no-

356 1093 462 1121 vum,
490 1082 573 1129 quia
601 1082 686 1118 istud
715 1083 759 1118 est
787 1084 987 1120 vetustiffim
994 1097 1071 1120 um:

406 1152 592 1159 -----
620 1135 659 1166 m}
683 1134 786 1178 sorte,

355 1181 437 1229 quia
474 1182 560 1217 istud
587 1182 631 1218 est
668 1162 902 1228 facillimum,
940 1185 1021 1232 quia
1050 1185 1114 1220 ufi-
1143 1199 1145 1212 ¹

355 1231 582 1268 tatiffimum.
626 1234 733 1280 Quod
761 1235 886 1283 probat
913 1249 932 1270 a
960 1236 1112 1280 minori,

354 1283 493 1319 dicens.

403 1335 512 1378 Pofiia
536 1337 586 1370 che
604 1337 633 1370 le
656 1336 783 1370 Cittadi
811 1335 934 1370 termin’
949 1337 1071 1372 hanno.

352 1383 457 1428 idest,
494 1385 624 1434 finem3
677 1386 759 1434 quia
801 1386 935 1422 scilicet
962 1386 1111 1422 famosae

351 1436 384 1469 ὃ(
407 1436 571 1483 antiquae
594 1437 704 1472 Urbes
727 1437 948 1472 habitantur.
977 1439 1023 1472 Et
1044 1439 1109 1473 hoc

351 1485 431 1520 dico
448 1513 456 1521 .

399 1539 440 1569 Se
459 1547 494 1570 tu
514 1538 659 1584 riguardi
682 1538 790 1580 Luni,
818 1557 1048 1563 ------

350 1583 458 1629 idest,
497 1588 695 1622 Civitatem
734 1589 856 1622 Lunae
874 1613 882 1628 ‚
925 1600 1011 1632 quae
1039 1587 1107 1621 fuit
1136 1621 1137 1625 ,

703 1646 823 1684 potens
852 1635 1015 1678 Civitas,
1054 1647 1105 1670 ta-
1135 1656 1136 1663 κ

347 1635 436 1669 olim
467 1649 589 1684 magna
626 1635 663 1671 δὲ

347 1697 426 1720 men
456 1685 585 1720 deserta
623 1686 691 1734 jam
731 1685 809 1721 sunt
851 1685 950 1720 mille
979 1687 1104 1730 Anni,

345 1734 387 1769 de
415 1748 482 1781 qua
509 1735 642 1771 dietum
666 1736 710 1770 est
735 1738 838 1771 Cant.
859 1738 934 1770 XX.
952 1735 1104 1770 Inferni.

394 1805 582 1812 -----
611 1799 627 1819 e
647 1785 827 1830 Urbisaglia
842 1811 850 1819 .

343 1833 408 1869 Ista
444 1835 533 1869 olim
570 1834 639 1870 fuit
682 1833 826 1870 Civitas
861 1833 899 1868 in
941 1833 1103 1869 Marchia

343 1884 570 1920 Anconitana
608 1897 676 1919 non
713 1885 817 1930 longe
859 1897 878 1918 a
918 1883 1101 1925 Civitate,

343 1947 430 1982 quae
458 1934 562 1970 hodie
590 1934 721 1969 dicitur
748 1936 950 1977 Macerata,
992 1932 1030 1969 &
1058 1934 1102 1969 est

343 1984 505 2033 poenitus
542 1983 693 2024 deserta,
730 1984 781 2020 ita
821 1983 915 2031 quod
943 1996 1013 2018 non
1041 1997 1101 2033 ap—

338 2044 483 2082 parent,
512 2034 574 2070 nifi
601 2034 769 2083 quaedam
812 2033 954 2082 vestigia
980 2033 1099 2069 ruina-
1128 2052 1130 2069 ,ι

339 2098 438 2121 rum.
465 2087 511 2120 Et
538 2084 607 2120 fuit
634 2084 723 2120 olim
753 2084 906 2119 maxima
934 2084 1097 2124 Civitas,
1126 2097 1129 2110 ⁹

337 2134 424 2171 ficut
450 2149 514 2184 ego
541 2135 685 2171 notavi:
717 2135 806 2171 unde
827 2134 920 2170 dieta
941 2133 985 2169 est
1006 2134 1097 2182 quast

339 2185 436 2221 Urbs
464 2186 555 2229 alia,
582 2185 666 2221 idest
693 2185 761 2220 alia
789 2198 808 2220 a
836 2187 968 2220 Romaz

387 2239 479 2270 Come
493 2235 562 2280 son'
580 2236 644 2280 ite,
671 2256 688 2263 -
714 2255 730 2262 -
757 2256 773 2261 —
800 2256 816 2262 -

338 2284 420 2321 idest
446 2286 602 2322 deletae:

384 2346 404 2361 ⁴-
430 2357 446 2362 -
472 2357 488 2363 —
515 2358 530 2363 -
557 2350 572 2371 e
596 2349 673 2371 come
690 2337 723 2380 se
745 2350 781 2371 ne
802 2349 909 2370 vanno

388 2386 515 2420 Diretro
537 2389 580 2421 ad
599 2385 654 2432 effe
678 2386 808 2429 Chfflsi,
835 2406 851 2411 —
877 2406 893 2411 -
921 2406 937 2411 —
962 2405 979 2411 -

336 2433 396 2470 ista
424 2434 494 2470 fuit
520 2436 660 2471 Civitas
688 2437 726 2471 in
752 2435 903 2473 Tuscia,
940 2447 1027 2480 quae
1053 2447 1091 2469 o—

336 2483 401 2519 lim
427 2483 552 2525 habuit
582 2488 709 2533 Regem
729 2512 738 2526 ,
780 2484 935 2533 scilicet,
974 2483 1092 2519 Porse-

335 2536 415 2570 nam
431 2557 443 2574 ,
470 2533 532 2582 qui
561 2536 675 2570 voluit
697 2536 854 2571 reducere
876 2533 1090 2581 Tarquinios

747 221 1183 266 BENVENUTI
1229 222 1642 269 JMOLENSIS

1169 282 1201 316 A
1236 282 1396 329 expulsos
1424 284 1461 319 in
1491 285 1620 321 Urbem
1652 287 1809 325 Romae,

1855 235 1941 286 772'

1850 298 1889 323 ut
1938 287 1992 323 di-

1236 331 1332 367 Eitum
1361 333 1412 369 'est
1446 334 1482 369 in
1512 335 1676 371 Inferno.
1713 338 1760 371 Et
1787 336 1865 371 heic
1892 338 1990 373 Galli

1236 384 1384 419 Senones
1419 383 1558 421 fuerunt
1600 384 1758 421 confliffl
1809 386 1924 434 primo
1970 402 1989 423 a

1237 434 1422 473 Romanis,
1463 436 1524 482 qui
1567 437 1736 472 continuo
1787 436 1990 473 invaserunt

1236 484 1386 527 Urbem,
1413 486 1446 519 δε
1474 487 1574 521 illam
1604 496 1739 534 captam
1769 485 1924 522 funditus
1952 501 1988 522 e-

1233 543 1431 573 verterunt,
1475 534 1564 570 ferro
1600 537 1632 570 δ(
1671 537 1751 584 igne
1778 537 1898 572 omnia
1926 550 1986 572 va-

1230 582 1371 619 stantes.
1400 586 1446 618 Et
1472 583 1615 620 Civitas
1643 599 1733 621 nunc
1759 586 1806 621 est
1826 586 1906 622 satis
1927 588 1985 622 de—

1231 632 1338 669 sola-ta
1366 632 1403 669 &
1443 647 1571 680 pauca,
1611 648 1698 682 quae
1725 636 1769 671 est
1797 636 1918 672 firnata
1947 639 1984 672 in

1229 683 1310 718 loeo
1352 683 1490 731 palustri
1526 684 1560 718 8<
1598 685 1780 732 pestifero,
1821 696 1859 722 ut
1886 687 1926 723 de
1953 687 1986 722 se

1180 744 1190 748 ”
1231 741 1326 780 patet
1344 746 1352 767 ἰ

1279 803 1295 808 -
1322 803 1337 808 -
1364 803 1380 808 -
1407 803 1423 809 —
1451 786 1482 817 E
1508 783 1717 830 Sinigaglt'a.

1229 832 1292 867 Ista
1320 832 1364 867 est
1391 831 1535 868 Civitas
1566 834 1603 868 in
1634 833 1795 870 Marchia
1823 836 1985 872 Anconi-

1227 890 1328 921 tana,
1365 896 1452 930 quae
1490 883 1549 918 fita
1587 883 1631 919 est
1667 884 1759 920 inter
1797 887 1983 922 Anconam

1225 930 1264 967 &
1293 935 1452 975 Fanum,
1481 933 1516 968 in
1545 933 1651 969 litore
1679 935 1783 970 maris
1811 936 1982 977 Acirim,

1224 982 1312 1017 olim
1350 960 1530 1019 aedificata
1559 998 1577 1019 a
1614 984 1727 1020 Gallis
1764 986 1978 1026 Senonibus,

1223 1032 1264 1068 de
1292 1034 1417 1080 quibus
1445 1044 1583 1070 tantim
1610 1047 1702 1070 nunc
1738 1035 1871 1071 dietum
1909 1036 1976 1085 est·

1222 1084 1255 1117 ὅ(
1284 1085 1325 1118 ab
1353 1083 1403 1119 eis
1430 1084 1675 1120 denominata.
1715 1085 1856 1120 Dicitur
1883 1087 1978 1122 enim

1223 1135 1442 1182 Senogallia,
1470 1135 1552 1182 quia
1580 1135 1677 1170 Galli
1705 1137 1854 1170 Senones
1883 1137 1977 1171 aedi-

1193 1164 1417 1231 3ficaverunt
1453 1199 1549 1220 eam.
1587 1188 1706 1232 Quum
1745 1186 1838 1220 enim
1877 1186 1976 1222 Galli

1220 1234 1388 1280 praediEli
1426 1249 1504 1271 cum
1546 1249 1665 1272 eorum
1707 1236 1792 1271 duce
1835 1237 1973 1272 Brenno

1218 1284 1400 1320 intrassent
1427 1285 1567 1322 Italiam
1585 1311 1594 1325 ‚
1627 1286 1710 1321 slcut
1737 1286 1848 1322 adhuc
1877 1286 1974 1333 saepe

1217 1333 1351 1370 faciunt
1373 1337 1535 1376 Barbari,
1558 1336 1735 1372 socialiter
1755 1346 1874 1372 euntes
1896 1350 1972 1372 ver-

1216 1386 1268 1420 sus
1313 1385 1478 1430 Urbem,
1524 1396 1754 1435 pervenerunt
1795 1388 1835 1422 ad
1877 1387 1974 1422 istam

1219 1437 1425 1481 planitiem,
1457 1438 1491 1474 &
1520 1437 1678 1473 videntes
1707 1439 1823 1472 locum
1852 1447 1972 1485 aptum

1215 1486 1310 1531 genti
1340 1487 1550 1533 armigerae,
1591 1486 1672 1532 quia
1701 1488 1751 1520 ibi
1789 1486 1866 1520 sunt
1896 1500 1972 1532 pra-

1218 1544 1251 1567 ta
1280 1535 1432 1568 virentia
1460 1536 1492 1568 8<
1523 1534 1626 1568 silvae
1656 1534 1813 1575 vicinae,
1851 1533 1888 1568 &
1917 1536 1972 1569 lo-

1213 1595 1270 1617 cus
1292 1583 1336 1617 est
1364 1583 1460 1627 supra
1484 1597 1597 1621 mare.
1626 1585 1658 1618 8<
1688 1583 1785 1631 juxta
1815 1583 1943 1619 fiumen
1961 1612 1970 1628 ‚

1214 1633 1339 1668 habens
1378 1638 1553 1680 porrum,'
1579 1634 1610 1666 8<
1652 1645 1788 1679 copiam
1827 1646 1968 1673 rerum,

1212 1681 1291 1717 ideo
1319 1693 1499 1718 traxerunt
1529 1683 1578 1716 ibi
1610 1695 1741 1716 moram
1765 1682 1805 1716 ad
1834 1692 1969 1718 certum

1211 1740 1368 1779 tempus.
1401 1734 1443 1766 Et
1472 1732 1522 1766 ibi
1552 1730 1732 1766 aedificare
1759 1742 1969 1776 coeperunt.

1210 1782 1255 1815 Et
1287 1793 1378 1816 certe
1416 1781 1483 1816 fuir
1511 1782 1598 1816 olim
1639 1781 1719 1817 satis
1751 1794 1873 1829 magna
1902 1783 1968 1819 Ci-

1209 1830 1323 1874 vitas,
1361 1830 1398 1866 ἃ
1429 1845 1522 1866 cum>
1546 1832 1694 1867 fortibus
1723 1832 1894 1873 moeniis,
1931 1835 1966 1868 ὃς

1209 1881 1331 1917 multis
1353 1882 1434 1917 altis
1456 1882 1648 1920 Turribus,
1665 1892 1707 1917 ur
1731 1882 1872 1917 notavi.
1901 1883 1965 1919 Sed

1209 1944 1298 1966 nunc
1331 1932 1434 1967 hodie
1471 1932 1515 1967 est
1553 1932 1642 1977 quafi
1682 1932 1846 1968 det-elifiia
1886 1946 1964 1980 pro-

1208 1991 1282 2027 pter
1302 1986 1411 2016 aerem
1435 1982 1675 2021 mortiferum,
1704 1983 1764 2018 {ub
1791 1991 1862 2029 quo
1886 1985 1962 2018 nul-

1205 2032 1258 2065 lus
1283 2030 1333 2066 ibi
1365 2031 1472 2079 potest
1497 2031 1573 2067 sane
1596 2033 1735 2074 vivere,
1766 2027 1892 2068 immo
1900 2046 1962 2068 nec

1205 2080 1284 2116 diu.
1324 2083 1426 2117 Unde
1464 2082 1564 2128 pauci
1601 2082 1817 2129 alienigenae
1845 2083 1962 2129 despe-

1205 2132 1271 2166 rati
1308 2130 1395 2166 stant
1432 2131 1542 2167 adhuc
1579 2132 1649 2167 ibi.
1688 2133 1804 2167 Habet
1843 2143 1961 2168 tamen

1206 2181 1335 2216 bonum
1363 2181 1636 2236 Episcopatum
1673 2183 1706 2216 &
1736 2195 1880 2231 magnos
1907 2197 1960 2218 re—

1205 2231 1318 2267 ditus.
1346 2233 1394 2267 Et
1421 2230 1499 2268 ideo
1526 2232 1634 2268 dicit:
1665 2245 1743 2266 come
1764 2234 1798 2277 fe
1812 2245 1855 2267 *ne
1874 2247 1958 2268 van-

1207 2295 1269 2326 n0,
1306 2281 1410 2321 idest,
1449 2283 1617 2329 paulatim
1646 2295 1736 2317 nunc
1765 2283 1958 2323 deficiunt,

1204 2333 1319 2366 diretro
1345 2334 1388 2367 ad
1413 2331 1487 2377 effle,
1515 2332 1669 2372 scilicet,
1699 2332 1768 2380 post
1796 2336 1957 2373 Lunam,

1204 2380 1242 2416 δε
1274 2382 1504 2418 Urbisaliam.
1542 2383 1638 2418 Sicut
1674 2381 1711 2418 ἃ
1749 2383 1853 2419 hodie
1881 2384 1957 2419 evi—

1172 2428 1177 2506 1
1203 2432 1284 2467 dens
1312 2434 1511 2480 exemplum
1539 2432 1704 2469 habemus
1737 2447 1815 2481 prae
1842 2435 1955 2470 oculis

1203 2482 1356 2518 nobilem
1379 2483 1576 2519 Civitatem
1599 2484 1767 2532 Reginam
1789 2483 1826 2519 in
1844 2488 1955 2520 Lom-

1170 2507 1346 2577 lbardia.
1375 2533 1471 2581 cujus
1499 2534 1569 2569 civ
1574 2548 1606 2569 es
1634 2534 1684 2570 ita
1712 2533 1790 2570 sunt
1817 2533 1952 2581 diiperfi

1846 2596 1906 2630 per
