2216 3105
429 210 512 260 803

746 208 1180 253 BENVENUTJ
1227 210 1635 256 IMOLENSIS

1849 219 1934 270 804

368 263 545 302 descendit
565 266 602 302 in
623 266 839 313 Italiam,&
862 270 970 306 multa
993 269 1128 317 magni-
1155 268 1198 313 lA
1239 268 1314 304 &or
1355 275 1436 308 verb
1477 283 1633 309 mortuus
1669 273 1714 309 est
1753 274 1790 310 in
1830 275 1990 311 MCCC·

369 313 434 350 lice
461 316 559 364 geffit
577 345 586 353 .
627 320 685 353 Ad
713 320 850 354 literam
880 334 962 368 ergo
992 320 1128 355 Αυὲὶωι·

369 367 593 412 praenuntiat
628 368 808 418 indignam
847 369 884 405 ὃς
912 370 1126 406 intemoesti-

368 427 450 450 vam
488 427 637 454 mortem
675 419 776 467 hujus
812 420 982 457 Henrici.
1029 423 1125 457 Con-

367 465 455 502 strue
481 481 563 516 ergo
591 469 634 504 fic
662 470 822 505 literam:

417 519 536 553 Sedena
561 519 584 552 l’
600 521 703 555 Alma
729 542 744 547 —
772 542 787 546 —
815 542 830 547 -
857 542 874 547 -

417 567 583 603 Dell’alto
606 571 730 616 ffi'rigo
756 592 771 596 -
799 592 815 597 -
841 592 857 597 -
885 592 901 597 -

368 616 473 660 idest,
511 619 628 655 anima
655 620 824 665 illustris,
862 621 979 669 magni
1008 622 1125 669 Impe-

368 668 494 704 ratoris
522 669 671 706 Henrici
699 671 797 706 Sexti
814 696 824 710 ,
862 672 923 719 qui
950 673 1022 707 alta
1050 681 1123 708 ten-

366 718 464 753 tabat
480 745 489 754 .
518 721 620 755 Unde
646 721 759 755 dicit:
868 761 870 763 ,

417 788 435 794 -
460 790 476 795 -
502 790 519 795 -
544 790 562 795 -
587 771 639 804 che
659 770 698 814 su
720 771 780 817 gici
807 771 957 818 augusta,
981 790 989 800 ·

369 816 472 858 idest,
508 832 596 867 quae
623 820 739 856 anima
767 821 961 869 imperabat
989 822 1026 858 in
1054 831 1123 858 ter-

366 881 429 904 ra.
466 870 593 906 Omnis
625 871 719 906 enim
757 873 952 920 Imperator
976 882 1125 909 vocatur

366 920 542 967 Augustus
569 934 588 956 a
615 921 760 957 Caesare
786 922 966 970 Augusto,
1002 932 1041 959 ut
1069 923 1123 958 di—

364 969 463 1005 &um
491 970 535 1006 est
569 971 607 1006 in
635 971 742 1008 Cant.
770 974 797 1008 I.
830 972 990 1013 Inferni,
1024 975 1060 1009 &
1088 987 1124 1010 a-

363 1019 432 1056 libi
460 1019 575 1069 saepe.
603 1024 650 1057 Et
676 1022 790 1058 dicit:

416 1091 432 1096 -
458 1091 474 1097 -
501 1092 517 1098 —
544 1093 561 1098 -
587 1072 669 1107 ch‘a
694 1073 840 1117 dirizzar
868 1074 965 1109 Italia

417 1123 535 1165 Verrd,
563 1122 597 1156 in
621 1122 727 1166 prima
753 1123 797 1157 ch’
809 1125 872 1158 ella
891 1124 944 1165 fia
967 1124 1124 1172 disposta,

364 1170 470 1216 Quasi
497 1171 613 1208 dicat:
651 1186 721 1208 non
758 1172 897 1209 invenit
925 1187 1000 1210 eam
1038 1176 1124 1212 bene

364 1220 563 1270 dispositam
601 1222 643 1259 ad
679 1223 811 1259 recstum
839 1225 873 1259 ὃ(
902 1233 1035 1260 certum
1071 1240 1124 1261 re-

365 1285 472 1320 gnum
493 1272 596 1309 unius
611 1273 854 1313 'Monarchae‚
882 1285 1022 1322 propter
1048 1289 1125 1322 par-

364 1323 559 1363 tialitates‚
581 1323 783 1370 tyrannides
796 1348 804 1363 ‚
824 1326 857 1359 8(
879 1326 970 1360 bella
990 1326 1123 1362 intesti-

365 1386 432 1409 na:
460 1377 579 1409 Sederd
605 1376 638 1408 in
662 1376 733 1422 quel
752 1388 835 1422 gran
855 1375 994 1422 seggio;
1017 1376 1122 1420 idest,

364 1423 528 1460 infide-bit
563 1425 653 1461 illud
681 1426 792 1460 altum
830 1425 984 1468 solium,
1020 1428 1122 1474 quale

364 1475 464 1510 decet
492 1475 702 1523 majestatem
731 1475 927 1523 imperialis
954 1478 1122 1514 culminis

362 1525 402 1561 in
432 1525 596 1574 Principe
623 1535 696 1561 tam
724 1525 902 1561 virtuoso.
931 1528 977 1561 Et
1005 1527 1118 1563 dicit:

413 1597 430 1602 -
457 1597 472 1602 -
500 1597 516 1602 —
541 1597 558 1602 -
585 1590 606 1610 a
632 1577 683 1610 che
709 1587 744 1609 tu
766 1578 818 1621 gli
843 1576 925 1609 orchi
949 1577 1056 1620 sisui,

362 1625 470 1668 idest,
506 1625 600 1672 quod
637 1626 748 1660 solum
776 1635 814 1660 tu
843 1625 1040 1673 specialiter
1066 1626 1122 1662 in-
1149 1627 1195 1660 <D

362 1675 380 1709 s
402 1674 487 1709 icis:

378 1688 475 1758 pPer
493 1725 527 1758 la
546 1728 688 1767 Corona,
716 1726 766 1759 che
789 1726 848 1770 gia
866 1724 928 1758 v’e*
948 1726 988 1768 su
1012 1726 1120 1768 posta,

361 1773 466 1811 idest,
495 1782 634 1821 propter
654 1787 818 1808 coronam
847 1774 1004 1821 gloriae,
1032 1788 1119 1819 quac

360 1823 405 1858 est
434 1824 501 1871 jam
530 1832 730 1870 praeparata
751 1823 887 1858 meritis
915 1824 1005 1867 suis,
1033 1824 1118 1860 ficut

360 1872 541 1909 Coronam
580 1872 799 1921 imperialem
838 1874 943 1922 digne
980 1888 1117 1922 prome-

359 1926 431 1960 ruit
459 1923 496 1959 in
524 1933 638 1959 terra.
666 1925 713 1958 Et
739 1923 850 1959 dicit:

409 1975 521 2010 Prima
547 1974 597 2008 che
623 1983 659 2008 tu
684 1988 705 2008 a
731 1974 830 2021 queste
856 1988 955 2020 noqze
981 1976 1063 2010 ceni.

359 2024 467 2067 Idest,
497 2035 684 2071 antequam
712 2024 873 2060 moriaris
892 2052 901 2067 ,
932 2026 966 2060 &
994 2026 1115 2061 venias

359 2076 401 2110 ad
428 2075 524 2111 istam
553 2074 700 2123 gloriam
717 2098 728 2114 ‚
763 2074 823 2110 ubi
851 2075 959 2110 etiam
987 2085 1025 2111 tu
1053 2090 1115 2111 ex—
1143 2080 1145 2108 2

359 2125 522 2173 speEtaris
566 2124 689 2164 divina
733 2125 845 2174 gratia
891 2124 929 2160 &
977 2126 1113 2163 meritis

357 2176 448 2212 tuis.
478 2175 580 2211 Unde
606 2177 713 2220 volo,
740 2176 834 2224 quod
861 2175 1040 2224 intelligas
1062 2186 1114 2213 ta-

357 2227 449 2266 cite,
485 2226 579 2274 quod
615 2226 758 2262 Beatrix
786 2226 933 2262 ostendit
960 2227 1112 2263 Aufflzori

357 2276 469 2311 sedem
505 2275 609 2324 ipsius
645 2289 791 2312 vacuam
817 2303 827 2321 ‚
868 2290 947 2312 cum
983 2291 1112 2313 corona

356 2326 471 2362 laurea
498 2326 659 2376 desuper.
686 2329 733 2363 Et
761 2328 846 2363 bene
871 2327 983 2371 dicit,
1014 2337 1112 2364 ante-

357 2389 460 2422 quam
482 2386 604 2413 coenet
623 2377 697 2421 ibi,
718 2377 800 2424 quia
821 2377 991 2418 praefatus
1012 2380 1111 2413 Hen-

357 2426 449 2461 ricus
470 2437 627 2463 mortuus
646 2428 691 2464 est
718 2427 754 2462 in
783 2429 1027 2463 MCCCXIII.
1054 2428 1110 2464 die

355 2478 489 2511 XXIV.
516 2477 662 2525 Augusti
689 2477 727 2513 in
755 2477 884 2513 Tuscia
911 2477 949 2512 in
976 2476 1109 2513 Castel—

353 2527 412 2567 lo,
439 2526 534 2575 quod
552 2526 682 2564 dicitur
707 2530 1005 2565 Buonconvento.
1031 2530 1109 2564 Au—

1178 2480 1192 2571 l

1171 2644 1269 2678 ssu
1330 2640 1379 2676 ss
1446 2629 1555 2675 sla„
1593 2633 1633 2674 (Z

1241 322 1335 354 XXI.
1364 321 1405 357 de
1434 323 1546 358 mense
1574 325 1807 371 Septembris,
1844 325 1880 360 in
1910 324 1991 359 festo

1239 370 1381 406 Samstae
1408 371 1560 418 Crucis,
1597 373 1634 410 in
1661 373 1826 410 Civitate
1854 377 1992 410 Raven-

1239 433 1328 464 nae,
1370 423 1427 458 ubi
1471 424 1622 472 sepultus
1659 424 1704 460 est
1741 425 1829 473 apud
1873 426 1991 459 locum

1239 473 1396 507 Fratrum
1427 475 1608 510 Minorum
1628 499 1638 514 ,
1669 475 1706 510 in
1735 475 1890 523 sepulcro
1918 487 1990 508 ma·

1238 534 1327 569 gno,
1359 536 1436 557 cum
1465 526 1526 558 tali
1566 525 1785 572 Epitaphio,
1822 524 1914 572 quod
1942 524 1991 559 fe—

1238 572 1285 606 cit
1314 572 1485 614 Iohannes
1512 579 1553 608 <le
1581 575 1738 623 Virgilio
1766 573 1989 610 Bononiensis

1237 630 1547 671 contemporaneus
1576 624 1647 669 ejus
1675 624 1712 660 ἃ
1741 625 1898 662 amicus.

1472 675 1534 708 Ad
1561 675 1642 718 Vers.
1673 686 1754 721 142.

1286 725 1318 756 E
1337 722 1389 766 fia
1416 724 1552 766 Prefetto
1575 744 1593 749 -
1619 744 1635 750 -
1661 745 1678 750 -
1704 745 1721 751 -

1236 773 1328 806 Heic
1357 773 1500 808 Beatrix
1528 772 1672 821 affignat
1699 774 1833 810 causam
1862 775 1989 824 specia-

1235 822 1305 857 lem
1319 849 1328 864 ‚
1354 836 1458 867 quare
1481 824 1655 860 Henricus
1675 838 1745 860 non
1766 826 1884 873 potuit
1905 839 1989 861 con-

1236 871 1332 919 sequi
1359 872 1465 908 finem
1494 873 1614 917 suum,
1641 874 1776 911 scilicet
1798 875 1989 925 illegalita-

1235 931 1306 957 tem
1345 924 1543 960 Clementis
1570 926 1615 960 V.
1643 925 1684 960 de
1711 925 1884 962 vasconia
1913 928 1987 960 Un-

1232 972 1276 1008 de
1303 972 1418 1009 dicit:

1286 1026 1318 1058 E
1338 1024 1391 1068 fia
1417 1025 1556 1069 Prefetto
1583 1027 1633 1061 nel
1653 1027 1722 1070 foro
1747 1026 1859 1060 divino

1284 1075 1405 1110 Allora
1431 1077 1509 1119 tal;
1534 1098 1550 1103 —
1577 1098 1594 1104 -
1619 1097 1635 1102 —
1660 1098 1677 1104 -

1234 1123 1327 1170 quas:
1357 1125 1478 1161 dicat:
1518 1129 1618 1162 Unus
1640 1126 1711 1162 erit
1739 1134 1823 1162 tunc
1851 1135 1986 1175 tempo-

1232 1174 1281 1209 ris
1312 1175 1509 1212 Praefefflms
1545 1178 1646 1213 rebus
1682 1176 1808 1212 sacris.
1844 1179 1890 1212 Et
1917 1191 1987 1213 non

1233 1223 1328 1260 dicas
1351 1250 1362 1265 ‚
1402 1228 1567 1270 Perfetto,
1608 1227 1693 1263 ficut
1728 1227 1834 1262 multi
1870 1236 1986 1263 textus

1232 1273 1392 1320 habent,
1432 1277 1515 1324 quia
1558 1287 1641 1314 tunc
1679 1277 1762 1314 esset
1801 1277 1986 1326 replicatio

1233 1325 1450 1362 conditionis
1476 1327 1514 1363 in
1543 1328 1668 1365 litera:

1283 1397 1300 1402 -
1326 1396 1342 1402 —
1371 1398 1386 1403 —
1411 1397 1429 1403 —
1456 1379 1507 1412 che
1529 1380 1634 1424 palese
1658 1392 1674 1413 e
1699 1389 1819 1414 coverto

1281 1429 1354 1461 Non
1381 1429 1500 1463 ander&
1525 1443 1578 1464 con
1613 1430 1661 1464 lm·
1694 1440 1750 1474 per
1775 1443 1818 1463 un
1842 1429 1986 1465 camino.

1229 1475 1326 1520 Quia
1357 1477 1533 1512 manifeste
1564 1479 1748 1514 videbatur
1775 1478 1890 1513 favere
1922 1479 1984 1514 fibi

1228 1526 1262 1559 δε
1291 1527 1428 1562 occulte
1456 1535 1529 1562 erat
1557 1526 1618 1562 fibi
1655 1527 1819 1563 infestus.
1855 1530 1900 1562 Et
1928 1541 1984 1563 or-

1229 1573 1390 1613 dinavit,
1415 1573 1455 1610 &
1477 1575 1667 1620 consenfit,
1696 1578 1788 1623 quod
1816 1579 1889 1612 Rex
1914 1580 1981 1612 Ro-

1229 1625 1344 1661 bertus
1370 1624 1532 1660 resisteret
1559 1626 1644 1668 fibi,
1672 1627 1705 1660 8<
1734 1626 1920 1671 impediret
1947 1640 1982 1662 e-

1227 1675 1280 1723 jus
1302 1675 1565 1710 coronationem
1580 1700 1591 1714 ,
1606 1673 1643 1710 ἃ
1667 1675 1875 1721 processum.
1899 1678 1982 1712 Pro-

1229 1734 1304 1771 pter
1329 1723 1421 1770 quod
1451 1725 1625 1760 Henricus
1653 1725 1835 1761 damnavit
1857 1727 1889 1761 8<
1913 1727 1982 1774 pri-

1228 1772 1328 1808 vavit
1364 1772 1477 1821 ipsum
1515 1775 1706 1810 Robertum
1744 1775 1782 1810 in
1818 1775 1982 1813 Civitate

1228 1822 1370 1859 Pisana.
1407 1825 1454 1860 Et
1490 1825 1659 1861 continuo
1685 1824 1853 1861 Clemens
1880 1841 1982 1863 revo-

1225 1873 1322 1909 cavit
1346 1872 1387 1910 &
1416 1875 1615 1911 annullavit
1646 1875 1852 1911 sententiam
1882 1879 1982 1913 Hen-

1225 1923 1313 1967 rici‚
1352 1924 1438 1960 ficut
1463 1925 1504 1961 de
1532 1935 1680 1974 utroque
1706 1926 1786 1962 affin
1814 1926 1889 1963 vidi
1917 1941 1979 1976 pu-

1227 1975 1317 2009 blica
1346 1974 1598 2011 Instrumenta.

1275 2027 1339 2058 Ma
1363 2035 1434 2068 poco
1458 2027 1511 2071 poi
1530 2027 1607 2070 sard
1633 2048 1649 2053 -
1676 2047 1692 2053 -
1718 2048 1734 2053 -
1760 2048 1777 2054 -

1196 2095 1198 2110 l
1224 2074 1316 2110 Heic
1344 2075 1487 2110 Beatrix
1517 2076 1739 2122 praenuntiat
1766 2087 1915 2113 mortem
1943 2079 1977 2113 δε

1225 2138 1371 2173 poenam
1400 2125 1579 2173 praedicto
1615 2126 1798 2163 Clementi
1836 2129 1872 2163 in
1904 2129 1978 2164 bre>-

1224 2175 1299 2215 vi,
1340 2175 1484 2220 dicens,
1523 2178 1618 2225 quod
1658 2178 1770 2214 dicius
1810 2177 1978 2214 Clemens

1225 2227 1336 2274 Papa.

1272 2297 1288 2303 —
1314 2297 1330 2303 -
1357 2298 1373 2303 -
1398 2288 1471 2321 poco
1494 2278 1549 2324 poi
1570 2278 1648 2323 sard
1672 2280 1714 2314 da
1740 2279 1805 2314 Dio
1827 2280 1954 2327 sofferto

1271 2328 1336 2361 Ne!
1356 2329 1449 2372 santo
1475 2327 1574 2373 officio
1588 2343 1608 2371 ‚-

1221 2375 1377 2416 stilicen
1405 2378 1441 2412 in
1471 2380 1626 2427 Papatu3
1655 2378 1692 2415 ἃ
1719 2380 1805 2415 bene
1832 2393 1976 2427 parum,

1220 2427 1302 2474 quia
1329 2426 1497 2464 Clemens
1525 2429 1721 2478 supervixit
1748 2429 1844 2465 dieto
1877 2432 1975 2466 Hen-

1220 2479 1295 2512 rico
1321 2477 1412 2513 circa
1443 2479 1572 2528 septem
1602 2480 1732 2516 menses
1761 2494 1838 2516 cum
1868 2480 1974 2516 dimi-

1218 2528 1306 2567 dio,
1334 2537 1373 2564 ut
1399 2530 1545 2566 audivi.
1573 2532 1620 2566 Et
1645 2531 1762 2567 dicit:

1795 2601 1809 2606 -
1837 2581 1925 2615 clz'ei

1664 2670 1719 2715 s
1770 2640 1853 2681 m

2024 609 2155 654 sss
2208 590 2216 635 l
