2216 3105
407 237 492 278 755
691 215 1641 262 BENVENUTJJMOLENSJS
1838 229 1925 277 736

347 279 496 322 viridis,
533 279 571 315 &
599 279 824 315 domesticus.
865 279 981 314 Postea
1011 293 1106 323 prae·
1144 277 1179 311 A
1273 297 1501 304 ------
1527 291 1544 312 e
1568 279 1662 312 venir
1687 279 1730 313 da
1756 278 1786 312 Io
1806 279 1943 324 specchio

346 330 489 366 nuntiat
523 331 660 366 ruinam
689 329 726 366 ὃ(
755 329 1020 365 ἀεὶὶωξῖὶοηετη
1048 343 1105 365 ae·
1272 330 1322 361 La
1345 331 1450 363 donna
1475 329 1531 371 [ua
1558 330 1651 372 senza
1681 329 1705 362 ’l
1731 331 1799 371 vilo
1824 331 1951 373 dipinto
1968 358 1976 366 .

347 380 548 417 dificiorum
577 383 804 420 Florentiae,
831 382 974 417 dicens:
1220 375 1380 417 scilicet,
1421 392 1563 414 uxorem
1601 378 1688 414 (11ἃὶ
1736 379 1871 415 Militis
1908 380 1976 416 fine

398 453 626 459 ------
654 432 705 466 che
730 454 744 459 -
772 453 789 458 -
814 452 831 458 -
858 452 874 458 -
901 452 918 458 -
943 451 960 458 -

346 481 450 522 idest,
478 482 541 531 qui
568 482 676 518 Mons
704 482 842 517 Malus.

397 554 414 560 -
441 554 457 559 —
483 554 500 560 -
528 554 544 559 -
571 546 648 567 come
674 534 691 565 δ’
715 534 808 565 vinto

399 585 464 618 Nel
490 594 612 617 montar
633 583 672 626 su
688 609 698 625 ‚
725 583 783 616 cos}
803 582 881 625 sarci
908 582 958 615 nel
984 582 1068 616 calo.

347 634 457 678 idest,
493 633 530 669 in
559 631 793 669 declinatione
821 629 858 666 ἃ
888 631 982 679 lapsu
1010 631 1104 667 aedi-

348 685 510 720 ficiorum
539 684 581 719 ab
617 682 693 731 ipso
722 683 986 718 Uccellatorio:
1026 695 1104 716 come

347 737 365 767 ὲ
389 735 482 768 vinto
520 731 570 767 n‘el
606 744 728 767 montar
758 732 822 777 su,
859 731 968 775 idest,
1005 732 1041 768 in
1070 745 1105 767 e—

349 784 567 820 xaltatione.
599 784 687 818 Vult
714 782 854 827 dicere,
889 782 982 830 quod
1021 782 1106 817 ficut

348 836 456 870 Mons
492 835 611 870 Malus
638 834 796 869 vincitur
831 846 923 868 nunc
954 833 997 867 ab
1036 835 1106 868 Uc—

349 885 559 924 cellatorio‚
596 883 679 933 quia
715 883 863 919 ostendit
892 883 1022 931 majora
1049 897 1105 918 ae-

349 935 468 972 dificia
496 936 721 979 Florentiae,
757 935 861 983 quam
889 935 997 969 Mons
1025 933 1107 969 Ma-

350 987 404 1022 lus
441 989 604 1022 Romae:
647 986 700 1021 ita
735 985 773 1021 in
809 984 909 1020 brevi
947 984 1108 1019 vincetur

351 1038 392 1073 ab
428 1051 471 1073 eo
505 1037 545 1072 in
580 1036 706 1075 ruina,
742 1036 825 1084 quia
862 1035 997 1071 scilicet
1034 1034 1107 1069 cito

350 1087 472 1124 veniet
497 1096 658 1135 tempus,
685 1086 723 1122 in
751 1100 821 1134 quo
845 1086 953 1121 Mons
977 1085 1107 1121 Uecel-

351 1138 498 1174 latorius
525 1138 679 1174 ostendet
715 1138 863 1184 majores
900 1136 1017 1172 ruinas
1045 1135 1107 1171 do—

351 1203 488 1225 morum
510 1189 602 1224 intra
623 1189 838 1223 Florentiam
853 1214 862 1230 ‚
890 1188 995 1235 quam
1017 1199 1108 1222 nunc

351 1243 459 1277 Mons
495 1241 614 1275 Malus
650 1239 802 1274 ostendat
843 1237 937 1273 intra
975 1238 1108 1272 Urbem

353 1293 526 1334 Romam,
563 1290 600 1326 in
629 1303 697 1338 qua
723 1298 841 1324 tarnen
881 1288 958 1323 sunt
994 1288 1108 1322 maxi-

353 1355 427 1377 mae
446 1343 480 1377 8<
501 1342 634 1377 multae
653 1339 793 1376 ruinae.
821 1341 868 1375 Et
887 1348 971 1374 nota
984 1366 993 1383 ‚
1013 1338 1106 1387 quod

351 1392 489 1429 Aufiior
529 1391 689 1440 loquitur
726 1390 977 1436 hyperbolice,
1014 1402 1108 1424 rnor-

351 1443 484 1479 daciter
519 1442 700 1491 increpans
736 1440 990 1489 superfluitates
1026 1441 1108 1474 Flo—

351 1494 596 1534 teminorum,
621 1493 706 1541 quia
732 1491 770 1527 in
797 1492 848 1526 rei
877 1490 1025 1525 veritate
1053 1503 1107 1524 ae-

351 1543 470 1579 dificia
512 1543 713 1579 Florentiae
749 1554 819 1576 non
861 1540 939 1575 sunt
978 1540 1107 1575 fimilia

352 1594 547 1633 Romanis,
583 1607 646 1629 nec
685 1605 746 1640 per
771 1590 981 1638 consequens
1010 1601 1108 1637 pote-

350 1655 432 1680 runt
465 1645 532 1679 effe
568 1643 687 1678 ruinae
728 1641 883 1676 fimiles.

353 1695 472 1730 omnia
509 1693 644 1729 faciunt
682 1691 816 1728 cursum
852 1690 951 1726 suum
978 1717 986 1725 .
1029 1689 1106 1724 Ubi

351 1758 442 1780 nunc
472 1743 666 1790 Babylonia
694 1740 857 1790 superba?
895 1741 1006 1788 Troja
1031 1752 1106 1773 ma-

351 1794 445 1844 gna?
476 1797 587 1829 Roma
615 1791 761 1838 potens?

402 1845 578 1879 Bellincion
608 1843 698 1878 Berti
722 1860 996 1868 -------

350 1895 442 1931 Heie
484 1893 719 1942 Caeciaguida
761 1891 880 1927 laudat
920 1889 1104 1937 antiquum

349 1945 509 1981 habitum
545 1943 764 1980 honestorum
794 1941 1105 1984 vestimentorum,

350 1997 534 2032 nominans
557 1995 692 2042 aliquot
713 1994 820 2029 Cives
843 1993 951 2027 bonos
972 1989 1008 2026 ἃ
1029 2004 1106 2039 gra-

350 2060 429 2082 ves.
459 2046 561 2081 Unde
588 2045 698 2080 dicit:

401 2098 578 2132 Bellincnm
606 2095 698 2131 Berti
722 2094 794 2129 vid'
811 2094 839 2128 io

352 2148 412 2184 Iste
439 2147 508 2183 fuit
535 2146 680 2182 Nobilis
708 2146 837 2187 Miles,
865 2145 898 2179 8<
924 2143 1010 2178 bene
1029 2155 1107 2177 mo-

351 2208 443 2234 ratus
470 2199 511 2233 de
540 2196 755 2245 Ravignanis
773 2223 783 2239 ,
818 2195 861 2230 de
900 2194 1025 2242 quibus
1051 2192 1106 2228 di-

352 2258 448 2284 cetur
474 2249 611 2298 plenius
639 2248 677 2282 in
703 2249 808 2282 Cant.
838 2244 1017 2293 sequenti:

402 2320 586 2325 —————
613 2299 717 2333 andar
742 2297 823 2331 cinto

404 2350 449 2383 Di
475 2349 558 2391 cuojo
585 2363 599 2383 e
624 2347 657 2383 d'
669 2346 747 2393 offo,
744 2362 923 2373 —————

353 2398 435 2445 quia
472 2399 619 2446 gestabat
656 2398 849 2433 cincturam
878 2410 920 2431 ex
958 2392 1106 2441 simplici

354 2448 451 2483 corio
489 2461 565 2482 cum
603 2448 721 2483 fibulis
746 2449 781 2482 &
808 2445 1025 2482 ornamentis
1053 2442 1107 2478 os-

356 2497 447 2546 seis3
485 2511 555 2532 non
592 2499 632 2533 de
668 2498 802 2536 serico,
840 2498 896 2532 vel
933 2504 1107 2543 argento,

353 2559 413 2583 aut
434 2558 586 2583 auratam
600 2576 609 2591 ‚
632 2558 842 2595 gemmatam
857 2574 867 2591 ‚
887 2546 1107 2587 smaltatam‚

356 2600 438 2635 sicut
466 2611 576 2635 nunc.
608 2600 650 2633 Et
678 2597 813 2633 subdit:

924 1640 987 1675 Sed
1028 1652 1107 1674 ecce
1147 1654 1150 1658 ·

1135 2593 1140 2638 Ι

1219 426 1271 462 fac
1290 441 1307 462 e
1335 428 1446 464 fucata
1464 458 1473 470 ,
1502 430 1614 465 immo
1642 429 1852 477 inquinata:

1269 480 1301 512 E
1325 480 1400 513 viai
1426 481 1496 526 quel
1521 480 1570 514 de’
1587 481 1678 515 Nerli
1695 501 1876 519 -----

1218 529 1362 564 Nobilis
1388 530 1493 565 Civis
1519 531 1562 565 de
1591 532 1728 570 Nerlis‚
1755 531 1797 566 de
1825 544 1895 580 quo
1919 531 1971 567 di-

1215 579 1308 614 citur
1330 582 1418 626 Cap.
1448 581 1493 614 11.

1265 648 1281 656 -
1306 651 1324 656 -
1351 650 1367 655 -
1393 649 1410 655 -
1436 642 1452 662 e
1479 631 1548 670 quel
1574 632 1625 664 del
1653 632 1819 672 Veccht'o,'

1215 680 1304 715 alius
1342 680 1450 714 bonus
1489 680 1691 726 Popularis‚
1730 695 1812 730 pure
1847 681 1970 719 vivens

1133 729 1186 777 1Β
1214 729 1283 764 fine
1310 742 1438 772 pomoa
1465 742 1555 764 vana
1582 730 1751 766 vestium:

1267 778 1357 824 Effer
1383 780 1517 813 contenti
1543 795 1564 814 a
1589 781 1623 815 la
1645 781 1727 827 pelle
1749 781 1913 825 sco-verta,

1216 829 1298 876 quia
1336 828 1470 865 scilicet
1507 832 1693 878 portabant
1729 831 1904 877 clamydes
1931 830 1972 867 de

1216 880 1377 915 Camoffa
1391 908 1399 921 ,
1429 879 1499 915 sola
1520 883 1631 929 pelle,
1658 881 1726 917 fine
1746 883 1868 929 aliquo
1889 895 1971 931 pan—

1216 943 1281 965 no.
1313 933 1358 965 Et
1383 930 1495 966 dicit:

1266 983 1299 1015 E
1326 981 1355 1014 le
1384 981 1440 1025 fite
1469 983 1569 1016 donne
1595 983 1629 1017 al
1657 983 1729 1027 suso
1755 981 1801 1021 ἐν
1828 983 1863 1018 al
1893 993 1973 1030 pen-

1320 1032 1468 1066 neccbio:

1216 1081 1319 1120 idest,
1356 1083 1389 1117 δ(
1417 1081 1493 1118 vidi
1521 1096 1645 1119 uxores
1680 1096 1798 1119 eorum
1827 1091 1973 1118 conten-

1217 1142 1268 1168 tas
1296 1132 1370 1167 fuso
1398 1133 1430 1167 δ(
1469 1133 1593 1183 pensag
1631 1135 1722 1182 quod
1761 1133 1865 1169 hodie
1902 1146 1974 1169 non

1216 1182 1351 1219 faciunt
1381 1184 1606 1232 Florentiae3
1634 1184 1746 1219 immo
1767 1192 1891 1219 vacant
1918 1183 1974 1219 fu-

1218 1247 1285 1273 co,
1312 1246 1382 1268 non
1409 1233 1509 1271 fuso.
1542 1237 1593 1270 De
1620 1248 1763 1282 quarum
1793 1236 1890 1269 cultu
1919 1234 1974 1270 vi-

1217 1284 1322 1324 deas,
1356 1284 1450 1332 quod
1488 1285 1655 1332 scriptum
1689 1285 1733 1321 est
1769 1285 1807 1320 in
1846 1286 1974 1334 Purga-

1215 1336 1337 1374 torio‚
1366 1335 1388 1369 fi
1417 1335 1502 1371 scire
1530 1336 1639 1372 velis.

1268 1390 1293 1419 O
1315 1386 1497 1430 fortunate,
1522 1408 1711 1414 -----

1218 1436 1309 1471 Heie
1337 1434 1575 1484 Cacciaguida
1596 1438 1718 1473 volens
1737 1437 1900 1472 damnare
1919 1435 1973 1471 di-

1216 1485 1364 1520 scursum
1402 1487 1718 1524 Florentinorum,
1765 1487 1825 1530 qui
1868 1485 1972 1519 hodie

1215 1534 1411 1570 discurrunt
1449 1548 1507 1578 per
1533 1544 1648 1569 totum
1678 1535 1844 1569 mundum
1866 1561 1875 1576 ,
1912 1546 1972 1569 cu-

1216 1585 1364 1631 piditate
1398 1584 1473 1619 sola
1507 1585 1630 1628 ducii,
1668 1584 1891 1619 commendat
1927 1584 1973 1618 il-

1215 1636 1273 1671 lud
1302 1644 1439 1682 tempus
1457 1663 1465 1679 ,
1494 1644 1672 1681 tamquam
1703 1634 1810 1671 felix,
1851 1631 1887 1667 ἃ
1919 1633 1972 1668 νὶ-

1214 1694 1352 1733 tuperat
1373 1695 1509 1731 tempus
1538 1683 1691 1729 praesens
1711 1692 1889 1730 tamquam
1917 1682 1971 1716 in-

1215 1733 1473 1770 feliciffimum.
1503 1733 1609 1770 Unde
1637 1734 1834 1768 exclamat:
1865 1745 1881 1765 ο
1905 1732 1971 1775 for-

1215 1786 1350 1819 tunate!
1378 1784 1457 1819 dico
1485 1783 1619 1819 scilicet
1647 1784 1725 1818 illas
1754 1785 1970 1826 fortunatas,

1215 1835 1378 1883 quamvis
1407 1848 1568 1883 pauperes
1596 1834 1742 1882 habiru3
1782 1832 1872 1881 quod
1910 1832 1972 1868 sta-

1215 1886 1283 1922 tim
1314 1886 1436 1934 probat
1463 1899 1523 1933 per
1550 1884 1711 1921 effeflum
1732 1912 1740 1927 ‚
1778 1884 1918 1918 dicens:

1267 1957 1495 1963 ——————
1521 1950 1537 1970 e
1564 1936 1702 1979 ciascuna
1728 1948 1780 1969 era
1806 1943 1888 1969 certa

1268 1990 1316 2022 De
1342 1988 1376 2021 la
1399 1987 1458 2030 [ua
1479 1986 1666 2031 sepultura,
1662 1999 1887 2012 ------

1187 2070 1188 2075 ,
1216 2050 1319 2085 quam
1350 2049 1575 2083 unaquaeque
1599 2035 1819 2082 exspessiabat
1847 2033 1883 2068 in
1913 2046 1971 2087 pa-

1217 2089 1285 2124 tria
1323 2086 1379 2122 sua
1416 2087 1510 2122 inter
1548 2096 1729 2134 parentes,
1767 2084 1975 2131 consangui-

1217 2151 1323 2181 neos,
1355 2138 1391 2172 δ(
1421 2146 1543 2172 notos.
1578 2139 1626 2172 Et
1652 2135 1800 2172 ostendit
1827 2146 1975 2183 quomo-

1219 2191 1285 2234 do,
1312 2188 1452 2224 dicens:

1269 2262 1285 2266 -
1313 2260 1329 2266 -
1355 2261 1371 2265 -
1398 2260 1413 2265 ··
1442 2237 1488 2276 &⁴
1514 2251 1605 2273 amor
1630 2238 1722 2273 nulla

1220 2290 1382 2333 scilicet,
1411 2289 1538 2324 mulier
1565 2287 1794 2324 florentina:

1270 2344 1340 2375 Era
1363 2351 1420 2384 per
1447 2340 1586 2374 Francia
1612 2340 1663 2373 nel
1689 2340 1763 2372 letto
1787 2337 1932 2382 deserta.

1221 2392 1315 2437 Quia
1343 2391 1497 2425 nondum
1526 2399 1599 2425 erat
1635 2387 1801 2424 derelssffia
1828 2400 1846 2422 a
1874 2389 1976 2430 viro,

1219 2454 1400 2476 remanens
1437 2440 1508 2475 sola
1543 2438 1583 2475 ὅ(
1620 2439 1747 2488 frigida
1782 2438 1820 2474 in
1857 2436 1976 2472 lesto.

1221 2494 1267 2527 Et
1294 2491 1403 2526 dicit:
1439 2501 1495 2534 per
1522 2490 1686 2530 Francia,
1722 2488 1806 2536 quia
1841 2486 1977 2522 scihcet

1220 2542 1292 2577 viri
1317 2554 1436 2577 earum
1463 2542 1620 2577 nondum
1650 2539 1888 2577 discurrebant
1919 2546 1977 2582 per

1826 2597 1928 2621 mun—
