2216 3105
310 211 393 251 393

601 192 848 235 COMMEN
856 192 902 235 T.
936 192 999 235 IN
1027 190 1158 234 DAN
1165 188 1252 232 TIS
1278 185 1519 231 COMOED.

1727 192 1814 245 394

252 256 442 291 Granatam
462 279 473 297 ‚
512 264 580 300 que
621 252 666 286 est
702 250 883 290 infidelis,
925 252 1008 299 quia
1042 254 1077 288 A
1111 250 1211 297 polus
1240 248 1371 284 ultimo
1400 245 1516 296 tangit
1545 245 1642 282 suum
1673 246 1870 297 judicium,

254 318 315 353 per
340 305 524 338 saracenos
551 302 691 337 detenta
719 301 782 337 est.
818 303 865 336 Et
892 302 1007 351 tangit

253 354 430 390 fortunam
458 352 574 392 suam,
601 352 743 388 dicens:

303 403 381 439 Mia
407 405 525 438 Madre
540 424 747 430 -------

305 454 370 488 che
396 453 438 487 m‘
449 467 530 489 avea
552 465 701 500 generato
725 453 758 488 d’
770 466 812 488 un
840 451 983 493 ribaldo,

255 506 303 540 Et
337 517 402 552 ego
440 517 510 539 non
546 504 774 552 degeneravi.
810 503 906 548 Quia
941 504 1010 539 fuit

257 554 427 590 ribaldior
452 568 513 590 eo.
552 556 645 591 Nam
682 568 785 590 omne
813 564 929 590 ortum
958 564 1010 590 at-

259 604 399 640 testatur
424 604 480 649 ei,
507 618 526 639 a
552 618 623 652 quo
649 605 788 640 oritur:

309 655 528 702 Distruggitor
553 656 590 689 di
611 656 645 700 se
671 670 687 690 e
711 657 748 690 di
768 656 824 702 sue
851 656 937 701 cose.

258 719 300 741 ex
329 705 462 754 duplici
490 705 684 746 violentia,

308 776 429 782 -----
443 770 463 790 a
484 756 575 801 servo
600 756 633 790 d’
644 770 686 790 un
712 757 829 803 Signor
856 757 902 791 mi
925 756 1013 803 pose,

257 805 361 844 idest,
389 806 430 841 ad
459 805 676 842 serviendum
705 807 841 842 cuidam
866 806 1013 848 Nobili,

259 855 332 904 post
370 865 518 891 mortem
558 857 689 905 patris.
726 857 863 893 Deinde
899 858 1014 905 tangit

257 905 418 941 officium
446 905 565 948 suum,
594 920 701 955 quum
729 907 839 943 dicit:

309 957 368 991 Poi
383 957 435 1000 fui
448 957 597 1004 famiglio
615 959 666 991 del
686 960 766 992 buon
786 962 836 992 Re
855 958 1015 993 Tebaldo.

258 1008 305 1042 Et
326 1006 404 1042 heic
423 1016 529 1051 nota,
550 1008 642 1054 quod
669 1007 735 1043 hoc
756 1017 920 1044 notanter
939 1017 1016 1043 tan-

261 1057 315 1105 git
332 1083 342 1099 ,
368 1056 452 1104 quia
487 1058 594 1092 tacite
622 1059 701 1093 vult
727 1058 806 1094 dare
833 1058 1017 1106 intelligi,

258 1106 353 1153 quod
381 1106 467 1142 licet
492 1108 573 1142 effet
600 1107 711 1143 faElor
735 1108 865 1157 optimi
891 1109 1017 1145 Domi—

259 1157 325 1199 ni,
362 1165 478 1192 tamen
508 1166 579 1193 erat
614 1158 793 1206 peffimus.
829 1162 876 1195 Et
903 1159 946 1195 {ic
974 1159 1017 1195 est

259 1207 363 1242 valde
390 1207 621 1254 periculosum
640 1236 649 1250 ,
677 1209 815 1256 quando
843 1210 1017 1246 Dominus

262 1257 307 1292 est
335 1257 467 1300 bonus,
487 1258 520 1292 &
547 1258 651 1293 habet
671 1259 851 1295 Officiales
871 1273 1017 1304 praVOS,

260 1306 353 1353 quod
372 1306 503 1341 faciant
523 1306 845 1347 fibirverecundiam
864 1309 901 1346 ὃς
919 1305 1018 1346 'dam-

260 1369 344 1391 num
373 1354 441 1391 fine
468 1355 519 1391 sui
557 1355 702 1392 scientia
731 1360 786 1394 vel
816 1361 936 1408 culpa.
973 1363 1019 1395 Et

252 1407 304 1441 de
330 1406 452 1441 multis
477 1406 548 1455 legi
572 1408 606 1442 8<
635 1408 730 1443 vidi.
759 1409 856 1445 Sicut
882 1423 952 1445 non
976 1410 1020 1445 est

261 1457 344 1496 diu,
362 1456 455 1504 quod
476 1457 651 1493 Dominus
669 1459 930 1503 Cluniacenfis,
950 1463 1020 1496 Le-

264 1515 364 1556 gatus
393 1506 532 1542 Urbani
563 1510 607 1543 V.
635 1509 673 1544 in
703 1510 890 1554 Bononia,
919 1510 960 1546 de
988 1510 1019 1546 se

261 1567 335 1593 erat
364 1557 419 1592 vir
446 1557 598 1601 nobilis,
627 1559 758 1604 bonus,
786 1561 819 1595 ὃς
847 1560 1020 1609 prudens,

261 1609 296 1643 ἃ
327 1606 451 1643 habuit
486 1607 524 1643 in
552 1608 735 1646 Vicarium
773 1611 1019 1647 Bartholinum

263 1661 430 1703 Ruynum
458 1659 692 1696 Baratterium
727 1661 993 1697 ribaldiffimurn
1011 1687 1020 1701 ,

265 1708 328 1756 qui
364 1706 496 1755 semper
530 1707 616 1744 fecit
655 1710 716 1745 fibi
757 1711 941 1747 infamiam
982 1711 1020 1748 &

264 1758 386 1794 odium
412 1759 625 1796 multorum.
651 1763 727 1796 Nec
751 1772 941 1809 umquam,
962 1775 1022 1797 ne-

261 1808 336 1844 scio
373 1822 443 1856 quo
479 1808 621 1845 diabolo
658 1820 843 1855 caecante,
880 1813 1021 1848 volebat

265 1859 384 1895 audire
411 1860 543 1894 malum
570 1859 612 1896 de
638 1875 680 1897 eo
697 1889 706 1906 ‚
737 1860 776 1897 ἃ
806 1861 941 1898 invitus
967 1862 1022 1898 di-

264 1909 358 1945 mifit
386 1923 465 1945 eum
493 1923 572 1945 curn
603 1924 727 1960 magna
755 1912 1020 1961 indignatione.

227 1979 232 1985 ·
264 1963 410 2006 Quanto
441 1960 652 1998 laudabilius
680 1961 718 1998 &
756 1963 959 2011 prudentius
986 1978 1021 1999 e—

264 2012 318 2059 git
342 2009 525 2046 cambises
551 2013 625 2047 Rex
654 2012 853 2058 Persarum,
877 2015 938 2062 qui
962 2017 1020 2058 Ju-

265 2060 379 2096 dicem
406 2060 504 2096 suum
521 2089 531 2106 ‚
567 2063 627 2110 qui
657 2065 785 2099 tulerat
812 2064 1018 2100 sententiam

266 2110 386 2145 falsam
423 2124 485 2157 pro
522 2113 694 2157 pecunia,
731 2113 768 2149 ἅ
806 2114 889 2150 fecit
916 2129 1019 2151 exco-

265 2160 371 2205 riari,
392 2160 430 2196 &
457 2162 545 2209 pelle
566 2164 638 2210 ejus
660 2163 770 2199 sedem
800 2165 1018 2213 judiciariam

264 2210 461 2259 cooperiri?
499 2213 636 2249 Deinde
673 2213 786 2249 filium
824 2216 897 2263 ejus
926 2215 1020 2265 juffit

265 2261 305 2297 in
324 2261 442 2297 eadem
467 2261 550 2297 Sede
575 2263 709 2308 sedere,
734 2274 772 2300 ut
797 2265 928 2304 semper
947 2279 1019 2302 me-

265 2325 345 2347 mor
371 2320 532 2360 paternae
561 2327 689 2362 poenae
725 2325 840 2363 ageret
878 2316 958 2363 juste
977 2319 1017 2353 ¹&

265 2362 418 2398 fideliter
445 2376 523 2399 cum
552 2365 735 2401 omnibus.
772 2368 897 2402 Talem
928 2380 1019 2403 mor—

265 2422 338 2448 tem
381 2415 577 2450 merebatur
611 2415 818 2465 Ciampolus
839 2445 848 2461 ‚
884 2431 988 2466 quem
1009 2446 1019 2462 ,

261 2463 349 2511 quia
391 2466 522 2501 multos
562 2467 802 2503 excoriaverat
843 2467 879 2503 in
922 2468 1018 2513 vita,

264 2515 403 2551 Aufi'cor
420 2514 504 2551 facit
520 2529 609 2552 nunc
626 2516 667 2552 slc
684 2517 874 2554 excoriari.
895 2518 1019 2554 Ciam·

365 2570 452 2602 Tom.
480 2569 541 2602 III.

1051 704 1078 737 B

1057 1152 1087 1186 C

1110 300 1229 335 dicens
1246 311 1256 333 :

1162 349 1270 395 Quivi
1294 349 1339 382 mi
1365 347 1435 389 mist
1460 362 1480 383 a
1503 347 1556 391 sar
1583 346 1780 391 bar-asteria,

1112 399 1246 436 scilicet
1273 399 1310 435 in
1336 397 1449 434 Curia
1477 396 1565 434 diff‘ti
1599 398 1727 446 Regis,
1757 398 1870 434 dando

1111 450 1229 486 officia
1256 451 1290 485 &
1318 449 1466 485 honores
1499 461 1561 497 pro
1589 448 1758 497 pecunia,
1786 462 1872 496 quae

1114 510 1251 550 poterat
1278 500 1362 549 juste
1389 499 1545 536 conferre
1572 512 1615 535 ex
1642 498 1765 535 officio
1792 499 1873 535 suo.

1363 553 1425 586 Ad
1453 551 1536 596 Vers.
1565 553 1624 586 81.

1166 605 1213 637 Et
1240 601 1268 636 εὶ
1295 601 1424 648 rispose.
1454 604 1505 636 Fu
1533 604 1632 649 Frqte
1659 601 1805 636 Gor-nita.

1117 653 1174 689 Ad
1203 653 1300 700 cujus
1330 652 1572 700 cognitionem
1602 648 1647 687 est
1676 651 1876 694 sciendum,

1117 703 1209 752 quod
1237 703 1298 738 iste
1326 705 1446 738 frater
1472 702 1641 742 Gomha,
1668 701 1710 737 de
1736 715 1807 750 quo
1835 701 1877 737 fit

1118 754 1196 789 heic
1233 752 1369 789 mentio
1391 781 1401 797 ,
1438 753 1507 788 fuit
1535 752 1698 788 Vicarius
1733 754 1766 787 8<
1804 754 1881 789 Lo-

1119 813 1320 840 cumtenens
1337 803 1470 847 Judicis
1491 803 1581 840 Nini
1604 802 1720 838 Pisani
1743 803 1779 838 in
1800 805 1878 838 Sar-

1119 854 1238 898 dinia,
1263 854 1417 889 summus
1443 854 1678 899 Bai-atterius,
1703 866 1807 900 quem
1836 852 1880 888 fi-

1120 904 1248 940 naliter
1267 904 1338 952 ipse
1358 904 1474 940 Ninus
1490 903 1575 940 fecit
1595 903 1777 952 suspendi,
1795 903 1879 951 quia

1120 956 1338 990 relaxaverat
1364 953 1403 989 ὅ(
1431 955 1641 990 liberaverat
1668 963 1782 989 certos
1809 953 1880 989 ini-

1122 1005 1233 1041 micos
1260 1005 1358 1054 ejus,
1386 1018 1474 1053 quos
1502 1004 1652 1040 habebat
1681 1003 1741 1040 sub
1769 1004 1881 1039 custo-

1119 1055 1206 1095 dia,
1234 1056 1379 1104 pecunia
1405 1064 1587 1103 corruptus
1604 1081 1612 1090 .
1651 1054 1752 1090 Unde
1780 1063 1816 1090 te
1842 1068 1883 1090 o-

1125 1115 1240 1155 portet
1274 1106 1419 1142 ulterius
1447 1105 1555 1150 scire,
1582 1105 1676 1153 quod
1710 1105 1798 1140 olim
1827 1107 1884 1149 Ja-

1125 1155 1267 1191 nuenses
1296 1158 1331 1191 &
1367 1156 1507 1200 Pisa-ni,
1543 1155 1612 1191 duo
1649 1154 1883 1204 potentissimi

1128 1207 1254 1255 Populi
1290 1206 1327 1242 in
1364 1207 1481 1250 mari,
1518 1205 1754 1241 confoederati
1791 1207 1885 1249 inter

1126 1258 1159 1292 ie
1186 1252 1309 1305 magna
1337 1257 1437 1292 claffe
1466 1260 1758 1305 recuperaverunt
1785 1254 1886 1292 Insu'-

1127 1308 1197 1342 lam
1225 1306 1418 1342 Sardiniam
1446 1307 1488 1343 de
1524 1307 1887 1348 manibus-Barbaro-

1127 1370 1203 1392 rum
1241 1356 1439 1392 infidelium
1477 1356 1644 1392 Africae.
1673 1357 1797 1392 'Insula
1835 1371 1888 1394 re-

1129 1408 1289 1455 cuperata
1316 1417 1554 1442 convenerunt
1581 1407 1674 1442 int-er
1701 1407 1760 1449 se,
1790 1408 1885 1455 quod

1128 1456 1309 1500 Januenses
1350 1456 1447 1492 avidi
1489 1457 1637 1506 praedae
1669 1457 1886 1505 asportarent

1129 1507 1300 1554 quidquid
1329 1507 1471 1555 praedae
1499 1507 1580 1543 esset
1613 1507 1710 1554 super
1736 1514 1886 1554 terram,

1130 1557 1245 1593 Pisani
1274 1560 1357 1593 vero
1393 1557 1560 1593 haberent
1587 1555 1699 1593 solum
1735 1559 1888 1596 nudum.

1129 1610 1212 1653 Quo
1239 1606 1335 1643 fafflo
1361 1607 1505 1651 Pisani,
1535 1609 1691 1655 reparata
1717 1609 1750 1654 ὃς
1779 1609 1888 1645 refor-

1130 1659 1221 1693 mata
1249 1657 1363 1693 Insula
1392 1658 1699 1694 -dirviseruntsseam
1734 1657 1772 1694 in
1801 1672 1887 1707 qua-

1127 1718 1209 1744 tuor
1237 1718 1376 1757 partes‚
1413 1714 1498 1757 quas
1535 1710 1799 1758 appellaverunt
1826 1712 1887 1753 Ju-

1128 1759 1281 1794 dicatus.
1309 1761 1356 1794 Et
1374 1759 1628 1805 'constituerunt
1646 1764 1799 1807 quatuor
1820 1763 1889 1797 Re-

1128 1809 1262 1848 ξὶοτεε,
1298 1822 1385 1857 quos
1422 1811 1686 1858 appellaverunt
1723 1811 1886 1854 Judices.

1130 1859 1427 1895 Nominaautem
1453 1860 1675 1903 Judicatu=um
1692 1861 1782 1903 sunt
1803 1861 1888 1898 ista.

1131 1910 1266 1945 Primus
1304 1920 1447 1945 vocatus
1489 1910 1534 1946 est
1574 1912 1760 1958 Logodom,
1803 1911 1887 1947 idest

1129 1958 1246 1996 Locus
1273 1973 1414 2004 aurem,
1443 1961 1525 2008 quia
1553 1961 1613 1996 ista
1641 1962 1684 1997 est
1716 1975 1789 2008 pars
1818 1961 1885 1998 fer-

1128 2010 1230 2046 tilior
1255 2011 1288 2045 &
1317 2011 1518 2046 amoenior.
1551 2012 1723 2047 Secundus
1751 2013 1884 2056 Caluri,

1065 2063 1093 2096 E
1121 2063 1160 2096 ἃ
1189 2061 1234 2095 est
1261 2073 1388 2095 nomen
1417 2061 1601 2108 antiquum
1630 2065 1884 2098 retentum]-

1130 2112 1165 2147 bi
1192 2110 1262 2146 fuit
1287 2108 1375 2146 olim
1404 2110 1533 2147 famosa
1560 2111 1728 2156 Civitas,
1765 2123 1804 2148 ut
1831 2113 1885 2149 di-

1130 2163 1180 2198 cit
1210 2161 1424 2207 Pomponius
1459 2163 1578 2198 Mela.
1615 2163 1760 2198 Tertius
1787 2163 1883 2207 Judi-

1130 2222 1226 2248 catus
1252 2211 1366 2248 dietus
1393 2212 1439 2247 est
1464 2215 1632 2249 Arborea.
1666 2214 1821 2259 Quartus
1849 2215 1882 2249 δε

1130 2263 1275 2300 ultimus
1302 2263 1463 2302 Gallum,
1500 2262 1543 2298 fic
1580 2272 1725 2300 vocatus
1761 2277 1779 2300 a
1807 2263 1882 2300 Co-

1131 2314 1275 2350 mitibus
1313 2313 1476 2358 Pisanis,
1514 2313 1641 2362 quibus
1678 2314 1777 2350 datus
1815 2315 1883 2350 fuit

1131 2365 1189 2402 iste
1225 2364 1429 2409 Judicatus,
1467 2364 1527 2412 qui
1565 2373 1707 2412 portant
1739 2366 1883 2401 Gallum

1132 2429 1193 2464 pro
1223 2423 1416 2459 armatur-a,
1453 2415 1494 2450 de
1524 2415 1655 2463 quibus
1684 2415 1753 2452 fuit
1790 2429 1884 2462 prae-

1133 2466 1245 2501 difflus
1279 2465 1387 2510 Judex
1427 2465 1564 2511 Ninus,
1601 2465 1689 2501 olim
1726 2466 1886 2513 expulsus

1133 2517 1173 2552 de
1201 2515 1364 2552 Civitate
1400 2515 1549 2565 Pisana;
1587 2516 1628 2552 de
1654 2530 1725 2564 quo
1752 2516 1886 2550 dicetur

1264 2568 1295 2602 C
1324 2580 1341 2602 c
1748 2567 1833 2601 Pur-
