2216 3105
270 198 353 250 481
547 194 850 239 COMMENT.
890 195 955 238 IN
991 193 1220 238 DANTIS
1258 193 1500 237 COMOED.

1692 199 1776 250 482

191 253 330 302 *Idest3
371 252 409 288 in
437 265 504 300 qua
531 252 698 289 societate
726 267 815 289 vana
843 255 972 290 Caccia
1007 257 1039 290 A
1076 266 1184 302 quum
1213 253 1312 288 staret
1339 253 1431 289 solus
1459 254 1642 291 abstractus
1683 255 1720 291 in
1749 267 1844 302 quo-¹

214 304 366 352 (nomen
395 303 439 339 est
460 303 638 353 proprium
661 304 757 352 viri)
786 304 826 339 de
850 304 973 340 Ascia-

212 367 281 397 no,
309 352 532 400 (Ascianum
561 354 606 389 est
636 355 768 390 Nobile
792 355 973 399 Castrum,

213 405 303 439 unde
331 403 400 439 fuit
427 405 594 442 oriundus
635 405 695 441 iste
723 405 875 449 Caccia,
912 407 972 454 qui

212 453 264 490 ita
291 455 430 501 expulit
457 468 476 490 a
505 455 536 491 se
564 456 760 504 squammas
797 456 870 492 suas
899 470 973 492 mo-

211 518 249 540 re
277 505 549 542 alchimistarum
569 534 578 549 ,
606 508 660 542 sed
689 507 839 547 vanius,
861 506 899 543 &
927 508 974 543 ri-

213 555 400 592 diculosms
417 558 430 605 )
448 584 456 592 .
496 556 603 593 Unde
630 557 740 594 dicit:
771 559 916 605 Dtsperse
942 559 976 592 la

214 609 338 652 vigna,
381 621 397 641 e
435 608 470 642 la
506 621 589 655 gran
635 609 770 652 fronda-
813 610 975 645 Habebat

216 657 312 692 enim
350 657 410 693 iste
447 658 718 703 pulcherrimam
756 658 793 695 ὃ(
823 661 976 708 praecla-

216 720 290 743 ram
332 707 593 756 poffeffionem,
645 723 750 757 quam
792 710 976 753 vendidit,

217 756 255 793 δε
284 757 470 794 consumfit
505 758 543 794 in
583 759 644 795 ista
686 761 820 810 brigata
861 760 976 797 fatua.

218 809 302 844 Ideo
330 809 440 845 dicit:

263 862 300 899 ,Ε
327 859 550 908 l’abbaglt'ato
578 862 603 895 il
630 862 680 903 suo
701 863 797 907 senno
822 862 977 911 proserse.

217 909 326 949 Idest,
364 912 563 958 propalavit
591 913 842 950 abbacinatus.
881 912 978 959 Quia

218 960 290 1008 post
317 960 402 997 istud
440 961 571 998 facium
609 964 769 1012 apparuit
811 965 884 1012 ejus
920 964 977 999 de-

219 1012 373 1051 mentia,
428 1026 535 1060 quum
588 1014 704 1062 primo
760 1024 980 1063 reputaretur

221 1062 367 1109 prudens
385 1089 393 1097 .

271 1116 356 1156 Ma,
381 1115 490 1160 perche*
516 1116 625 1162 sappI,
662 1116 710 1151 chi
735 1117 764 1150 ,τὲ
788 1116 816 1151 ti
850 1116 981 1160 seconda

271 1166 390 1199 Contra
411 1166 536 1204 Servefi,
557 1180 684 1211 aguzza
698 1180 756 1201 ver
770 1181 816 1201 me
830 1166 853 1201 l'
865 1167 960 1201 occhio
971 1190 980 1204 ,

220 1214 314 1251 Heic
342 1215 537 1262 praedictus
565 1217 765 1265 Capochius
788 1217 981 1253 manifestat

220 1265 254 1300 se
281 1264 392 1312 ipsum
422 1279 440 1300 a
469 1267 633 1310 nomine,
673 1268 714 1302 ab
757 1268 923 1316 ingenio,
965 1280 981 1301 a

224 1314 349 1358 vitiis,
376 1315 514 1352 dicens:
545 1330 673 1364 aguzza
699 1317 857 1357 t’occhi0‚
886 1316 982 1353 scili-

223 1374 278 1401 cet
317 1364 566 1412 speculationis
602 1378 705 1416 tuae3
749 1381 807 1402 ver
832 1382 900 1411 me,
943 1377 982 1403 ut

222 1415 408 1464 cognoscas
436 1417 617 1453 hominem
647 1417 747 1453 valde
776 1427 939 1454 acutum:

271 1471 295 1501 5
297 1468 309 1499 i
319 1490 329 1505 ‚
347 1467 401 1500 che.
415 1468 448 1502 la
462 1468 564 1511 faccia
585 1469 650 1503 mia
669 1470 726 1502 hen
746 1468 774 1501 ti
788 1468 937 1515 risponda
947 1493 958 1508 ‚

222 1517 390 1560 Scilicet,
425 1528 464 1553 ut
492 1517 594 1566 poffis
622 1518 749 1554 melius
777 1518 983 1568 cognoscere

223 1581 299 1603 me.
327 1569 408 1604 Hoc
435 1568 548 1609 dicit,
576 1569 659 1617 quia
687 1578 760 1605 erat
788 1578 885 1606 totus
912 1569 983 1605 sca-

223 1618 338 1654 biosus
355 1647 365 1663 ‚
393 1621 426 1655 8<
455 1619 646 1667 fumigatus
664 1647 672 1656 .
702 1619 804 1655 Unde
831 1620 941 1656 dicit:

273 1672 311 1704 52
337 1671 470 1709 vedrai,
495 1669 540 1705 ch’
557 1671 586 1704 io
604 1671 661 1715 son
686 1669 710 1704 l’
726 1672 831 1706 ombra
857 1672 894 1706 di
918 1675 984 1707 Ca-

324 1721 444 1767 pocchio
458 1734 478 1763 ‚-

225 1771 342 1815 Quem
364 1780 402 1806 tu
424 1771 509 1806 bene
530 1769 645 1806 vidisti
668 1770 704 1806 in
727 1771 823 1815 vira,

275 1822 340 1856 Che
353 1821 455 1866 fialsai
472 1822 499 1856 li
518 1823 639 1856 metalli
658 1835 710 1856 con
734 1821 962 1858 l’Alchimt'a:

226 1874 275 1908 Et
301 1872 345 1908 {ic
374 1872 480 1914 vide,
509 1873 600 1919 quod
631 1872 689 1908 iste
717 1872 786 1909 fuit
814 1874 892 1909 usus
918 1875 985 1908 Al-

227 1924 358 1960 chimia.
384 1923 534 1963 illicite.
564 1923 646 1970 quia
674 1923 763 1959 dicit
784 1925 911 1968 falsai.
940 1927 984 1959 Et

226 1975 294 2010 hoc
321 1975 421 2013 dico,
456 1975 563 2020 perche*
584 1974 680 2021 sappi
704 1975 752 2008 chi
777 1976 807 2009 s)
832 1976 860 2008 ti
879 1976 984 2020 secon-

226 2027 294 2060 da:
320 2025 429 2068 idest,
465 2024 547 2072 quia
576 2024 682 2064 scias,
710 2024 789 2073 quis
817 2025 881 2063 est,
923 2026 983 2074 qui

228 2084 263 2111 te
298 2075 348 2111 ita
376 2075 532 2123 sequitur
568 2075 808 2111 confirmando
849 2076 983 2112 dicium

227 2134 329 2162 tuum
358 2130 476 2161 Contra
501 2125 625 2165 seneli.
654 2127 735 2161 Hoc
763 2126 874 2166 dicit,
902 2127 984 2175 quia

228 2177 380 2212 libenter
408 2178 497 2212 male
525 2176 685 2223 loquitur
711 2176 752 2211 de
785 2177 835 2212 eis
853 2204 863 2220 ‚
904 2178 985 2224 quia

229 2227 298 2263 suit
325 2227 375 2264 ibi
399 2226 612 2263 combustus.
641 2228 687 2262 Et
708 2227 889 2263 concludit
910 2238 985 2264 tan-

227 2291 310 2327 gens
336 2292 482 2314 acumen
510 2276 665 2325 ingenii.

278 2331 307 2363 E
335 2329 363 2363 ti
388 2328 437 2363 de’
454 2329 610 2366 ricwdar,
639 2328 669 2371 se
695 2329 752 2363 ben
779 2327 954 2365 t’adoccbio
968 2344 990 2372 ‚-

231 2378 338 2421 mest,
366 2379 387 2414 fi
418 2393 494 2415 cum
525 2379 630 2414 oculo
659 2379 744 2415 bene
764 2388 798 2415 te
819 2380 987 2428 respicio,

230 2430 322 2477 quasi
351 2430 470 2469 dicat,
508 2428 530 2464 si
561 2430 646 2465 bene
674 2438 708 2465 te
749 2430 986 2478 recognosco,

231 2480 312 2526 quia
351 2481 400 2516 fui
442 2481 509 2517 tibi
546 2489 650 2516 notus
677 2480 714 2516 in
755 2481 850 2517 vita.
893 2484 983 2518 Nam

228 2531 333 2568 semel
369 2532 426 2569 die
463 2530 616 2581 quodam
670 2532 818 2568 Veneris
867 2532 986 2568 sancii

1077 306 1156 339 dam
1184 303 1366 347 elaustro,
1407 304 1586 352 effigiabat
1629 305 1690 341 fibi
1720 316 1838 341 totum

1079 354 1268 403 processum
1311 353 1480 390 Paffionis
1520 355 1668 390 Domini
1706 355 1744 391 in
1772 368 1837 391 un·-

1077 405 1202 453 guibus
1230 403 1319 440 mira
1346 404 1600 441 artificiofitate
1617 431 1626 441 .
1654 407 1701 440 Et
1729 418 1838 452 quum

1079 457 1210 491 Dantes
1239 454 1483 503 superveniens
1511 464 1716 503 quaereret:
1746 455 1839 501 ,Quid

1077 506 1118 549 efl
1157 507 1238 554 quod
1271 506 1403 550 fecisti?
1429 506 1488 542 iste
1516 506 1632 542 subito
1660 518 1740 541 cum
1768 505 1838 540 lin-

1077 570 1144 606 gua
1170 556 1305 592 delevit
1340 556 1515 605 quidquid
1542 570 1622 593 cum
1659 565 1760 592 tanto
1787 557 1839 591 la·

1079 609 1160 643 bore
1201 607 1338 656 ingenii
1379 607 1631 644 fabricaverat,
1674 609 1727 643 De
1767 619 1839 655 quo

1079 660 1211 694 Dantes
1248 659 1402 694 multum
1444 658 1561 708 arguit
1601 671 1681 694 eum
1704 686 1714 702 ,
1758 657 1841 706 quia

1077 708 1164 744 istud
1190 722 1277 757 opus
1306 708 1492 745 videbatur
1532 708 1593 744 fibi
1622 722 1693 744 non
1722 709 1839 744 minus

1050 763 1056 833 ³
1079 759 1267 802 mirabile,
1295 773 1400 807 quam
1428 773 1514 808 opus
1542 760 1640 796 illius
1657 787 1666 804 ‚
1694 760 1756 808 qui
1784 769 1841 794 to-

1054 819 1150 845 stam
1190 809 1336 846 Iliadem
1374 820 1447 847 tam
1494 810 1673 846 subtiliter
1712 809 1841 845 descri-

1054 860 1164 909 ,psit‚
1206 861 1298 908 quod
1336 860 1375 896 in
1410 860 1492 897 testa
1527 861 1628 897 nucis
1656 861 1840 897 claudeba-

1080 921 1155 947 tur.
1201 913 1248 945 Et
1285 912 1374 947 alius
1411 911 1496 947 fecit
1532 911 1697 947 formicas
1739 911 1839 947 ebur-

1080 974 1180 997 neas.
1208 962 1293 996 Ideo
1320 962 1475 998 breviter
1500 961 1613 998 dicit:

1131 1011 1216 1047 Com’
1229 1015 1256 1045 io
1270 1012 1324 1057 fui
1342 1012 1380 1047 di
1398 1024 1514 1048 natura
1530 1012 1633 1049 buona
1651 1013 1799 1048 Scirm'a.'

1081 1062 1245 1102 Scilicet,
1274 1063 1558 1099 contrafaciendo
1585 1064 1727 1107 omnia,
1756 1062 1842 1098 ficut

1081 1113 1210 1148 Scimia
1239 1112 1350 1149 facit.
1378 1114 1527 1150 Ultimo
1554 1124 1661 1159 nota,
1689 1113 1842 1153 Lebior,

1055 1165 1057 1169 “
1081 1164 1175 1211 quod
1204 1166 1337 1199 Dantes
1357 1165 1511 1212 appellat
1531 1165 1631 1201 istum
1653 1164 1843 1200 Scimiam.

1083 1217 1172 1249 Vere
1215 1214 1304 1250 mihi
1355 1215 1496 1251 videtur
1545 1215 1642 1251 fuiffe
1685 1215 1844 1251 nobilior

1082 1265 1232 1304 Scimia‚
1260 1279 1364 1313 quam
1387 1279 1553 1314 umquam
1576 1266 1705 1313 aliquis
1732 1266 1843 1305 alius‘,

1081 1328 1189 1363 quum
1227 1315 1370 1351 sciverit
1417 1326 1488 1352 tam
1540 1317 1755 1353 mirabiliter
1805 1315 1843 1352 ἃ

1055 1362 1057 1366 ’
1082 1365 1261 1402 subtiliter
1287 1366 1492 1415 cognoscere
1520 1376 1660 1403 naturas
1681 1367 1842 1403 omnium

1081 1416 1266 1451 hominum
1314 1417 1562 1466 cujuscumque
1602 1418 1843 1460 conditionis,

1083 1465 1299 1514 professionis
1348 1469 1381 1502 ὅ(
1424 1467 1606 1508 fortunae,
1647 1470 1680 1504 8<
1722 1481 1843 1504 eorum

1056 1530 1217 1556 .mores‚
1255 1516 1372 1556 acius,
1414 1516 1452 1553 &
1491 1519 1742 1566 proprietates,
1770 1529 1843 1554 tam

1084 1568 1244 1608 utiliter,
1280 1581 1385 1616 quam
1414 1567 1672 1605 delectabiliter
1708 1583 1845 1618 reprae-

1084 1618 1235 1654 semare.

1205 1671 1265 1705 Ad
1291 1674 1386 1706 Cant.
1414 1674 1519 1707 XXX.
1549 1671 1632 1717 Vers.
1660 1683 1720 1718 40.

1135 1721 1254 1766 Qresta
1269 1736 1289 1755 a
1308 1733 1413 1767 pecc-ar
1431 1736 1483 1757 con
1503 1722 1558 1769 effo
1574 1724 1633 1757 cosi
1656 1735 1758 1756 venne
1774 1722 1846 1761 ὡς.

1086 1772 1178 1806 Heic
1205 1771 1417 1808 Griffolinus
1445 1782 1624 1821 comparat
1658 1771 1845 1818 Myrrham

1087 1820 1252 1856 furiosam
1282 1823 1400 1858 Vanni
1429 1823 1591 1859 Schicchi
1620 1822 1777 1867 furioso,
1806 1822 1848 1858 dc·

1087 1885 1158 1919 quo
1186 1873 1255 1920 jam
1283 1872 1411 1909 fecerat
1439 1874 1655 1910 mentionem
1672 1900 1681 1908 .
1710 1876 1756 1908 Et
1780 1873 1847 1909 hoc

1088 1923 1174 1958 facit
1203 1925 1327 1972 magna
1354 1933 1452 1969 arte,
1495 1934 1534 1960 ut
1570 1933 1766 1960 revertatur
1806 1923 1847 1959 ad

1089 1973 1335 2009 declarandum
1353 2001 1363 2018 ‚
1405 1975 1489 2022 quid
1518 1974 1624 2010 fuerit
1652 1973 1848 2023 praedifflus

1091 2026 1254 2065 Vannes,
1300 2023 1338 2060 ἃ
1384 2025 1469 2073 quid
1516 2025 1665 2068 fecerit,
1710 2035 1850 2073 propter

1091 2075 1184 2121 quod
1223 2074 1263 2109 fit
1292 2075 1434 2122 punitus
1472 2075 1586 2111 furore
1622 2075 1728 2111 firnili
1770 2088 1850 2111 cum

1092 2124 1262 2170 Myrrha.
1292 2128 1385 2161 Nam
1423 2126 1558 2162 fuerant
1595 2126 1681 2162 socii
1718 2126 1754 2161 in
1784 2139 1851 2162 una

1092 2175 1204 2222 specie
1232 2177 1380 2225 culpae,
1417 2177 1496 2212 idco
1527 2178 1627 2225 ponit
1654 2190 1712 2212 eos
1740 2176 1851 2212 socios

1093 2226 1130 2262 in
1167 2226 1285 2262 eodem
1325 2241 1448 2275 genere
1487 2242 1642 2276 poenae,
1684 2227 1770 2263 licet
1798 2227 1852 2263 di-

1093 2276 1215 2312 stantes
1243 2290 1302 2325 per
1329 2278 1527 2327 longissima
1555 2289 1753 2326 temporum
1780 2277 1855 2327 spa—

1093 2328 1163 2362 tia.
1184 2328 1297 2376 Igitur
1318 2329 1358 2364 ad
1380 2329 1622 2378 cognitionem
1643 2329 1738 2364 istius
1756 2332 1853 2364 Van-

1093 2378 1147 2414 nis
1190 2379 1234 2414 est
1271 2378 1471 2422 sciendum,
1518 2381 1611 2428 quod
1658 2379 1776 2415 Bofius
1813 2379 1854 2415 de

1094 2429 1245 2465 Donatis
1273 2430 1313 2465 de
1342 2431 1545 2472 Florentia,
1574 2431 1660 2468 licet
1688 2432 1770 2466 effet
1790 2443 1853 2466 no-

1094 2479 1176 2516 bilis
1203 2479 1336 2524 Miles,
1364 2483 1396 2516 8<
1425 2483 1466 2518 de
1494 2481 1629 2518 familia
1658 2483 1853 2530 praeclara,

1094 2529 1162 2567 fuit
1189 2541 1307 2567 tamen
1334 2531 1376 2567 ad
1404 2541 1541 2582 tempus
1568 2547 1648 2569 cum
1678 2531 1757 2567 aliis
1785 2543 1849 2566 no—

1720 2581 1804 2617 bili-
