2216 3105
430 198 512 250 483
729 193 1186 238 BENVENUTI
1226 195 1669 240 JMoLENSIS
1857 204 1946 256 484

366 251 499 288 bilibus
518 277 654 292 ......
696 252 781 289 sicut
826 255 917 290 clare
958 252 1124 290 ostensum

368 302 414 337 est
441 301 538 351 supra
565 305 670 340 Cant.
693 306 804 340 XXV.
833 306 878 340 Et
899 318 941 340 ex
963 304 1057 340 furto
1079 303 1126 339 fe-

366 362 487 389 cerant
522 366 647 403 magna
684 355 798 391 lucra.
847 357 993 404 Propter
1033 355 1125 403 quod

363 403 511 440 veniens
537 404 580 441 ad
607 415 780 445 mortem,
818 406 1036 454 poenitentia
1063 406 1126 441 du-

365 454 465 498 etus,
493 455 715 504 relinquebat
743 470 785 492 ex
806 456 1012 492 testamento
1034 457 1124 492 mul-

364 513 409 543 ta
429 503 467 542 &
495 519 621 554 magna
647 508 762 555 legata
790 508 932 543 multis.
967 510 1021 543 Ex
1057 520 1125 555 quo

366 558 491 592 Simon
519 556 614 593 filius
639 557 715 605 ejus
745 557 894 593 sentiens
933 557 966 593 se
1003 571 1125 606 grava-
1152 560 1154 575 ‘¹

365 614 443 642 tum
472 607 686 646 hereditate,
723 607 928 644 subornavit
964 611 1124 643 Vannem

366 657 530 694 Schicchi
557 657 598 692 de
634 656 936 702 Cavalcantibus,
972 659 1035 705 qui
1070 658 1127 694 in-

366 707 479 743 travit
515 707 647 743 lcitum
684 707 772 744 dicii
809 708 924 748 Boin,
965 708 1006 745 ὅ(
1042 708 1127 744 fecit

365 757 632 797 testamentum,
661 758 744 806 quia
769 758 919 795 habebat
949 772 1070 794 vocem
1092 760 1125 794 &

365 809 546 858 loquelam
572 807 791 845 simillimam
819 809 898 846 illi.
941 810 1007 846 llle
1034 809 1128 845 inter
1153 824 1154 835 ³

365 860 437 897 alia
463 860 578 909 legata
605 859 740 909 legavit
765 859 829 896 fibi
854 859 918 909 ipsi
938 860 1126 909 quamdam

368 924 492 959 equam
522 887 815 959 pulcherrimam,
843 912 911 960 qua
937 912 1035 948 nulla
1055 920 1127 947 erat

368 961 524 1011 pulcrior
550 961 589 998 in
615 960 766 1002 Tuscia,
794 975 857 998 nec
883 962 1015 1001 carior..
1043 964 1127 997 Erat
1153 981 1155 994 :

368 1012 462 1048 enim
476 1012 512 1048 in
534 1012 648 1060 pretio
671 1012 772 1048 mille
785 1014 1036 1049 florenorum.
1061 1015 1127 1049 Re-

369 1064 502 1111 liquam
530 1062 679 1099 formam
709 1062 906 1099 testamenti
931 1063 1016 1100 fecit
1043 1063 1128 1099 sicut
1154 1110 1155 1115 1

368 1113 652 1161 praeordinatum
696 1122 769 1150 erat
814 1127 893 1150 cum
951 1114 1129 1162 praedicio

368 1165 532 1207 Simone,
572 1176 676 1213 quem
712 1164 860 1214 reliquit
897 1164 1155 1224 universalem*

372 1216 532 1254 heredem
545 1242 557 1252 .

617 1268 681 1303 Ad
708 1267 789 1312 Vers]
818 1267 877 1313 64.

419 1318 463 1353 Li
488 1317 675 1362 ruscelletti‚
704 1319 754 1353 che
777 1318 932 1353 de’verdi
957 1319 1029 1353 colli

418 1370 483 1404 Del
503 1369 652 1414 Casentin
671 1370 838 1417 discendum
854 1369 945 1416 giuso
961 1370 996 1404 in
1013 1373 1107 1405 Arno
1119 1396 1129 1412 ‚
1153 1351 1155 1402 ⁴}

369 1419 536 1456 Fluvium
564 1418 735 1456 famosum
762 1418 936 1462 Tusciae,
976 1419 1018 1455 de
1059 1432 1129 1467 quo

368 1480 441 1506 tam
470 1470 567 1518 saepe
593 1470 728 1506 dicium
758 1470 802 1505 est
829 1470 862 1504 8(
891 1469 1048 1505 dicetur:
1080 1469 1129 1503 de'

366 1522 460 1556 verdi
485 1521 556 1555 colli
580 1521 634 1555 del
652 1520 826 1564 Casemt'n.
855 1519 912 1555 Est
937 1520 1033 1555 enim
1058 1522 1128 1555 Ca—

367 1571 543 1607 sentinum
580 1579 740 1606 contrata
781 1569 875 1606 inter
911 1570 1154 1606 Florentiaml

366 1623 399 1656 δε
438 1621 630 1660 Aretium‚
671 1620 763 1668 quod
805 1619 1022 1656 territorium
1052 1632 1124 1656 erat

365 1681 450 1708 tunc
480 1672 647 1721 temporis
677 1670 865 1708 Comitum
894 1671 1099 1707 Guidonum
1118 1701 1126 1716 ,
1151 1688 1153 1699 ·

366 1735 429 1771 pro
457 1723 537 1757 dote
565 1722 696 1758 nobilis
725 1721 850 1770 jugalis
881 1722 1098 1757 Gualdradae
1118 1751 1126 1765 ‚

365 1773 451 1809 sicut
480 1771 592 1821 scripsi
621 1771 719 1820 supra
747 1771 854 1808 Cant.
885 1774 981 1807 XVI.
1008 1774 1126 1808 Arnus

366 1834 482 1859 autem
521 1822 650 1859 fluvius
693 1822 825 1858 dividit
867 1821 1126 1863 Casenfinum,

365 1875 399 1909 8<
428 1873 569 1922 colligit
596 1886 716 1908 omnes
737 1886 841 1920 aquas
863 1873 1022 1909 cadentes
1044 1873 1125 1909 hinc

365 1925 446 1960 inde
472 1925 514 1960 de
542 1924 723 1959 montibus
752 1923 849 1962 illis,
891 1937 975 1971 quas
1017 1925 1124 1959 claras

364 1977 398 2011 ὃ(
427 1974 559 2024 gelidas
586 1978 667 2011 vere
694 1974 739 2009 est
765 1974 973 2011 dele&abi1e
1007 1975 1124 2011 bibere
1146 1977 1148 1997 ¹¹

363 2025 516 2062 sitienti.
545 2025 627 2061 Ideo
654 2024 764 2061 dicit:

413 2077 559 2112 Facendo
587 2077 598 2110 ἱ
622 2077 670 2110 lor
696 2075 802 2111 canali
836 2076 945 2120 frea'di
971 2090 986 2111 e
1010 2077 1123 2112 molli.

362 2127 532 2165 Labendo
574 2140 634 2175 per
674 2126 821 2161 mundos
862 2126 994 2174 lapides
1044 2140 1123 2163 cum

363 2177 459 2214 dulci
487 2190 663 2214 murmure
691 2176 848 2213 salientis
874 2190 1007 2225 aquae.

609 2228 673 2262 Ad
700 2227 783 2272 Vers.
809 2239 871 2274 72.

414 2278 469 2313 Ivi
488 2280 503 2313 ὲ
523 2283 686 2317 Romena,
708 2278 744 2312 la
757 2277 831 2312 dov'
844 2278 873 2311 ie
891 2277 993 2321 falsa}
1009 2277 1079 2316 &a

363 2329 456 2364 Heic
493 2328 661 2377 Magister
687 2327 805 2364 Adam
846 2327 1042 2364 manifestat
1069 2330 1123 2364 lo-

362 2392 443 2415 cum
482 2378 686 2427 specialem,
732 2378 794 2413 ubi
835 2377 907 2425 ipse
942 2378 1148 2426 deliquit„

362 2429 481 2466 dicens
509 2433 670 2469 Romena,
705 2441 794 2476 quae
833 2427 879 2463 cst
906 2429 1017 2464 Terra
1046 2430 1122 2477 pul-
1145 2435 1148 2454 ὅ

362 2494 420 2516 cra
442 2481 477 2516 in
498 2478 715 2518 Casentino‚
744 2478 803 2514 ubi
830 2479 1019 2527 regnabant
1039 2489 1121 2515 tunc

362 2530 528 2567 Comites
556 2529 759 2574 Guidones,
795 2528 908 2574 estque
934 2528 995 2565 sita
1024 2530 1121 2578 juxta
1146 2539 1147 2544 ¹

364 2581 496 2618 flumen
526 2580 638 2617 Arni:
678 2582 733 2616 Ivi
752 2604 759 2618 ‚
786 2578 869 2616 idest
896 2579 934 2616 in
960 2580 1122 2618 Casenti·
1145 2606 1148 2620 .

1202 1519 1318 1564 ‚rari,
1356 1518 1396 1555 in
1434 1519 1545 1555 forma
1582 1519 1782 1569 sphaerica,

1166 258 1194 297 A
1232 267 1300 303 nog
1329 256 1362 290 la
1382 256 1455 291 aov'
1467 258 1496 291 io
1517 257 1618 301 salsar'
1639 258 1672 292 la
1695 258 1766 304 lega
1786 257 1990 306 suggellara,

1233 305 1314 342 idest
1341 306 1530 343 informata
1555 310 1609 342 del
1636 309 1785 350 Batisia,
1825 310 1918 359 quod
1947 310 1992 346 est

1231 356 1364 393 dicere:
1403 359 1462 394 ubi
1498 372 1565 408 ego
1593 358 1716 395 fallavi
1753 360 1921 395 Florenos
1949 362 1990 397 de

1233 408 1434 451 Florentia,
1461 409 1499 444 in
1526 410 1654 456 quibus
1680 409 1726 445 est
1746 410 1880 459 lculpta
1900 411 1991 446 ima-

1231 471 1274 506 go
1301 460 1469 502 Johannis
1504 460 1704 508 Baptistae,
1744 461 1807 508 qui
1848 461 1894 496 est
1931 474 1989 510 pa-

1232 518 1351 545 tronus
1397 510 1618 546 Florentiae.
1671 514 1717 546 Et
1758 510 1838 547 heic
1879 522 1991 557 nota,

1231 560 1323 605 quod
1350 559 1436 595 ficut
1461 560 1584 596 scribit
1613 561 1847 610 Philosophus
1868 562 1990 598 Primo

1234 610 1489 652 Politicorum,
1534 611 1623 646 olim
1674 622 1861 659 antequam
1908 613 1991 649 effet

1200 663 1202 665 ’
1231 659 1307 695 usus
1336 661 1523 707 pecuniae,
1550 660 1658 696 fiebat
1676 662 1914 697 commutatio
1937 677 1993 698 re·-

1231 723 1328 749 rum‚
1356 709 1441 746 sicut
1467 709 1684 746 frumentum
1710 712 1749 747 in
1776 710 1925 751 vinum,
1951 711 1991 749 ἃ

1233 761 1355 795 vinum
1395 761 1432 796 in
1470 762 1616 805 oleum,
1655 762 1690 797 &
1729 762 1780 797 ita
1821 762 1863 798 de
1890 761 1991 798 aliis.

1231 813 1277 846 Et
1318 811 1375 846 hic
1420 811 1567 856 modus,
1616 811 1704 848 sicut
1752 811 1826 861 ipse
1871 812 1962 849 dicit
1982 840 1992 858 ‚

1231 861 1342 897 adhuc
1371 861 1526 898 servatur
1562 862 1653 910 apud
1696 862 1834 911 aliquos
1871 864 1993 900 barba-

1230 925 1313 948 ros.
1354 912 1418 948 Sed
1460 913 1544 961 quia
1572 913 1633 949 ista
1659 914 1896 951 commutatio
1922 928 1994 950 non

1231 972 1303 998 erat
1330 964 1518 999 commoda
1548 963 1701 1001 humano
1729 965 1872 1014 generi,
1911 965 1994 1013 quia

1231 1012 1338 1049 homo
1368 1027 1437 1050 non
1469 1015 1575 1062 potest
1604 1024 1740 1063 portare
1781 1015 1897 1051 secum
1935 1029 1996 1051 ne-

1231 1063 1370 1099 cessaria
1398 1065 1439 1100 de
1467 1065 1687 1114 longinquo,
1714 1065 1875 1114 oportuit
1894 1065 1997 1102 inve-

1186 1113 1208 1133 “’
1230 1115 1300 1150 niri
1330 1115 1472 1163 aliquod
1503 1117 1662 1164 pulcrum
1690 1117 1887 1161 portabile,
1923 1130 1994 1164 quo

1228 1165 1437 1202 haberentur
1474 1168 1597 1203 vomnia
1640 1167 1857 1203 commoda.
1902 1168 1994 1204 Tale

1227 1226 1345 1252 autem
1374 1217 1419 1252 est
1447 1218 1643 1262 numisma,
1683 1217 1778 1265 quod
1818 1218 1866 1253 est
1893 1231 1992 1254 men-

1231 1266 1304 1303 sura
1327 1267 1492 1303 omnium
1520 1282 1657 1304 rerum.
1687 1268 1769 1304 Ideo
1792 1268 1922 1304 fastum
1947 1268 1992 1304 est

1228 1317 1270 1353 de
1298 1332 1383 1354 auro
1412 1320 1467 1354 vel
1494 1328 1641 1367 argento
1658 1345 1667 1362 ,
1695 1332 1783 1366 quae
1809 1318 1889 1354 sunt
1917 1332 1991 1365 per—

1229 1367 1318 1404 fePta
1366 1370 1532 1409 metalla,
1575 1369 1663 1406 ficut
1705 1368 1840 1405 dicium
1882 1368 1991 1404 estin

1230 1419 1451 1465 praecedenti
1476 1421 1619 1464 Cantu,
1655 1427 1695 1454 ut
1732 1419 1814 1455 effer
1851 1432 1991 1464 carum,

1228 1470 1261 1503 3<
1292 1468 1390 1517 parvi
1419 1469 1602 1517 ponderis,
1639 1468 1679 1506 &
1707 1478 1747 1506 ut
1774 1470 1883 1519 posset
1911 1483 1991 1519 por-

1829 1534 1917 1569 quae
1945 1521 1990 1557 est

1229 1568 1398 1618 pereria.
1439 1571 1501 1606 Sed
1539 1571 1622 1619 quia
1664 1571 1812 1606 difficile
1845 1580 1922 1607 erat
1950 1571 1989 1607 in

1226 1621 1325 1656 omni
1362 1621 1519 1656 emtione
1554 1621 1744 1668 ponderare
1781 1621 1988 1668 pecuniam,

1228 1671 1400 1719 lculptum
1444 1670 1513 1706 fuit
1539 1671 1686 1718 aliquod
1728 1670 1883 1720 signum,
1930 1685 1990 1720 per

1224 1721 1319 1768 quod
1365 1720 1536 1764 sciretur,
1581 1720 1708 1769 quanti
1755 1722 1917 1770 ponderis
1953 1724 1988 1758 ὃ(

1226 1770 1350 1818 quanti
1380 1771 1485 1819 pretii
1510 1772 1616 1807 effet.
1643 1772 1742 1807 Sicut
1770 1772 1921 1820 Baptista
1949 1773 1988 1808 in

1224 1822 1333 1858 Italia
1360 1822 1532 1870 lculpitur
1560 1822 1596 1857 in
1625 1824 1776 1858 Floreno
1814 1823 1990 1859 Florenti-

1225 1885 1377 1915 norum,
1412 1874 1447 1908 &
1485 1872 1630 1908 §ansius
1664 1872 1810 1908 Marcus
1846 1873 1884 1908 in
1913 1876 1989 1908 Du·

1223 1934 1305 1959 catu
1334 1926 1575 1966 Venetorum,
1602 1924 1636 1958 3<
1664 1923 1714 1958 ita
1735 1923 1775 1958 de
1795 1922 1895 1959 aliis.
1923 1923 1988 1960 Iste

1198 1964 1201 2021 Ι
1226 1987 1307 2022 ergo
1335 1972 1476 2009 falsavit
1503 1974 1693 2009 florenum
1721 1973 1759 2009 in
1801 1975 1983 2011 Romena:

1163 2023 1201 2055 E*
1224 2024 1304 2059 ideo
1331 2023 1441 2060 dicit:

1274 2074 1382 2109 Perch’
1396 2075 1428 2109 io
1455 2074 1480 2109 il
1503 2086 1592 2122 corpo
1614 2074 1653 2119 su
1676 2075 1747 2121 arfh
1770 2075 1885 2120 lafiiai
1900 2102 1911 2119 ,

1224 2125 1386 2165 scilicet,
1413 2124 1452 2161 in
1480 2125 1643 2166 Mundo,
1669 2125 1709 2162 in
1736 2135 1798 2162 tua
1824 2126 1983 2163 Civitate

1226 2176 1446 2211 Florentiae·

1276 2229 1340 2262 Ma
1364 2226 1390 2261 ,ς’
1408 2227 1436 2260 io
1461 2228 1577 2272 vedeffi
1603 2248 1876 2256 -------

1226 2277 1317 2313 Heic
1344 2277 1460 2313 Adam
1486 2277 1640 2318 ostenso,
1682 2278 1775 2326 quod
1815 2278 1877 2315 ubi
1906 2291 1982 2323 pec

1226 2328 1342 2368 cavit,
1364 2337 1508 2377 augetur
1524 2342 1634 2387 poena
1651 2329 1745 2377 ejus,
1765 2343 1858 2366 nunc
1870 2328 1982 2364 osten-

1225 2378 1298 2418 dit,
1326 2381 1418 2426 quod
1447 2380 1602 2416 maxime
1629 2381 1761 2416 relevet
1786 2379 1898 2415 sitim.
1936 2380 1983 2414 Et

1225 2429 1337 2472 dicit,
1363 2430 1457 2475 quod
1487 2443 1596 2478 poena
1625 2430 1859 2466 Domitiorum
1879 2427 1983 2476 ipsius

1226 2479 1296 2515 loci
1334 2480 1406 2515 visa
1442 2481 1517 2520 ibi.
1554 2480 1711 2517 maxime
1750 2479 1882 2515 sedaret
1906 2479 1982 2528 ejus

1227 2528 1340 2570 fitim,
1370 2530 1458 2567 unde
1485 2530 1600 2567 dicit.-

1871 2583 1933 2616 Per
