2216 3105
349 274 491 310 oportet
527 271 680 310 repetere
716 262 829 307 illud,
867 263 961 310 quod
989 264 1034 298 est
1069 263 1106 299 in

348 313 516 353 Infern0‚
555 313 718 358 scilicet,
755 315 934 361 quomodo
961 314 1105 363 quidam

346 364 456 399 Miles
485 363 628 400 nomine
657 365 930 400 Bondelrnontes
949 365 991 400 de
1013 366 1105 400 Bon-

346 414 607 459 delmontibus,
645 428 752 462 quum
789 416 857 451 iret
890 414 930 450 ad
959 414 1105 463 despon—

346 464 485 500 sandam
523 479 626 501 unam
661 466 703 501 de
740 466 925 507 Amideis,
963 479 1105 501 revoca-

345 523 402 550 tus
429 529 448 550 a
475 516 622 562 quadarn
663 515 818 550 Domina
844 516 887 551 de
925 516 1074 551 Donatis
1095 543 1104 558 ‚

345 578 434 612 quae
470 565 617 601 ostendit
654 565 715 600 sibi
753 565 862 600 filiam
901 565 995 600 suam
1033 565 1104 601 for-

345 615 565 651 mofiffimam
590 640 599 655 ‚
649 615 871 664 desponsavit
908 615 1010 651 illam
1054 615 1104 651 se-

344 667 493 701 cundam
512 693 520 701 .
548 669 602 701 Ex
630 679 700 713 quo
729 666 874 702 Amidei
892 694 902 709 ,
930 680 1103 702 convoca-

344 715 393 751 tis
422 717 676 764 principalibus
704 717 745 751 de
774 718 876 751 Parte
899 716 1101 755 Gibellina,
1131 752 1132 755 ,

344 766 479 801 scilicet
517 766 687 806 Ubertis‚
725 767 925 803 Lamberris
944 794 953 809 ,
981 768 1102 802 Abba·
1130 790 1132 803 ι

343 817 437 852 tibus
455 844 465 860 ,
492 818 526 851 δ(
549 817 628 852 aliis
646 844 655 858 ,
684 817 860 864 conquesti
890 816 967 852 sunt
986 817 1027 853 de
1049 817 1103 852 in—

343 868 463 917 juria.
501 869 549 902 Et
586 867 656 915 post
692 869 833 916 longam
871 867 1102 903 consultatio-

343 931 421 953 nem
437 946 446 961 ,
473 919 577 965 opera
599 917 747 953 Domini
770 918 911 953 Muscae
932 918 972 953 de
993 920 1102 954 Lam—

344 969 450 1004 bertis
471 996 479 1012 ,
508 969 650 1004 iverunt
678 968 893 1004 trucidatum
924 969 1100 1004 ευξὶοπεῑη

342 1019 511 1067 injuriae.
551 1022 655 1055 Nune
683 1033 764 1067 ergo
802 1019 842 1053 ad
880 1019 1019 1054 literam
1048 1020 1102 1054 di-

343 1070 393 1105 cit
421 1070 578 1106 AuEtor:
608 1073 659 1105 La
679 1070 784 1115 Casa,
811 1069 968 1114 scilicet,
997 1070 1102 1105 Ami-

343 1120 486 1156 deorum
503 1133 513 1155 t

393 1193 408 1197 —
436 1193 452 1197 —
478 1193 494 1198 —
521 1171 556 1205 di
582 1171 633 1205 che
661 1183 775 1218 „acque
803 1170 827 1204 il
851 1170 954 1213 vostro
972 1171 1075 1216 fleto,

342 1221 426 1257 idest
444 1249 453 1266 ,
483 1221 642 1270 planfflus
670 1222 704 1256 &
732 1221 857 1257 dolor.

392 1276 453 1307 Per
492 1274 522 1306 lo
561 1271 664 1319 giusto
705 1272 879 1319 disdegno,
920 1272 971 1306 che
1010 1271 1130 1307 v'ha1

443 1334 555 1367 morti,

342 1373 424 1421 quia
452 1373 589 1409 scilicet
613 1373 785 1422 praediSii
813 1372 1010 1409 habuerunt
1048 1374 1099 1421 ju-

340 1425 421 1459 stam
459 1423 594 1460 causam
630 1424 916 1472 indignationis,
955 1424 1036 1472 quia
1064 1438 1099 1460 e-

341 1475 463 1510 videns
492 1475 707 1510 contumelia
736 1474 829 1510 fuit.
858 1475 904 1508 Et
933 1474 1042 1509 dicit:

390 1528 422 1559 E
447 1526 529 1572 posto
549 1525 619 1570 fine
645 1527 679 1559 al
706 1525 806 1566 vostro
831 1524 928 1558 vt‘ver
953 1525 1046 1558 lieto.

339 1575 434 1621 Quia
463 1575 637 1622 hucusque
666 1573 867 1609 Florentini
905 1573 1097 1609 habuerant

336 1625 524 1673 pacificum
546 1624 583 1660 ἃ
606 1624 839 1670 tranquillum
860 1622 1004 1658 statum.
1028 1625 1095 1658 Po-

339 1675 403 1710 ssea
432 1688 514 1710 vero
552 1673 662 1709 saetae
700 1673 777 1709 sunt
814 1673 938 1708 civiles
966 1673 1096 1708 discor-

337 1726 415 1761 diae
443 1724 480 1760 &
508 1723 771 1770 partialitates‚
810 1737 852 1758 ex
890 1723 1016 1770 quibus
1045 1723 1094 1758 se-

335 1784 465 1822 quutae
502 1774 580 1809 sunt
621 1773 863 1821 expulsiones,
906 1773 1093 1810 incendia,

336 1825 476 1868 caedes,
505 1823 668 1872 praedae,
697 1821 1004 1871 peregrinationes
1032 1834 1093 1870 per

335 1875 503 1911 mundum
521 1886 531 1909 t
850 1908 853 1910 μ

384 1928 454 1961 Era
480 1935 609 1960 onorata
634 1944 864 1951 ------

334 1976 416 2025 quia
444 1975 663 2011 honorabilis
699 1973 852 2009 Familia
888 1971 958 2008 fuit
984 1973 1091 2009 Arni-

333 2031 499 2062 deorum.
525 2028 574 2061 Et
601 2025 716 2061 dicit:

383 2099 398 2104 -
426 2099 442 2104 -
468 2098 484 2104 -
510 2097 527 2103 -
554 2074 614 2123 effa
641 2090 656 2110 e
677 2075 748 2121 suoi
773 2075 930 2120 consorti;

334 2127 426 2176 quasi
461 2127 580 2167 dicat,
616 2140 688 2162 non
726 2125 864 2165 solum,
901 2124 997 2174 ipsa,
1034 2125 1088 2161 sed

334 2179 482 2214 etiami
504 2178 574 2222 suoi
600 2177 754 2222 consorti,
781 2177 919 2213 scilicet
947 2176 1089 2213 Ucelli-

334 2229 389 2268 ni,
417 2231 450 2265 &
475 2228 689 2265 Gherardini
706 2255 715 2265 .

381 2285 407 2313 O
430 2282 674 2314 Buondelmonte
698 2300 886 2306 —————

333 2329 424 2364 Heic
450 2331 686 2379 Cacciaguida
721 2330 946 2378 indignanter
972 2329 1089 2365 excla-

335 2388 408 2414 mat
436 2391 556 2417 contra
583 2380 739 2416 insanam
769 2380 951 2415 lasciviam
990 2381 1088 2425 juve-

335 2429 417 2469 nis,
455 2430 515 2476 qui
553 2431 593 2466 ad
631 2445 733 2467 unam
771 2430 1020 2479 persuasionem
1048 2443 1088 2464 u·

334 2479 413 2515 nius
449 2479 599 2515 feminae
626 2481 759 2517 dimisit
793 2481 968 2530 propriam
998 2493 1087 2515 uxo·

335 2543 430 2572 rem,
457 2531 490 2565 &
520 2531 667 2567 affurnsit
694 2546 796 2575 eam,
832 2545 920 2579 quae
946 2533 988 2568 de
1015 2531 1087 2580 jure

337 2582 401 2617 effe
429 2594 498 2617 non
527 2591 685 2629 poterat.
713 2582 819 2617 Unde
846 2581 958 2618 dicit:
987 2604 991 2608 -

723 202 1613 296 BENVENUTIAIMOLENSIS

1275 266 1301 295 Ο
1328 265 1595 308 Buondelmonte‚
1623 273 1738 311 quanto
1757 265 1821 300 mal
1837 210 1978 313 ξιῗςέῌὶί

1322 317 1368 347 Le
1395 328 1491 361 nozze
1511 316 1568 360 sue
1594 335 1824 342 ------

1220 360 1328 405 idest,
1371 364 1579 401 affinitatem
1620 364 1766 400 illorum
1802 365 1976 402 Amideo-

1219 425 1294 447 rum
1323 416 1414 450 male
1439 415 1617 459 dimisisti,
1656 416 1770 463 primo
1797 416 1852 450 tui
1880 417 1974 452 malo

1184 487 1187 500 ι
1216 461 1255 497 &
1284 463 1432 509 damno,
1461 465 1608 502 secundo
1636 465 1736 502 illius
1765 468 1878 501 Partis
1907 466 1973 501 Gi-

1218 513 1457 560 bellinomm,
1499 518 1533 551 δε
1569 518 1677 552 tertio
1714 526 1794 552 tuae
1830 516 1971 553 Civita-

1217 563 1281 599 tis.
1309 567 1355 600 Et
1378 566 1487 600 dicit:

1265 635 1281 640 -
1307 635 1323 641 -
1350 635 1366 642 —
1392 636 1409 641 —
1433 626 1489 659 per
1509 617 1562 662 gli
1587 617 1686 651 altrui
1711 617 1862 660 consorti!

1216 662 1376 705 scilicet,
1413 666 1453 700 ad
1493 664 1739 712 persuasionem
1767 667 1866 702 illius
1896 670 1969 704 Do-

1215 714 1330 750 minae
1358 715 1399 750 de
1428 716 1602 750 Donatis.
1639 718 1686 750 Et
1712 716 1792 750 ideo
1829 716 1970 760 subdit,

1214 773 1384 811 quantum
1413 765 1543 800 bonurn
1572 764 1754 813 sequutum
1784 764 1919 809 fuisset,
1947 767 1970 801 fi

1214 827 1405 862 numquam
1436 815 1709 851 Bondelrnontes
1738 815 1909 852 venissent
1929 816 1971 852 ad

1212 863 1413 900 Civitatem
1431 893 1440 909 ,
1468 866 1610 901 dicens:
1716 890 1720 891 γ

1264 916 1365 949 Μαίη·
1387 916 1532 960 sarebber
1558 916 1648 956 lieti,
1677 916 1727 950 che
1748 916 1804 961 son
1832 917 1917 959 tristi
1932 945 1942 960 ‚

1212 965 1294 1012 quia
1323 966 1457 1002 scilicet
1486 980 1556 1002 non
1594 966 1734 1015 sequuta
1772 966 1886 1001 fuisset
1914 967 1967 1002 di-

1211 1015 1297 1051 visio
1325 1018 1358 1051 ὃς
1387 1017 1571 1053 desti-ustio
1599 1016 1795 1055 Civitatis,
1823 1016 1845 1051 fi
1874 1017 1967 1052 anti-

1210 1079 1298 1113 quus
1335 1077 1439 1108 tuus,
1466 1068 1615 1116 -quando
1652 1067 1766 1114 primo
1803 1067 1967 1102 veniebat

1211 1117 1251 1151 ad
1288 1116 1519 1161 Civitatem,
1557 1118 1671 1154 fuisset
1706 1117 1891 1152 suffocatus
1928 1118 1966 1152 in

1210 1167 1356 1203 flumine
1384 1171 1494 1204 Ema.
1521 1169 1624 1204 Unde
1649 1168 1763 1204 dicit:

1260 1222 1299 1252 Se
1328 1220 1391 1254 Dio
1416 1218 1552 1265 t’aveffl’
1577 1221 1735 1255 conseduto
1761 1220 1806 1253 ad
1832 1221 1940 1258 Ema,

1211 1267 1372 1313 scilicet,
1411 1270 1503 1318 quod
1532 1270 1701 1305 habuisses
1729 1278 1825 1305 tuam
1855 1268 1965 1316 sepul—

1210 1328 1321 1354 turam
1361 1321 1398 1356 in
1437 1320 1581 1356 flumine
1624 1323 1736 1355 Erna.
1778 1319 1834 1354 Est
1870 1319 1964 1354 enim

1209 1371 1296 1405 Ema
1326 1369 1452 1407 fluvius
1482 1372 1666 1419 parvulus,
1694 1370 1819 1406 distans
1839 1383 1858 1405 a
1884 1371 1966 1404 Flo-

1209 1421 1320 1456 rentia
1351 1436 1408 1470 per
1435 1422 1503 1457 tria
1532 1421 1721 1457 milliaria.
1751 1421 1818 1456 Vel
1847 1419 1962 1455 dicas:

1206 1475 1246 1504 Se
1275 1472 1338 1504 Dio
1365 1471 1501 1516 t'avcffe
1527 1473 1685 1505 concedam
1711 1472 1755 1505 ad
1789 1474 1896 1511 Ema,
1932 1470 1964 1504 i-

1205 1519 1299 1561 dest,
1337 1520 1359 1553 si
1390 1519 1596 1555 remansisses
1632 1518 1684 1553 ibi
1721 1519 1762 1552 ad
1800 1518 1962 1552 habitan-

1205 1569 1309 1606 dum,
1338 1568 1389 1604 ita
1417 1569 1509 1616 quod
1537 1582 1607 1603 non
1631 1567 1774 1604 venisses
1793 1567 1963 1610 ulterius,

1205 1619 1343 1666 quando
1371 1620 1484 1667 primo
1505 1620 1668 1653 veniebas
1688 1619 1730 1651 de
1750 1619 1853 1652 Valle
1874 1619 1963 1650 Gra-

1205 1670 1241 1704 vi
1270 1669 1310 1705 ad
1340 1669 1569 1704 habitandum
1598 1665 1823 1702 Florentiae.
1854 1665 1961 1702 Unde

1205 1719 1314 1753 dicit:

1255 1772 1304 1802 La
1329 1768 1433 1814 prima
1458 1770 1549 1803 volta
1575 1768 1654 1803 ch'a
1680 1767 1771 1802 Cim>
1798 1767 1933 1809 venisti·

1204 1818 1338 1854 Dicunt
1367 1819 1462 1854 enim
1490 1819 1623 1866 aliqui,
1651 1818 1742 1865 quod
1772 1820 1859 1853 Ema
1880 1831 1960 1854 curn

1202 1868 1263 1904 suo
1291 1869 1472 1905 territorio
1495 1870 1540 1905 est
1560 1870 1601 1905 de
1621 1868 1959 1904 Bondelmontibus.

1253 1923 1315 1954 Ma
1342 1920 1520 1961 convenias?
1545 1940 1731 1947 -----

1203 1970 1295 2006 Heic
1321 1971 1556 2019 Caeciaguida
1584 1984 1626 2006 ex
1656 1978 1769 2005 morte
1805 1969 1959 2005 Bondel-

1202 2020 1333 2056 montis
1349 2021 1465 2068 arguit
1486 2022 1619 2056 malurn
1635 2020 1818 2068 augurium
1832 2045 1842 2059 ,
1864 2019 1959 2066 quod

1202 2070 1464 2119 praenuntiavit
1498 2070 1652 2105 futuram
1677 2069 1878 2104 effusionem
1908 2069 1960 2103 ci-

1202 2121 1284 2156 vilis
1312 2119 1508 2169 sanguinis.
1539 2123 1631 2156 Nam
1664 2120 1836 2154 Dominus
1863 2121 1959 2154 Bon-

1200 2172 1395 2207 delmontes
1425 2171 1493 2206 fuit
1530 2170 1734 2206 interfe5³ms
1771 2180 1853 2212 ante
1879 2172 1958 2205 Sta-

1202 2232 1296 2258 tuam
1332 2221 1484 2258 Martis.
1521 2224 1641 2267 Quum
1666 2234 1750 2269 vergo
1788 2222 1884 2255 Mars
1916 2219 1958 2255 fit

1201 2276 1294 2308 Deus
1322 2272 1429 2315 belli,
1463 2273 1499 2307 δ(
1526 2273 1674 2321 gaudeat
1701 2272 1864 2320 ianguine
1892 2270 1957 2306 hu-

1200 2337 1305 2359 rnano
1325 2351 1336 2366 ‚
1383 2324 1469 2359 bene
1511 2323 1739 2359 sacrificatum
1783 2321 1850 2357 fuit
1893 2320 1955 2356 fibi

1199 2374 1363 2423 sanguine
1391 2374 1543 2409 humano
1570 2374 1690 2409 istius.
1720 2372 1819 2406 Dicit
1846 2383 1951 2419 ergo:

1251 2428 1314 2459 Ma
1341 2425 1536 2465 conveniast',
1563 2425 1614 2459 che
1641 2427 1671 2458 F
1675 2425 1799 2468 iorenza
1819 2420 1895 2467 f⁰ff⁶

1251 2477 1386 2510 'Vittima
1412 2495 1682 2502 -------

1198 2526 1282 2562 idest
1299 2553 1310 2572 ‚
1335 2526 1548 2562 sacrificium
1578 2525 1754 2575 sanguinis
1782 2522 1927 2606 hissfnani
1943 2544 1954 2565 5

1833 2581 1903 2606 icut
