2216 3105
426 204 510 245 415
711 190 1178 238 BENVENUTI
1214 197 1658 241 JMOLENSJS
1843 205 1931 253 416

369 248 462 294 quod
491 247 582 284 male
608 247 746 285 deberet
773 250 950 288 succedere
981 254 1124 289 Floren-
1151 254 1207 293 zA!
1232 257 1323 305 quod
1360 257 1400 293 de
1440 257 1604 306 proximo
1640 256 1700 292 ista
1742 257 1834 292 mala
1862 270 1988 294 evene-

368 297 457 332 tiae.
503 298 602 334 Unde
629 310 816 349 auguratur
843 302 904 338 fibi
932 302 1124 339 infelicita—

369 354 440 382 tem
478 348 520 384 de
548 349 710 397 proximo
753 362 978 393 eventuram,
1015 354 1124 390 osten—

368 396 451 432 dens
488 399 581 446 quod
620 413 691 436 non
727 402 795 438 erit
831 403 1007 452 impunita
1044 405 1124 440 diu.

365 448 413 482 Et
440 448 592 485 reflefflt
620 452 659 486 ad
687 451 781 487 suam
819 453 987 490 visionem
1029 455 1123 500 prin-

367 497 539 545 cipalem,
566 500 603 535 in
633 515 699 549 qua
728 501 831 550 fingit
858 503 891 539 se
919 504 1123 552 praevidisse

365 548 537 596 quidquid
575 550 720 587 scribit.
763 555 809 588 Et
851 555 929 588 vult
971 555 1122 591 breviter

365 599 502 639 dicere,
546 601 639 647 quod
677 600 699 635 fi
729 602 801 649 ejus
830 602 915 638 vifio
956 617 1026 639 non
1054 605 1121 640 fuit

364 660 475 692 vana,
506 651 684 686 Florentia
712 651 786 686 cito
812 653 887 688 luet
903 667 1028 701 poenas
1044 654 1121 690 suo-

362 711 440 733 rum
477 699 642 736 sce-lerum
681 710 821 749 propter
857 706 969 738 multa
996 714 1122 740 ventu-

361 761 425 791 ra,
464 763 551 798 quae
595 760 720 800 optant
746 751 808 788 fibi
848 753 975 789 multi.
1019 754 1120 790 Dicit

363 811 445 847 ergo
462 812 470 834 ε

412 853 463 884 Tu
486 851 621 895 sentt'rat'
646 852 683 887 di
709 855 771 899 qm?
797 854 841 889 da
864 854 976 901 picciol
1000 865 1119 902 tempo.

360 899 442 935 Hoc
470 901 515 936 est
542 902 680 942 dicere,
709 905 745 938 in
775 904 896 954 brevi3

410 951 460 986 Di
499 954 588 999 quel,
630 955 680 988 che
706 958 803 989 Prato
818 979 829 994 ,
871 969 931 990 non
958 955 1002 990 σῖγ’
1017 956 1117 1000 altri,

461 1002 639 1050 t'agogna.

359 1051 466 1096 Qtasi
494 1052 614 1097 dicat,
642 1054 683 1090 de
710 1069 751 1091 eo
780 1057 894 1095 malo,
932 1056 1025 1105 quod
1062 1056 1119 1092 vi-

360 1102 434 1137 cini
461 1103 537 1147 tui,
565 1104 695 1141 subditi
723 1105 814 1150 tibi,
842 1108 973 1142 latrant
998 1116 1118 1142 contra

359 1161 415 1195 te,
457 1153 682 1202 imprecando
722 1156 790 1191 tibi
835 1170 959 1206 magna
1001 1159 1092 1192 mala
1110 1184 1118 1192 .

357 1202 415 1237 Est
442 1205 537 1240 enirn
567 1208 708 1242 Pratum
736 1207 856 1242 nobile
885 1208 1040 1243 Castrum
1062 1208 1118 1243 in-

358 1262 412 1288 ter
440 1257 656 1292 Florentiam
694 1256 731 1294 ἃ
763 1258 967 1294 Pistorium.
1004 1257 1117 1307 Cujus

358 1303 573 1342 habitatores
611 1309 703 1343 male
749 1310 1042 1344 contentabantur
1077 1309 1118 1344 de

356 1354 519 1392 dominio
548 1358 857 1394 Florentinorum.
889 1362 934 1394 Et
963 1359 1047 1394 sicut
1075 1359 1118 1393 est

357 1404 399 1439 de
427 1418 523 1442 more
550 1406 767 1444 subditorum
788 1436 796 1451 ,
838 1410 1007 1456 optabant
1043 1409 1117 1444 illis

358 1454 646 1503 destruffionem,
675 1461 732 1495 vel
760 1459 1029 1508 depreffionem.
1071 1461 1117 1494 Et
1145 1462 1147 1498 Ξ

357 1505 466 1542 dicit:

407 1578 635 1585 ------
663 1573 723 1594 non
750 1559 795 1594 ch’
809 1561 888 1595 altri
902 1585 912 1600 ³

355 1605 460 1646 idest,
498 1608 624 1645 nedum
668 1610 856 1650 extranei,
898 1613 931 1646 ἃ
975 1609 1117 1646 inimici
1157 1634 1197 1650 »ι

355 1657 432 1696 tui,
469 1657 554 1694 ficut
597 1660 734 1700 Pisani,
777 1661 948 1701 Aretini,
988 1661 1026 1697 δὲ
1055 1661 1117 1696 alii

357 1707 483 1743 multi.
520 1711 567 1744 Et
611 1710 688 1746 heic
733 1720 840 1755 nota,
883 1712 974 1759 quod
1005 1712 1148 1759 aliqui*

356 1756 560 1805 ignoranter
586 1761 708 1797 dicunt
725 1786 734 1799 ,
772 1762 863 1809 quod
893 1762 1031 1797 Aufflor
1058 1776 1118 1797 ne-

357 1806 500 1844 sciverit
536 1811 621 1858 quid
658 1812 809 1851 dixerit,
847 1813 928 1860 q‘uia
971 1814 1012 1847 ab
1054 1812 1117 1848 isto
1147 1814 1149 1823 '

357 1867 515 1907 tempore
552 1861 639 1897 citra
677 1863 857 1899 Florentia
899 1863 940 1898 de
983 1863 1039 1898 die
1079 1864 1116 1898 in

358 1908 450 1944 diem
480 1910 612 1960 semper
639 1912 708 1948 fuit
735 1913 771 1948 in
801 1927 928 1962 magno
952 1912 1057 1953 flore,
1083 1915 1116 1948 Sc

358 1961 512 1996 multum
540 1963 700 1998 extendit
727 1965 797 1999 alas
835 1964 1013 2012 potentiae
1041 1964 1118 2000 suae

360 2008 457 2057 supra
486 2012 623 2049 vicinos
650 2014 745 2051 suos.
775 2016 868 2063 Ergo
889 2027 959 2049 non
980 2014 1017 2049 in
1042 2015 1118 2050 bre-

360 2060 397 2095 vi
425 2073 616 2099 evenerunt
642 2078 702 2105 ea,
738 2078 826 2113 quae
862 2065 914 2100 sui
944 2065 1054 2101 vicini
1083 2067 1116 2100 &

361 2110 547 2149 adversarii
575 2115 760 2164 imprecati
790 2115 928 2151 fuerunt
948 2115 1029 2151 fibi.
1058 2116 1117 2151 Ad

361 2162 453 2208 quod
493 2165 599 2210 potest
638 2166 867 2214 responderi,
922 2166 1015 2214 quod
1056 2166 1117 2201 ista

360 2216 621 2257 praenuntiatio
649 2226 722 2251 erat
749 2215 950 2256 verificam,
978 2217 1117 2264 quando

359 2262 498 2299 Αυὲὶοι·
533 2265 593 2301 ista
630 2266 819 2302 scribebat.
860 2267 956 2312 Quia
993 2281 1051 2313 per
1078 2281 1116 2302 ea

356 2321 536 2358 tempora,
580 2316 705 2363 quibus
745 2316 883 2353 Au&or
910 2317 1069 2352 exulavit
1097 2331 1115 2352 a

356 2364 490 2409 patria,
519 2368 630 2401 multa
658 2369 691 2401 δ(
721 2380 845 2415 magna
873 2368 964 2402 mala
990 2380 1114 2402 evene-

356 2422 438 2447 runt
464 2413 522 2450 illi
551 2416 672 2459 Urbi,
710 2416 795 2452 ficut
840 2418 931 2452 bella
969 2417 1114 2456 civilia,
1142 2443 1144 2465 3

355 2462 538 2505 incendia,
577 2467 707 2515 spolia,
747 2466 784 2503 δε
813 2467 881 2502 alia
909 2481 1033 2516 magna
1061 2468 1113 2503 di-

355 2512 495 2560 spendia
530 2517 565 2552 &
600 2517 780 2554 scandala.
818 2520 865 2554 Et
902 2528 940 2554 ut
968 2518 1113 2560 videas,

1232 316 1330 347 rant,
1345 309 1429 343 volo
1448 318 1481 343 te
1498 308 1602 347 scire,
1619 307 1711 355 quod
1727 307 1763 343 in
1776 309 1986 344 MCCCIH.

1231 356 1434 394 Cardinalis
1462 358 1502 394 de
1532 360 1635 393 Prato
1664 358 1879 406 praediffius,
1922 372 1987 393 no—

1233 408 1326 444 mine
1355 408 1504 448 Nicola‚
1543 408 1599 444 vir
1626 408 1845 444 astutiffimus
1872 410 1905 443 &
1935 408 1986 444 sa—

1231 458 1451 506 gaciffimus,
1480 473 1600 507 parum
1628 459 1778 507 diligens
1809 459 1986 494 Florenti—

1231 521 1313 548 nos,
1351 510 1467 545 miffus
1504 509 1548 545 est
1584 509 1800 545 Florentiam
1838 523 1856 544 a
1894 512 1984 557 Papa

1231 559 1420 595 Benedifiio
1449 561 1508 594 XI.
1538 560 1599 607 qui
1635 559 1789 595 successit
1816 559 1984 608 Magistro

1232 609 1436 652 Bonifacio,
1486 622 1566 644 nam
1621 611 1763 644 volebat
1804 610 1985 657 pacificare

1231 659 1454 694 Florentinos
1481 668 1565 694 tunc
1592 658 1787 694 discordes.
1824 660 1887 694 Sed
1916 673 1985 695 non

1231 710 1349 743 valens
1386 708 1595 744 concordare
1646 722 1725 752 eos,
1771 707 1884 743 dixit:
1933 713 1986 744 Ex

1230 772 1286 805 quo
1314 772 1373 793 non
1399 759 1503 793 vultis
1530 757 1794 798 benediflionera,
1834 771 1987 793 remanete

1230 810 1263 842 in
1299 809 1536 844 maledichone.
1578 811 1625 844 Et
1660 809 1985 845 excommunicavit

1229 859 1447 894 Civitatem.
1488 861 1597 895 Anno
1642 859 1826 906 sequenti,
1876 873 1984 907 quum

1229 908 1439 956 speraretur,
1467 910 1558 957 quod
1590 911 1762 945 Dominus
1784 910 1983 946 Cardinalis

1228 968 1370 1006 poneret
1398 972 1516 1007 pacem
1544 959 1637 996 inter
1663 961 1770 996 Cives
1807 961 1984 997 Florenti-

1227 1022 1316 1053 nos,
1359 1009 1542 1045 secundum
1582 1024 1702 1046 eorum
1731 1024 1863 1046 morem
1892 1011 1985 1046 anti-

1226 1073 1358 1107 quum,
1401 1059 1557 1095 fecerunt
1597 1060 1634 1096 in
1674 1060 1843 1096 Kalendis
1889 1060 1984 1109 Maji

1227 1123 1392 1159 magnum
1420 1110 1538 1146 festum
1554 1137 1563 1146 .
1591 1112 1638 1145 Et
1658 1110 1890 1159 unusquisque
1911 1125 1984 1146 cer—

1225 1161 1329 1196 tatim
1369 1161 1559 1197 conabatur
1596 1160 1707 1196 facere
1733 1174 1825 1197 nova
1853 1161 1984 1209 speRa·

1228 1213 1328 1247 cula.
1361 1212 1460 1247 Inter
1487 1212 1575 1247 alios
1603 1210 1661 1247 illi
1688 1211 1729 1247 de
1758 1213 1874 1260 Burgo
1901 1214 1986 1248 San-

1225 1262 1274 1297 &i
1304 1261 1462 1298 Fridiani
1490 1260 1648 1298 fecerunt
1675 1261 1883 1310 proclamari
1921 1275 1983 1308 pu-

1226 1313 1338 1352 blice,
1375 1312 1469 1360 quod
1510 1313 1723 1360 quicumque
1759 1313 1869 1347 vellet
1896 1310 1982 1348 scire

1225 1376 1315 1398 nova
1343 1362 1383 1398 de
1412 1362 1483 1397 alio
1510 1362 1675 1406 Mundo,
1703 1362 1841 1397 deberet
1862 1362 1983 1398 venire

1223 1412 1259 1448 in
1295 1412 1463 1447 Kalendis
1490 1413 1581 1460 Maji
1611 1412 1652 1447 ad
1681 1414 1828 1447 Pontem
1856 1414 1981 1448 Carra-

1223 1463 1312 1498 riae.
1356 1465 1402 1497 Et
1430 1463 1467 1497 in
1495 1465 1595 1497 Arno
1624 1461 1768 1498 flumine
1796 1462 1982 1498 ordinave-

1223 1522 1303 1548 runt
1332 1512 1456 1547 solaria
1485 1511 1583 1560 super
1612 1513 1746 1548 barchis
1774 1514 1807 1547 ὃς
1837 1513 1983 1548 navicu-

1222 1563 1286 1598 lis.
1315 1564 1361 1597 Et
1388 1562 1543 1598 fecerunt
1571 1563 1756 1610 quamdam
1785 1562 1981 1598 simulatam

1224 1613 1574 1661 repraesentationem
1612 1612 1744 1648 Inferni
1780 1626 1858 1648 cum
1887 1613 1983 1662 igni-

1225 1665 1306 1703 bus,
1333 1665 1380 1703 ὃς,
1396 1663 1475 1698 aliis
1504 1663 1624 1710 poenis
1651 1664 1685 1697 &
1713 1662 1919 1711 suppliciis;
1948 1664 1984 1698 δε

1224 1714 1382 1748 homin-es
1420 1712 1710 1761 transfiguratos,
1753 1714 1786 1747 &
1829 1715 1983 1748 Daemo-

1196 1777 1281 1811 ,ncs
1318 1763 1522 1806 horribiles,
1566 1764 1599 1798 δ(
1637 1763 1724 1798 alios
1761 1763 1883 1799 modos
1920 1762 1980 1799 sub

1225 1814 1335 1862 specie
1356 1813 1549 1849 animarum
1563 1841 1571 1848 .
1592 1816 1638 1849 Et
1659 1813 1868 1849 videbantur
1889 1816 1981 1849 Dae-

1196 1882 1198 1886 ·
1226 1878 1343 1899 mones
1372 1864 1512 1899 mittere
1540 1864 1673 1899 animas
1700 1864 1792 1899 intra
1828 1864 1887 1899 ista
1921 1877 1983 1899 va-

1196 1913 1198 1920 *
1224 1915 1274 1950 ria
1301 1916 1334 1949 &
1364 1914 1516 1949 crudelia
1556 1922 1730 1949 tormenta
1759 1926 1835 1949 curn
1866 1914 1981 1949 maxi-

1197 1973 1198 1980 *
1226 1966 1290 2000 niis
1318 1964 1529 2000 clamoribus
1556 1965 1589 1999 8<
1619 1964 1798 1999 horrendis
1826 1963 1981 1999 stridori-

1226 2017 1285 2051 bus
1314 2014 1389 2050 visu
1417 2016 1450 2049 δε
1489 2015 1630 2050 auditu.
1673 2014 1847 2050 Novitate
1885 2015 1981 2063 cujus

1197 2093 1198 2103 2
1225 2065 1410 2114 l‘pcfflaculi
1438 2074 1533 2101 totus
1570 2065 1723 2113 Populus
1759 2064 1912 2101 cucurrit
1941 2065 1981 2100 ad

1225 2115 1413 2151 videndum
1436 2142 1444 2151 .
1496 2115 1598 2151 Unde
1643 2118 1733 2151 Pons
1778 2114 1981 2158 Can-ariae,

1225 2166 1285 2214 qui
1314 2176 1397 2202 tunc
1425 2174 1498 2201 erat
1525 2166 1567 2202 de
1593 2166 1807 2214 lignamine,
1844 2165 1981 2201 onustus

1226 2231 1349 2265 magna
1377 2216 1629 2256 multitudine,
1668 2216 1796 2252 cecidit
1836 2216 1873 2251 in
1911 2217 1981 2250 Ar—

1225 2281 1308 2302 num
1336 2280 1415 2303 cum
1444 2267 1510 2311 iis,
1538 2267 1599 2315 qui
1625 2276 1721 2303 erant
1741 2266 1900 2314 desuper.
1927 2268 1980 2300 Ex

1195 2321 1198 2344 ἕ
1225 2331 1295 2365 quo
1322 2318 1427 2353 multi
1459 2318 1589 2353 mortui
1627 2317 1704 2353 sunt
1732 2318 1766 2352 8<
1798 2314 1981 2354 suffocati,

1224 2370 1257 2403 ὃς
1295 2369 1400 2403 multi
1437 2368 1478 2403 de
1519 2368 1660 2417 persona
1706 2366 1884 2403 destruffl.
1925 2365 1981 2400 Ita

1224 2419 1316 2466 quod
1356 2418 1476 2455 Ludus
1519 2418 1688 2454 confistus
1728 2415 1909 2452 conversus
1936 2414 1982 2450 est

1223 2470 1260 2504 in
1289 2483 1360 2504 rem
1390 2482 1528 2504 veram.
1558 2472 1651 2504 Nam
1673 2467 1800 2509 multi,
1827 2465 1888 2513 qui
1909 2465 1983 2513 spe-

1194 2511 1196 2531 ⁸
1224 2519 1366 2555 &abtim
1387 2519 1567 2555 infernum
1592 2518 1815 2560 simulatum,
1843 2517 1987 2552 iverunt

1893 2566 1936 2602 ad
