2216 3105
429 295 446 300 -
472 233 531 302 -3-
561 295 577 301 -
605 295 622 302 -
649 288 664 309 e
690 274 861 321 Bonisazr'o

377 325 471 362 Heic
500 325 664 361 nominat
691 327 800 361 alium
830 339 993 374 magnum
1025 326 1140 362 Galli-

378 388 482 415 cum,
519 376 582 423 qui
621 386 758 423 poterat
807 376 888 412 stare
926 390 1003 412 cum
1052 380 1140 423 Papa

377 424 543 461 Martino
572 427 735 463 Gallico.
773 430 889 473 Quem
929 429 1012 462 bene
1040 428 1141 475 ponit

375 474 479 519 heic,
517 477 599 525 quia
628 478 761 513 Gallici
792 482 869 513 lunt
904 491 1024 513 omnes
1053 478 1142 512 ami-

377 526 410 561 ci
440 529 541 574 gulae
569 529 601 563 8<
641 528 742 564 vini.
780 530 826 563 Et
867 527 949 575 quia
992 527 1140 563 Praelati

376 577 534 612 maxime
563 579 724 614 laborant
753 578 876 613 morbo
912 579 1036 626 gulae.
1079 579 1140 614 [ste

378 636 494 662 autem
524 627 595 664 fuit
616 628 911 676 Archiepiscopus
937 631 1138 664 Ravennae.

377 678 432 713 De
461 678 557 725 cujus
585 681 666 727 gula
688 679 826 714 Aueior
846 678 1026 714 audiverat
1049 680 1140 713 rnul-

378 736 434 766 ta,
462 728 544 763 dum
574 729 674 764 staret
704 732 910 764 Ravennae.
950 729 1051 764 Dicit
1087 742 1140 763 er-

376 790 442 826 go:
475 779 550 812 V1di
579 780 773 825 Bonisaqt'o:
803 792 874 814 non
902 778 1018 823 dicas,
1055 778 1140 814 sicut

377 827 484 863 multi
514 828 704 871 dixerunt,
732 830 824 877 quod
854 829 911 864 hic
937 829 1139 865 Bonifacius

378 877 486 914 fuerit
522 879 616 915 filius
655 880 825 916 Ubaldini
864 880 1056 927 praediffi.
1094 882 1139 915 Ee

379 928 546 965 describit
582 944 660 966 euni
703 931 744 966 ab
786 930 937 979 insignio
975 930 1138 979 singulari

381 993 526 1028 magnae
554 981 739 1029 dignitatis
768 981 866 1024 suae,
895 981 1033 1016 dicens:

429 1031 495 1065 Che
518 1032 642 1078 pastui&
669 1033 713 1066 col
741 1046 818 1066 rocco
844 1034 936 1065 molte
959 1032 1050 1079 genti
1064 1059 1072 1068 .

379 1081 475 1127 Quia
523 1082 817 1131 Archiepiscopus
872 1085 1054 1118 Ravennas
1094 1082 1138 1117 est

380 1146 525 1180 magnus
556 1132 696 1177 Pastor,
740 1133 799 1181 qui
844 1133 992 1168 habebat
1021 1133 1079 1168 sub
1108 1132 1139 1168 se

381 1186 512 1218 multos
541 1183 730 1232 Episcopos
760 1183 989 1232 suffraganeos
1017 1184 1058 1219 ab
1087 1185 1139 1219 A-

380 1234 512 1269 rimino
550 1233 654 1281 usque
702 1236 885 1270 Parmam.
932 1236 980 1269 Et
1026 1234 1135 1269 dicit:

380 1288 424 1320 col
453 1298 528 1319 rocco
543 1299 561 1328 ‚¹
599 1298 678 1319 nam
716 1298 821 1332 quum
852 1284 957 1320 ceteri
988 1284 1137 1321 pastores

381 1335 528 1371 habeant
574 1335 707 1382 virgam
771 1336 976 1371 Pastoralem
1027 1346 1138 1371 retor-

381 1396 475 1425 tam,
519 1385 576 1421 iste
618 1386 721 1422 habet
766 1395 879 1421 totam
924 1385 1057 1433 virgam
1086 1400 1138 1422 re—

379 1437 494 1478 giam.
523 1436 560 1472 &
589 1436 625 1472 in
655 1436 855 1472 summitate
882 1437 1068 1473 rotundam
1096 1437 1137 1472 ad

379 1490 521 1523 modum
552 1488 719 1530 Calculi,
748 1487 816 1522 sive
847 1487 998 1522 Rocchi.

431 1540 507 1573 Vidi
535 1536 648 1583 Meffer
673 1538 833 1582 Marchese
858 1557 1087 1564 ------

379 1590 471 1625 Heic
515 1589 644 1623 ultimo
690 1590 793 1622 Poeta
832 1587 993 1622 nominat
1028 1589 1135 1623 alium

378 1639 495 1674 virum
526 1647 727 1684 potentem.
770 1639 816 1672 Et
852 1637 972 1672 transit
1000 1637 1040 1672 de
1071 1640 1137 1673 Ra-

378 1703 491 1725 venna
521 1687 740 1727 leivium,
782 1687 840 1722 ubi
869 1687 948 1722 sunt
976 1688 1136 1723 meliores

379 1749 584 1787 potatores;
613 1739 644 1773 8(
676 1738 821 1772 meliora
851 1738 952 1772 vina.
982 1737 1042 1771 Iste
1070 1737 1137 1772 fuit

380 1790 511 1826 nobilis
540 1790 649 1824 Miles
677 1789 718 1823 de
746 1787 963 1836 Argugliosis
991 1787 1031 1822 de
1054 1790 1137 1822 For-

379 1841 470 1877 livio
493 1867 501 1881 ‚
531 1849 626 1887 pater
656 1838 830 1872 Dominae
860 1841 1011 1879 Laetae,
1051 1850 1138 1883 quae

378 1891 447 1926 fuit
486 1900 596 1925 mater
638 1888 787 1923 Domini
839 1887 1045 1923 Bernardini
1098 1887 1138 1923 de

378 1942 525 1977 Polenta
544 1967 553 1984 ‚
596 1938 657 1987 qui
687 1937 756 1974 suit
783 1938 958 1974 Dominus
1001 1940 1138 1973 Raven-

379 2002 521 2027 natum.
563 1990 645 2025 Fuit
681 1988 740 2024 iste
787 1989 842 2023 vir
888 1988 1055 2032 curialis,
1100 1987 1137 2024 ἃ

379 2043 453 2092 pla
460 2042 535 2077 idus
578 2041 755 2075 multum.
802 2039 908 2074 Unde
945 2052 1053 2086 quum
1091 2039 1140 2074 se—

381 2093 451 2128 mel
493 2091 666 2140 adjuraret
695 2090 903 2125 Pincernam
944 2089 1064 2133 suum,
1102 2099 1142 2124 ut

379 2143 440 2178 sibi
480 2142 631 2180 diceret,
673 2140 758 2188 quid
800 2140 974 2175 diceretur
1009 2140 1050 2175 de
1078 2153 1140 2182 eo,

382 2192 420 2229 ἃ
448 2193 514 2227 illo
541 2191 769 2239 respondente
796 2190 954 2236 trepide:
986 2190 1141 2232 Domine,

378 2245 514 2283 dicitur,
542 2244 623 2289 quod
650 2255 816 2288 numquam
838 2241 970 2284 facitis,
998 2240 1060 2281 nist
1085 2241 1133 2275 bi-

379 2296 469 2336 bere,
466 2308 475 2316 ·
501 2293 594 2328 daxit
622 2292 795 2327 ridenter:
836 2294 884 2325 Et
923 2305 1016 2337 quare
1044 2304 1134 2324 num-

378 2357 471 2391 quam
497 2344 546 2377 di:
549 2353 627 2383 unt,
654 2343 736 2389 quod
758 2342 856 2387 sempe
860 2354 874 2374 r
897 2341 998 2382 sitio?
1036 2341 1134 2376 Dicit

379 2407 460 2442 ergo
487 2393 680 2428 deicribens
717 2405 795 2427 eum
825 2405 842 2426 a
870 2391 1014 2425 nomine
1056 2404 1135 2436 ρτο-

378 2455 478 2493 prio:
520 2444 595 2477 Vm'i
636 2441 751 2488 Meffer
791 2441 971 2485 ,Mn-,rhese
1013 2443 1133 2486 Quum

379 2493 518 2531 Aufi‘tor
547 2492 705 2528 nominet
732 2502 803 2527 tam
835 2493 964 2527 multos
993 2491 1134 2526 Milites

379 2545 417 2581 in
446 2553 525 2580 toto
554 2544 716 2577 poemate
744 2542 830 2581 suo,
867 2554 1055 2588 numquam
1085 2541 1134 2575 fa-

382 2596 431 2631 eit
459 2594 559 2631 istum
586 2592 756 2628 honorem
784 2590 935 2638 Mcffere,
963 2592 1045 2628 idest
1070 2590 1178 2628 Do-l
1222 2589 1235 2624 l

710 213 1179 259 BENVENUTI
1235 213 1689 260 IMOLENSIS

1873 226 1899 264 6
1903 228 1958 276 6¹4

1180 276 1214 310 A
1257 273 1415 314 minum,
1443 275 1505 311 nisi
1533 276 1694 321 duobus,
1723 276 1859 314 scilicet
1887 279 2014 316 Domi-

1255 337 1301 359 no
1328 325 1487 361 Guidoni
1515 328 1556 362 de
1585 331 1701 368 Fano,
1739 327 1776 364 ὃ(
1806 330 1858 365 isti
1889 331 2016 366 Domi-

1255 388 1300 409 no
1327 375 1546 418 Nlarchefio,
1584 381 1645 426 qui
1687 379 1755 414 fuit
1794 390 1866 415 tam
1897 383 2015 417 valens

1252 426 1288 461 in
1318 427 1530 464 bibacitate.
1560 431 1603 465 Et
1632 443 1711 465 ecce
1739 431 1941 477 quomodo:

1303 497 1527 505 ------
1557 479 1602 514 cb'
1613 482 1685 514 ebbe
1705 481 1818 527 spazfo

1301 528 1366 561 Gia
1390 528 1427 562 di
1453 528 1566 564 berea
1594 532 1682 564 Falx
1708 551 1939 560 ------

1252 578 1332 622 quia
1359 579 1457 613 dives
1484 578 1523 614 &
1561 591 1684 627 potens
1712 582 1747 616 in
1792 583 1901 628 patria
1932 583 2010 623 sua.

1252 628 1310 661 ubi
1340 627 1418 662 sunt
1447 630 1526 663 vina
1556 642 1679 677 magna
1707 633 1739 665 δε
1768 631 1929 669 fumosa:

1301 697 1531 704 ------
1558 692 1609 712 con
1637 693 1704 712 men
1726 682 1773 736 se
1768 683 1926 727 εΙκζζα,·

1252 727 1334 773 quia
1375 736 1458 761 tune
1500 726 1650 763 habebat
1677 730 1814 768 copiam
1846 732 1946 775 vini,
1975 735 2010 768 δε

1253 777 1496 823 praeveniebat
1533 777 1645 813 siim.
1702 781 1804 814 Nunc
1847 784 1930 816 verb
1972 782 2010 817 in

1252 836 1349 862 tanta
1391 826 1443 861 siti
1483 841 1553 863 non
1596 828 1704 877 potest
1747 830 1864 866 bibere
1907 843 2012 867 unam

1250 886 1387 925 guttam
1416 891 1544 925 aquae.

1502 931 1564 964 *ssd
1592 931 1675 975 Veas.
1705 944 1763 975 24.

1303 980 1366 1013 Ma
1402 992 1480 1013 come
1516 979 1553 1023 fa
1589 981 1638 1015 chi
1659 988 1807 1028 guarda,
1848 996 1863 1016 e
1888 983 1942 1030 poi
1973 984 2013 1027 fa

1352 1041 1471 1075 Ρΐθῖἶῦ

1254 1080 1338 1113 Poe:
1342 1093 1358 1113 a
1401 1079 1458 1115 in
1453 1079 1538 1115 ucit
1566 1081 1717 1130 primum
1755 1082 1917 1130 spiritum
1948 1096 2011 1118 no—

1253 1129 1425 1165 minatum
1456 1130 1608 1179 superius
1638 1146 1696 1180 per
1733 1133 1926 1169 Foresium.
1967 1136 2011 1169 Et

1254 1180 1368 1227 primo
1395 1181 1565 1221 ostendit,
1593 1183 1772 1229 quomodo
1800 1185 1943 1232 elegerit
1971 1184 2011 1220 de

1253 1243 1397 1266 numero
1449 1235 1639 1268 multorum
1667 1259 1677 1274 ,
1726 1236 1759 1269 ὃ(
1818 1234 2012 1281 requisierit

1252 1294 1354 1323 eum,
1383 1292 1421 1317 ut
1448 1284 1649 1330 loqueretur
1674 1286 1764 1320 clare
1786 1284 1919 1320 secum.
1951 1284 2012 1320 Iste

1253 1341 1367 1367 autem
1407 1332 1474 1368 fuit
1517 1335 1737 1379 Bonagiunra
1781 1337 1822 1370 de
1866 1334 2011 1370 Urbisa-

1253 1382 1329 1426 nis,
1378 1383 1434 1418 vir
1480 1383 1717 1429 honorabilis,
1769 1385 1810 1421 de
1851 1386 2011 1421 Civitate

1254 1434 1417 1476 Lucana,
1455 1435 1653 1470 luculentus
1690 1439 1820 1471 Orator
1858 1436 1892 1470 in
1923 1435 2012 1471 Lin-

1251 1495 1317 1529 gua
1340 1492 1515 1526 materna,
1539 1486 1569 1518 δε
1594 1482 1736 1519 facilis
1727 1497 1892 1520 inventor
1914 1488 2009 1530 Rhy-

1252 1532 1452 1571 tlimorum,
1483 1532 1535 1568 sed
1565 1533 1704 1569 facilior
1731 1535 1916 1574 vinorum,
1946 1535 2010 1582 qui

1251 1593 1396 1618 noverat
1425 1583 1615 1618 Aufftorem
1658 1585 1695 1619 in
1725 1584 1820 1623 vita
1862 1583 1900 1620 &
1944 1585 2011 1620 ali-

1251 1632 1389 1679 quando
1417 1632 1594 1681 scripserat
1623 1633 1681 1669 sibi
1700 1661 1708 1669 .
1748 1636 1829 1669 Ideo
1872 1635 2010 1670 Auam-

1251 1683 1376 1731 fingit,
1405 1696 1483 1718 eum
1512 1684 1561 1718 ita
1590 1683 1813 1719 familiariter
1837 1685 1934 1730 loqui
1960 1684 2009 1719 se-

1252 1746 1329 1767 cum
1359 1733 1399 1767 de
1427 1732 1501 1779 ipso
1529 1731 1566 1768 ὅ(
1594 1733 1635 1767 de
1663 1733 1743 1768 aliis
1765 1733 2010 1770 inventoribus

1253 1782 1446 1818 modernis.
1480 1784 1578 1818 Dicit
1605 1796 1712 1832 ergo:

1302 1854 1317 1860 -
1345 1855 1360 1860 -
1388 1854 1403 1859 -
1430 1853 1446 1858 -
1469 1833 1512 1876 [ε’
1530 1834 1557 1866 io
1584 1849 1604 1868 a
1630 1835 1701 1880 quel
1727 1835 1770 1868 da
1797 1838 1898 1870 Lacca

1252 1882 1408 1923 scilicet.
1439 1884 1701 1932 Bonagiuntae:

1301 1935 1365 1968 Che
1389 1935 1448 1980 pia>
1472 1946 1567 1980 parea
1593 1935 1629 1968 di
1654 1949 1700 1969 me
1726 1949 1804 1970 aver
1829 1947 1972 1981 certczza

1253 1986 1308 2020 vel
1337 1985 1520 2020 secundum
1551 1986 1655 2020 aliam
1685 1986 1711 2020 li
1733 1999 1824 2020 eram

1301 2055 1486 2062 -----
1513 2036 1549 2069 di
1575 2049 1622 2069 me
1649 2039 1736 2070 valer
1761 2048 1910 2084 contezza

1252 2099 1270 2120 a
1300 2084 1432 2121 simili:

1301 2156 1316 2161 -
1343 2157 1359 2162 -
1385 2156 1401 2162 —
1428 2156 1444 2162 ·-
1472 2149 1548 2170 come
1574 2136 1629 2178 fa,
1657 2137 1706 2171 chi
1729 2139 1879 2183 guarda,
1907 2158 1924 2165 -
1951 2158 1968 2166 ·-
1993 2159 2011 2166 -

1253 2186 1518 2222 multitudinem
1551 2186 1757 2222 bominum:

1302 2258 1529 2265 ------
1556 2251 1572 2270 e
1596 2239 1649 2283 poi
1672 2238 1707 2280 fa
1728 2250 1851 2284 prezqae

1303 2288 1368 2321 Ρίίι
1394 2287 1478 2322 d’tm
1505 2288 1556 2322 che
1580 2287 1729 2329 d'altro,
1757 2309 1772 2315 -
1800 2310 1815 2315 -
1842 2309 1859 2315 -
1884 2311 1901 2316 -

1253 2351 1311 2385 per
1341 2337 1452 2386 ligna,
1481 2351 1568 2386 quae
1591 2338 1687 2374 videt
1705 2338 1742 2373 in
1767 2340 1853 2374 illo.
1881 2342 1926 2375 Et
1955 2352 2010 2375 ec-

1254 2402 1291 2423 ce
1319 2388 1522 2437 quomodo;

1305 2443 1348 2473 Ei
1377 2453 1569 2474 marmora-va
1580 2454 1599 2482 ‚-

1255 2491 1305 2525 De
1339 2492 1451 2526 Dante
1478 2491 1681 2539 intelligas,
1710 2500 1748 2526 ur
1769 2490 1903 2538 patebit
1928 2503 2012 2537 pau-

1251 2541 1288 2575 lo
1315 2541 1411 2588 post:

1625 2460 1812 2467 .....

1778 2609 1794 2617 ·
1820 2610 1836 2616 ·-
1862 2604 1877 2623 Π
1904 2603 1963 2624 non
