2216 3105
346 229 430 275 609
640 219 943 262 COMMENT.
974 221 1041 264 IN
1068 216 1295 263 DANTIS
1321 216 1564 261 COMOED.
1773 227 1858 263 610

287 291 340 317 tra
367 279 450 316 anni
478 278 648 314 circulum
677 278 770 314 intra
799 291 920 314 manus
963 282 1047 316 Bar-
1081 281 1125 314 A·
1149 277 1355 314 laudabilis.
1394 275 1495 311 Dicit
1522 290 1624 325 ergo:
1670 280 1824 326 Federigo
1856 280 1912 313 Γί-

287 333 447 368 barorum
474 330 673 365 latronum.

338 385 410 417 Non
437 381 465 415 ti
490 381 729 427 maravigliar,
757 400 945 408 -----

289 432 381 469 Heic
431 431 549 467 Guido
594 441 802 467 convertens
852 430 1045 467 sermonem

288 483 385 519 suum
414 481 611 530 specialiter
637 482 679 517 ad
708 484 859 517 Dantem
879 507 888 521 ,
931 483 1046 518 nomi-

289 542 351 568 nat
377 533 464 567 duos
491 532 579 567 alios
607 532 648 568 de
671 533 927 573 Romandiola,
961 535 1048 569 vici-

290 596 351 618 nos
391 581 522 631 patriae
563 583 636 632 ejus
678 583 898 620 Florentiae.
942 584 1048 621 Unde

289 633 378 669 dicit
395 646 403 668 :
555 637 562 639 i

339 705 526 711 -----
554 683 580 718 s’
593 684 621 718 1'0
644 685 784 731 piang0‚
811 685 924 730 Tosco,

289 733 394 774 idest,
430 747 452 770 ο
489 736 621 770 Dantes
645 761 656 771 .
696 738 743 770 Et
784 749 854 770 non
896 737 1050 783 appellat

291 797 370 820 eum
398 784 543 820 nomine
571 785 735 833 proprio,
775 785 857 833 quia
886 786 958 834 ipse
985 799 1049 822 no—

292 836 405 871 luerat
431 835 463 871 se
490 836 694 880 nominare,
722 844 761 872 ut
789 836 903 884 patuit
927 836 1046 885 supra:

342 887 482 931 Quando
508 887 668 921 rimembro
696 907 884 914 -----
939 918 947 923 s

344 936 458 983 Ugolin
484 935 628 983 d’Azzo
654 957 886 965 ------

292 985 356 1022 Iste
393 985 462 1022 fuit
497 986 554 1024 vir
593 987 725 1023 nobilis
766 989 799 1023 8<
841 988 984 1025 curialis
1011 988 1052 1024 de

292 1036 504 1081 Ubaldinis,
546 1037 732 1073 clariffima
772 1038 874 1086 stirpe
914 1039 953 1074 in
983 1042 1053 1074 Ro-

297 1086 495 1122 mandiola.
537 1088 612 1134 Qui
640 1088 779 1124 fuerunt
806 1089 866 1125 diu
895 1098 1053 1138 potentes

294 1136 332 1172 in
361 1137 513 1185 Alpibus
542 1139 630 1174 citra
657 1139 908 1187 Apenninum,
937 1138 974 1176 &
1000 1141 1054 1175 ul-

295 1197 370 1227 tra,
399 1200 504 1235 prope
532 1189 774 1225 Florentiam:
805 1189 890 1226 ficut
917 1191 950 1225 &
978 1189 1055 1226 Co—

295 1236 400 1273 mites
429 1237 631 1279 Giddenes,
673 1240 714 1275 de
741 1240 867 1287 quibus
901 1241 972 1290 jam
999 1240 1053 1277 di-

296 1287 392 1323 &um
421 1288 465 1323 est
492 1288 613 1337 supra.
640 1292 688 1325 Et
714 1291 824 1326 dicit:

346 1359 363 1364 -
390 1359 405 1364 -
432 1359 448 1365 -
475 1360 491 1365 -
518 1340 570 1373 che
594 1342 718 1376 vivette
744 1342 850 1386 vosco.

294 1387 460 1426 Scilicet,
488 1397 646 1437 tempore
674 1391 783 1426 vestro
812 1392 926 1431 bono,
946 1405 1055 1440 quan-

294 1437 339 1472 do
366 1437 404 1473 in
434 1441 668 1476 Romandiola
695 1442 838 1487 vigebat
875 1455 956 1477 vera
993 1455 1056 1477 no-

296 1487 417 1522 bilitas
444 1490 478 1523 &
506 1491 619 1525 multa
646 1491 826 1526 curialitas
845 1517 854 1526 .

343 1558 530 1565 -----
557 1554 609 1573 con
637 1541 742 1575 Guido
768 1544 810 1578 da
829 1545 953 1585 Prata,

294 1586 358 1622 Iste
386 1588 505 1624 Guido
541 1589 611 1626 suit
646 1590 738 1627 alius
767 1591 824 1627 vir
860 1593 987 1639 probus
1014 1591 1057 1628 de

295 1650 362 1673 una
400 1639 520 1679 Villa,
561 1654 650 1688 quae
689 1642 823 1678 dicitur
850 1644 974 1687 Prata,
1018 1642 1057 1678 in

296 1687 426 1723 eisdem
457 1690 634 1735 partibus,
675 1691 784 1727 homo
810 1693 931 1741 magni
958 1694 1057 1729 valo-

296 1736 365 1775 ris,
393 1737 454 1784 qui
483 1737 709 1776 familiariter
735 1741 873 1777 vixerat
895 1756 974 1777 cum
994 1743 1059 1778 isto

299 1786 339 1821 de
368 1787 584 1833 Ubaldinis,
625 1799 664 1825 ut
691 1790 829 1827 dicetur
856 1792 991 1839 plenius
1019 1793 1057 1828 in

300 1838 404 1872 Cant.
428 1840 559 1874 XXIV.
588 1839 644 1875 Est
669 1841 778 1876 etiam
805 1841 874 1877 alia
903 1842 1000 1878 Villa
1020 1842 1057 1878 in

302 1889 534 1924 Romandiola
562 1889 655 1926 inter
683 1892 890 1928 Faventiam
923 1891 961 1928 &
991 1895 1057 1928 Ra-

299 1950 446 1974 vennam
466 1966 475 1982 ,
517 1940 606 1976 unde
633 1942 778 1990 quidam
805 1944 933 1978 volunt
960 1942 1058 1979 fuiffe

285 1986 397 2038 *istum
427 1989 627 2027 Guidonem
646 2019 655 2028 .
698 1993 761 2028 Sed
803 1993 898 2042 prior
924 1993 1058 2041 expoli-

300 2040 354 2074 tio
390 2039 434 2074 est
471 2042 581 2089 magis
618 2042 795 2082 consona,
831 2043 915 2092 quia
953 2046 1058 2079 Poeta

301 2089 488 2137 colligavit
516 2091 617 2127 istum
643 2093 845 2130 Guidonem
885 2107 964 2130 cum
993 2094 1059 2130 illo

301 2138 342 2174 de
373 2140 578 2178 ubaldinis.

351 2190 506 2236 federigo
533 2193 668 2239 Tignoso
695 2214 884 2222 -----

299 2239 392 2275 Heic
419 2241 538 2277 Guido
565 2243 729 2279 nominat
755 2244 865 2280 alium
904 2247 1059 2280 Roman-

298 2290 434 2326 diolum
452 2317 459 2326 .
497 2291 560 2328 Iste
598 2292 668 2330 fuit
695 2296 751 2331 vir
786 2295 918 2331 nobilis
945 2297 977 2331 &
1006 2296 1061 2331 di-

299 2353 360 2376 ves
397 2343 438 2377 de
475 2343 672 2385 Arimino,
713 2345 810 2394 cujus
838 2345 961 2382 domus
988 2356 1062 2382 erat

299 2391 527 2428 domicilium
564 2395 762 2436 libertatis,
802 2397 894 2432 nulli
921 2396 1060 2432 honesto

300 2442 436 2478 clausa.
464 2442 748 2482 Conversabatur
774 2447 866 2483 laete
885 2460 964 2483 cum
985 2460 1061 2482 om-

300 2492 403 2528 nibus
433 2494 556 2531 bonis.
598 2496 682 2533 Ideo
725 2500 857 2534 Dantes
897 2497 1062 2534 describit

299 2542 414 2592 ipsum
443 2558 461 2580 a
488 2545 655 2585 societate
676 2548 758 2594 sua,
784 2562 872 2598 quae
895 2559 968 2586 erat
986 2557 1061 2585 tota

1147 329 1260 376 gnoso.
1288 327 1433 370 Audio,
1461 328 1555 374 quod
1582 328 1641 363 iste
1663 329 1812 365 habebar
1834 331 1911 377 pul-

1151 378 1361 415 cherrimum
1401 389 1506 425 caput
1549 379 1758 422 capillorum
1802 380 1913 416 flavo-

1150 443 1247 466 rum.
1292 429 1373 465 Ideo
1410 442 1470 478 per
1505 429 1733 478 antiphrasim
1774 430 1818 466 fic
1857 432 1911 468 di-

1153 480 1228 516 [stus
1256 480 1326 516 est:

1201 551 1389 558 -----
1416 545 1432 565 e
1451 530 1514 575 sua
1539 531 1667 579 brigata

1151 582 1192 617 de
1219 581 1410 618 Arimino:
1440 584 1487 618 Et
1515 582 1592 618 heic
1612 592 1717 622 nota,
1745 582 1839 630 quod
1861 584 1915 618 A-

1151 631 1321 668 riminum
1357 632 1402 668 est
1439 632 1570 668 nobilis
1596 635 1630 668 8<
1672 634 1818 682 antiqua
1846 631 1915 669 Ci-

1154 683 1243 719 vitas
1273 683 1527 719 Romandiolae
1547 683 1647 732 super
1668 697 1761 719 mare
1783 685 1914 720 Adria-

1151 747 1214 776 co,
1242 735 1419 781 quondam
1447 734 1664 771 fidelissimus
1695 737 1818 770 Portus
1841 738 1914 771 Ro—

1153 797 1356 824 manorum,
1400 793 1438 820 ut
1474 784 1572 834 saepe
1608 795 1703 834 patet
1730 785 1819 833 apud
1847 785 1914 822 Li·-

1154 834 1251 870 vium
1269 862 1277 870 .
1306 836 1446 871 Habuit
1471 836 1691 880 Theatrum,
1720 836 1779 872 ubi
1808 836 1914 872 hodie

1152 885 1284 921 dicitur
1320 888 1473 935 Forum;
1515 887 1550 922 δε
1591 888 1725 922 Arcum
1766 888 1914 922 Trium-

1155 935 1316 983 phalem,
1343 936 1405 984 qui
1434 935 1545 972 adhuc
1566 947 1731 986 apparet3
1760 936 1798 973 δὲ
1821 939 1914 973 Pon-

1155 995 1225 1021 tem
1255 986 1528 1033 pulcherrimum
1547 1014 1557 1030 ‚

1204 1040 1255 1071 La
1281 1037 1365 1081 Casa
1391 1038 1588 1082 Traversara
1613 1059 1802 1065 -----

1155 1087 1247 1123 Heic
1274 1087 1393 1124 Guido
1421 1101 1491 1123 non
1519 1097 1705 1124 contentus
1732 1088 1913 1124 nominas—

1155 1136 1187 1172 se
1215 1136 1314 1184 supra
1341 1137 1453 1174 solum
1483 1140 1625 1174 Petrum
1647 1139 1915 1175 Traversarium

1155 1189 1196 1222 de
1239 1190 1427 1232 Ravenna,
1473 1202 1565 1225 nunc
1606 1190 1769 1225 nominat
1804 1189 1915 1238 ipsam

1155 1237 1292 1285 stirpem
1310 1266 1320 1282 ‚
1348 1252 1436 1287 quae
1462 1239 1531 1275 fuit
1558 1249 1634 1276 tota
1662 1242 1781 1276 clara:
1826 1240 1917 1276 unde

1155 1288 1264 1324 dicit:
1303 1290 1338 1324 la
1377 1290 1461 1334 Casa
1497 1291 1718 1336 Tra-versura.
1759 1293 1813 1327 De
1855 1291 1916 1327 ista

1157 1341 1275 1374 Domo
1303 1338 1372 1375 fuit
1399 1340 1488 1375 alius
1514 1341 1624 1376 Miles
1647 1354 1792 1388 magnus
1814 1343 1917 1377 Prin-

1156 1402 1234 1436 ceps
1279 1389 1316 1425 in
1364 1392 1530 1427 Ravenna
1550 1419 1561 1436 ‚
1607 1391 1743 1428 scilicet
1789 1393 1915 1428 Paulus

1156 1440 1399 1476 Traversarius
1417 1468 1426 1484 ,
1454 1442 1515 1489 qui
1545 1442 1644 1478 fimul
1672 1455 1750 1479 cum
1780 1442 1916 1479 viribus

1158 1493 1375 1526 Venetorum
1389 1493 1528 1538 expulit
1545 1493 1801 1542 Salinguerram
1815 1493 1917 1530 Prin-

1157 1540 1271 1589 cipem
1299 1540 1340 1576 de
1369 1541 1547 1578 Ferraria.

1208 1610 1436 1619 ------
1463 1606 1479 1626 e
1500 1593 1553 1639 gli
1578 1594 1765 1641 asnastagt'.

1158 1640 1215 1677 Isti
1243 1640 1385 1678 fuerunt
1412 1643 1553 1690 magni,
1594 1645 1732 1680 nobiles
1752 1673 1760 1688 ,
1788 1644 1826 1681 ἃ
1855 1658 1920 1692 po—

1158 1701 1271 1727 tentes
1288 1719 1297 1728 .
1338 1695 1373 1728 A
1401 1693 1528 1740 quibus
1556 1708 1623 1730 una
1653 1697 1757 1731 Porta
1785 1695 1822 1731 in
1851 1698 1919 1731 Ra-

1159 1755 1274 1778 venna
1301 1743 1406 1791 usque
1435 1743 1539 1780 hodie
1566 1745 1814 1782 denominatur
1835 1748 1920 1782 Por-

1160 1801 1196 1827 ta
1223 1793 1417 1828 Anastafia.
1447 1796 1500 1829 De
1527 1795 1587 1831 ista
1615 1798 1733 1832 Domo
1760 1796 1831 1832 fuit
1857 1809 1922 1832 no-

1161 1841 1245 1877 bilis
1271 1843 1381 1879 Miles
1410 1844 1585 1880 Dominus
1612 1845 1731 1881 Guido
1758 1846 1800 1882 de
1823 1849 1920 1881 Ana-

1163 1891 1288 1936 staffls,
1324 1892 1387 1940 qui
1424 1904 1582 1930 mortuus
1612 1895 1657 1930 est
1699 1909 1778 1943 prae
1807 1895 1920 1939 impa-

1163 1942 1290 1978 tientia
1311 1943 1439 1979 amoris
1459 1945 1637 1992 cujusdam
1660 1946 1836 1982 Dominae
1858 1946 1922 1982 ho-

1164 1992 1388 2033 nestiffimae,
1425 2007 1529 2042 quam
1571 2009 1761 2044 numquam
1805 1997 1923 2045 potuit

1165 2043 1303 2079 fleRere
1345 2044 1386 2079 ad
1428 2045 1500 2092 ejus
1541 2059 1695 2082 amorem
1716 2073 1725 2083 .
1768 2049 1924 2083 Fuerunt

1165 2093 1204 2130 δί
1233 2093 1322 2129 aliae
1357 2096 1529 2131 Familiae
1566 2098 1677 2133 clarae
1718 2097 1756 2133 in
1786 2100 1924 2134 Raven-

1167 2158 1238 2185 na,
1274 2143 1360 2180 ficut
1397 2146 1547 2182 Familia
1584 2147 1841 2187 Honestorum‚
1883 2148 1925 2184 de

1166 2208 1234 2243 qua
1261 2194 1331 2230 fuit
1359 2196 1489 2232 nobilis
1510 2197 1705 2233 adolescens
1726 2198 1923 2234 Anastasius

1167 2246 1209 2281 de
1236 2245 1421 2291 Honestis,
1457 2247 1518 2294 qui
1556 2259 1731 2284 amoratus
1773 2249 1816 2285 de
1851 2248 1926 2285 filia

1169 2296 1402 2345 pulcherrima
1432 2297 1532 2334 Pauli
1559 2298 1799 2339 Traversarii,
1835 2310 1927 2335 tam-

1169 2347 1246 2382 dem
1275 2347 1373 2382 illam
1404 2347 1528 2384 habuit
1564 2349 1602 2385 in
1631 2363 1775 2385 uxorem
1794 2377 1805 2395 ‚
1840 2349 1928 2386 ficut

1169 2397 1306 2433 honeste
1343 2397 1464 2434 scribit
1502 2400 1734 2440 Boccaccius‚
1775 2400 1930 2437 curiosus

1169 2447 1357 2496 inquisitor
1382 2450 1542 2485 omnium
1579 2451 1842 2488 deleaabilium
1872 2452 1925 2488 hi-

1170 2498 1347 2535 storiarum
1365 2526 1374 2535 .
1416 2502 1462 2535 Et
1505 2501 1582 2537 heic
1624 2511 1706 2538 nota
1724 2526 1735 2541 ,
1777 2502 1926 2541 Lector,

1171 2549 1265 2596 quod
1303 2552 1409 2587 Po‘e'ta
1441 2550 1553 2587 noster
1588 2550 1674 2590 facit
1700 2552 1800 2590 istum
1839 2552 1928 2589 Gui-

1817 2602 1880 2636 do·-
