2216 3105
430 221 512 272 ὡς

370 273 412 308 de
441 274 595 322 partibus
620 276 784 322 Galliae,
822 287 940 326 captus
976 278 1043 315 fuit
1079 278 1119 314 ad

372 324 493 369 Pisas,
534 340 620 374 quos
658 328 768 374 postea
805 329 1000 366 Fridericus
1038 343 1120 377 pau-

369 376 519 424 perrime
554 377 685 413 dimifit
706 407 716 423 ‚
751 379 895 415 instante
931 381 1119 416 Ludovico

369 429 464 474 Rege
502 428 689 465 franciae.
726 431 772 465 Et
808 439 891 466 tunc
927 441 1046 466 natum
1075 431 1120 466 est

369 477 501 513 bellurn
539 478 633 515 inter
667 480 848 523 januenses
885 482 918 516 δε
958 481 1118 517 Pisanos,

369 528 449 562 Post
486 528 551 564 hoc
588 529 782 566 Fridericus
819 530 966 578 aspirare
1002 532 1118 579 coepit

366 577 409 613 ad
454 578 653 616 dominium
697 581 931 617 Lombardiae
957 608 966 616 .
1012 582 1119 618 Unde

367 628 544 672 sentiens,
586 630 678 677 quod
719 630 996 671 Mediolanum,
1038 635 1119 668 Par-

367 692 456 721 ma,
492 681 526 714 8<
569 680 755 720 Bononia,
796 680 835 716 &
875 682 989 728 plures
1030 683 1119 718 aliae

368 731 497 764 Terrae
525 730 759 766 Lombardiae
794 732 828 765 &
866 732 1119 768 Romandiolae

369 779 637 826 conjuraverant
682 793 761 816 cum
807 780 958 817 Ecclefia
998 793 1119 818 contra

366 842 471 868 eum,
508 828 684 866 descendit
719 831 760 867 de
791 833 913 879 Regno
941 831 977 867 in
1009 835 1120 869 Lom-

369 879 523 915 bardiam
565 881 701 929 magnis
740 881 876 917 viribus
901 908 910 917 .
956 884 1003 917 Et
1049 884 1118 931 post

366 930 478 966 multa
505 931 635 972 proelia
660 931 938 968 Mediolanenses
959 933 1045 969 totis
1066 934 1120 970 vi-

367 979 463 1016 ribus
500 980 588 1022 suis,
626 982 820 1022 Ecclesiae,
858 982 897 1019 ἃ.
934 984 1119 1030 colligato—

367 1044 445 1066 rum
471 1058 482 1072 ,
521 1045 628 1078 quum
666 1033 836 1069 venissent
871 1033 909 1069 in
945 1034 1118 1070 auxilium

366 1081 622 1125 Brixienfium‚
661 1093 908 1119 concurrerunt
936 1097 1013 1120 cum
1043 1085 1119 1120 Fri—

367 1131 486 1167 derico
523 1132 559 1168 in
595 1135 676 1169 loco
712 1134 808 1169 difi‘to
844 1133 957 1170 Curte
995 1137 1119 1171 Nova.

365 1182 411 1217 Et
439 1182 510 1229 post
538 1196 614 1219 acre
641 1184 813 1232 proelium
841 1184 1120 1222 Mediolanenses

366 1232 532 1270 debellati
573 1233 652 1270 sunt
696 1247 775 1271 curn
823 1248 950 1285 magno
992 1236 1120 1272 damno

367 1281 533 1327 suorum,
578 1285 612 1320 8<
658 1286 874 1322 exaltatione
920 1286 1119 1331 Friderici‚

368 1333 428 1377 qui
457 1333 493 1368 in
519 1334 582 1370 illa
611 1349 722 1385 pugna
750 1337 881 1372 strenue
907 1336 940 1372 se
960 1337 1120 1385 gesserat.

368 1382 481 1431 Cujus
509 1384 558 1420 rei
586 1385 707 1422 dolore
735 1387 924 1436 Gregorius
963 1388 1119 1423 infirma-

367 1441 449 1475 tus.
479 1445 635 1472 mortuus
662 1437 707 1472 est
736 1440 867 1472 Rornae
895 1439 998 1485 paulo
1026 1438 1120 1486 post.

370 1484 565 1521 fridericus
592 1500 676 1523 vero
704 1488 819 1524 vietor
846 1488 939 1531 cepit
962 1501 1120 1535 magnam

369 1544 500 1580 partem
530 1538 765 1573 Lombardiae
788 1539 822 1573 &
849 1538 1121 1574 Romandiolae.

369 1587 453 1630 Quo
495 1594 651 1634 ternpore
692 1587 814 1623 habuit
855 1587 1084 1633 Elephantern
1110 1616 1120 1631 ‚

368 1635 410 1669 ad
438 1648 539 1682 quem
569 1637 757 1673 videndum
786 1637 1007 1674 confluebant
1032 1640 1122 1673 mul-

367 1683 397 1719 ti
425 1684 466 1721 de
496 1687 638 1733 Populis
666 1689 920 1725 Lombardiae.
949 1689 1120 1724 Tamdem

369 1745 502 1771 creatus
529 1737 573 1771 est
604 1739 692 1776 Pana
723 1739 947 1773 Innocentius
976 1741 1039 1773 IV.
1067 1738 1122 1774 vir

368 1786 499 1821 nobilis
526 1787 699 1830 Januensis
728 1802 769 1823 ex
792 1788 969 1823 nobilibus
990 1788 1029 1823 de
1050 1788 1123 1823 Fli-

367 1834 450 1874 sco,
482 1838 589 1872 Anno
628 1838 776 1873 Domini
814 1840 1021 1874 MCCXLI.
1049 1838 1122 1883 Qui

368 1884 596 1923 seditannis
635 1890 694 1922 XI.
733 1890 779 1923 Et
815 1889 964 1935 replevit
1002 1890 1123 1924 Eccle-

368 1934 447 1970 fiam
477 1937 600 1972 multis
627 1937 877 1974 Cardinalibus
904 1952 947 1974 ex
984 1938 1123 1974 diver-fis

369 1986 523 2031 parribus
551 1987 852 2024 Christianitatis.
890 1991 973 2035 Quo
1001 1989 1122 2025 audito

370 2036 564 2074 fridericus
601 2039 788 2078 turbatus,
826 2039 935 2075 fertur
972 2039 1120 2075 dixisse:

369 2089 466 2121 Heu!
499 2089 626 2135 perdidi
661 2090 792 2125 amicum
829 2104 957 2125 meum:
994 2089 1124 2136 praesa-

369 2137 466 2185 giens
501 2138 595 2186 quod
631 2139 786 2176 futurum
815 2150 907 2176 erat.
946 2143 1037 2176 Nam
1067 2143 1125 2175 In-

370 2189 584 2233 nocentius,
628 2190 775 2235 prudens
814 2192 848 2226 8<
890 2190 1123 2235 magnificus,

371 2238 491 2274 videns
541 2241 736 2286 potentiam
785 2242 818 2276 &
866 2241 1122 2276 contumaciam

371 2289 566 2333 friderici,
603 2290 663 2339 qui
701 2291 792 2337 quasi
830 2301 943 2326 totam
982 2292 1125 2339 posside-

369 2338 427 2373 bat
461 2340 626 2380 ltaliam.
667 2340 752 2377 fecit
780 2342 905 2376 armari
943 2342 1031 2380 anud
1070 2344 1126 2384 Ja-

369 2401 472 2424 nuam
495 2392 570 2425 XX.
589 2392 714 2427 Galeas
743 2405 802 2438 per
829 2390 1004 2426 consortes
1029 2391 1125 2426 suos.

368 2441 414 2474 Et
441 2452 520 2475 cum
556 2441 803 2477 Cardinalibus
840 2443 872 2476 8<
910 2441 1017 2477 Curi-a
1057 2441 1126 2476 ivit

370 2489 409 2525 de
448 2491 560 2525 Roma
599 2492 808 2538 Lugdunum
851 2491 947 2537 supra
988 2491 1125 2527 Rhoda-

369 2553 478 2576 num.
515 2539 594 2577 Ubi
630 2543 804 2578 celebrato
840 2541 1032 2580 Concilio..
1070 2541 1126 2577 cui

709 215 1168 261 BENVENUTI
1202 216 1641 263 IMOLENSIS

1838 228 1923 278 624

1157 278 1201 312 A·
1227 276 1387 314 interfuit
1415 279 1523 316 bonus
1551 279 1754 317 Ludovicus
1792 282 1866 318 Rex
1893 282 1980 318 Gal-

1227 328 1321 368 liae,
1361 329 1542 366 damnavit
1579 330 1615 367 ὃ(
1654 334 1978 371 excommunicavit

1229 378 1462 416 fridericum.
1486 382 1631 417 Interim
1653 381 1898 431 consanguinei
1920 385 1978 419 In-

1229 430 1384 466 nocentii
1411 432 1444 466 δ(
1473 432 1577 468 amici
1616 432 1809 475 Ecclesiae,
1846 434 1977 482 expulsi

1229 478 1270 515 de
1299 481 1441 523 Parma,
1469 482 1689 519 intraverunt
1716 486 1872 519 Parmam
1899 498 1978 520 cum

1230 530 1391 568 consensu
1429 533 1580 580 Populi.
1618 537 1656 568 In
1693 547 1839 581 quorum
1878 535 1978 570 auxi-

1229 580 1317 616 lium
1357 583 1526 617 continuo
1566 585 1665 619 venit
1708 586 1897 632 Gregorius
1938 586 1981 622 de

1230 629 1357 666 Monte
1384 634 1512 679 Longo
1539 635 1690 679 Legatus
1712 635 1880 671 Ecclesiae
1900 649 1979 672 cum

1229 681 1545 716 Mediolanensibus
1556 705 1566 720 ‚
1581 683 1792 717 Placentinis
1806 710 1815 726 ,
1832 687 1864 719 ὃ(
1878 688 1981 721 Man-

1229 730 1368 765 tuanis.
1405 733 1452 764 Et
1490 740 1695 778 paraverunt
1731 731 1763 767 se
1790 734 1830 767 ad
1867 735 1983 770 defen-

1229 779 1357 815 sionem
1374 807 1382 815 .
1416 780 1612 817 Fridericus
1638 781 1882 830 indignatione
1910 785 1982 831 ple-

1230 843 1292 865 nus
1319 831 1352 865 &
1390 830 1467 870 ira,
1504 831 1692 867 contraistis
1729 832 1863 881 magnis
1894 834 1979 870 viri-

1231 881 1313 922 bus,
1341 882 1374 915 &
1402 881 1570 917 Eccelino
1597 883 1638 917 de
1667 885 1825 918 Romano
1848 883 1983 921 obsedit

1232 932 1414 976 Parmam,
1449 933 1482 966 8<
1511 931 1596 968 fecit
1631 932 1683 968 ibi
1720 933 1882 969 Bastitam
1910 947 1983 970 ma-

1230 994 1332 1027 gnam
1369 981 1407 1017 in
1448 981 1595 1018 formam
1638 983 1836 1027 Civitatis,
1877 997 1982 1032 quarn

1232 1031 1429 1068 ViE'toriam
1467 1033 1685 1081 appellavit,
1729 1034 1842 1081 jurans
1880 1048 1983 1070 num-

1230 1095 1333 1129 quam
1371 1083 1553 1127 recedere,
1595 1083 1657 1119 nifi
1702 1085 1823 1120 Parma
1859 1085 1982 1132 capta,

1230 1146 1333 1180 quarn
1362 1143 1567 1182 conceperat
1594 1134 1759 1170 destruere
1776 1159 1786 1174 ‚
1823 1133 1861 1170 ὅ(
1888 1144 1982 1171 tran-

1228 1183 1332 1219 sferre
1370 1184 1568 1219 viatorium
1592 1212 1602 1220 .
1649 1186 1762 1233 Igitur
1804 1185 1984 1222 friderico

1229 1235 1456 1283 impugnante
1502 1233 1539 1270 ὅ(
1591 1234 1740 1271 Ecclesia
1789 1235 1985 1272 defensante

1233 1287 1391 1320 Parmam
1430 1299 1489 1332 per
1523 1284 1674 1334 spatium
1712 1285 1768 1323 sex
1797 1286 1984 1326 mensium,

1229 1335 1375 1371 saevitia
1402 1335 1538 1382 hyemis
1566 1345 1732 1386 cogente,
1761 1336 1892 1372 militia
1916 1335 1983 1372 Ci-

1231 1386 1383 1422 vitatum
1415 1387 1580 1433 utrinque
1608 1388 1648 1422 ad
1686 1387 1825 1435 propria
1853 1399 1984 1422 remea*

1232 1437 1304 1471 vit.
1333 1436 1529 1471 Fridericus
1558 1450 1641 1472 vero
1667 1437 1830 1473 remansit
1854 1437 1891 1472 in
1918 1437 1984 1472 Vi-

1230 1485 1366 1524 Roda,
1409 1485 1608 1533 exspeE'tans
1649 1495 1785 1532 tempus
1823 1486 1982 1526 aestatis,

1232 1537 1286 1584 spe
1314 1535 1561 1583 expugnandae
1588 1536 1782 1578 Civitatis,
1810 1549 1896 1583 quae
1925 1549 1983 1585 pe-

1232 1585 1330 1622 nuria
1357 1585 1565 1621 vifflualium
1595 1599 1701 1634 parvo
1729 1596 1885 1634 tempore
1922 1600 1985 1634 po—

1201 1627 1203 1661 ¹=
1233 1647 1322 1672 terat
1349 1635 1516 1671 resistere.
1546 1636 1627 1671 Ideo
1656 1636 1878 1680 fridericus,
1907 1646 1982 1684 pat-

1232 1687 1422 1734 vipendens
1449 1685 1618 1727 obsessos,
1649 1686 1706 1720 die
1733 1686 1880 1733 quadam
1909 1687 1984 1721 ive—

1233 1745 1285 1771 rat
1321 1745 1418 1771 extra
1456 1735 1653 1770 ViE’toriam
1692 1736 1732 1770 ad
1770 1737 1984 1771 Falconem.

1233 1789 1336 1822 Tunc
1366 1785 1563 1821 Parmenses
1599 1785 1690 1833 quasi
1728 1785 1896 1833 desperati
1931 1785 1986 1822 fu-

1234 1836 1320 1872 riose
1342 1846 1528 1879 exeuntes,
1546 1835 1745 1871 invaserunt
1763 1836 1961 1871 Vicioriam
1975 1864 1985 1881 ‚

1234 1900 1336 1933 quam
1366 1896 1501 1933 captam
1530 1886 1619 1921 ferro
1646 1885 1683 1921 ἃ,
1712 1887 1792 1935 igne
1817 1887 1988 1923 destruxe-

1235 1946 1336 1980 runt,
1373 1935 1411 1972 &
1449 1937 1570 1986 praeda
1597 1937 1720 1984 magna
1746 1936 1851 1972 ditati
1888 1937 1986 1972 sunt.

1235 1987 1430 2023 Fridericus
1473 1990 1556 2022 vero
1596 1989 1808 2022 Cremonam
1851 1986 1988 2035 fugiens

1233 2038 1295 2073 vix
1324 2036 1455 2080 evasit,
1493 2036 1622 2072 amiffis
1654 2037 1823 2085 jocalibus
1853 2037 1921 2072 suis
1949 2036 1987 2072 &

1204 2092 1206 2102 '
1233 2087 1398 2125 Corona,
1426 2101 1529 2135 quarn
1551 2087 1744 2123 habuerunt
1772 2087 1989 2124 Parmenses.

1238 2141 1332 2174 Haec
1369 2138 1457 2182 gella
1499 2138 1577 2173 sunt
1613 2138 1670 2173 die
1705 2138 1835 2173 Martis
1877 2138 1988 2184 prima

1236 2188 1414 2224 Februarii
1430 2190 1534 2223 Anno
1548 2188 1694 2223 Domini
1708 2190 1849 2224 MCCX
1859 2190 1988 2224 LVIII.

1238 2242 1281 2274 Et
1310 2241 1418 2279 Anno
1447 2238 1601 2286 sequenti
1630 2239 1804 2274 Hernicus
1833 2238 1926 2274 filius
1953 2252 1989 2274 e·-

1238 2291 1288 2337 jus
1317 2289 1500 2325 bellicosus
1529 2297 1647 2328 cantus
1674 2289 1718 2324 est
1747 2303 1764 2324 a
1791 2289 1991 2324 Bononien-

1238 2340 1325 2375 sibus
1362 2342 1449 2387 apud
1486 2339 1690 2375 Mutinam.
1726 2340 1805 2385 Qua
1842 2339 1991 2375 vietor&

1242 2389 1479 2425 Bononienses
1506 2390 1589 2425 elati
1618 2389 1696 2426 sunt
1725 2389 1844 2425 valde.
1882 2389 1990 2425 Dein*

1239 2441 1279 2475 de
1317 2442 1428 2476 altero
1458 2443 1566 2476 Anno
1603 2440 1797 2476 fridericus
1834 2449 1990 2474 mortuus

1239 2490 1305 2533 est,
1344 2490 1435 2526 nihil
1472 2491 1514 2526 de
1550 2500 1647 2526 tanta
1684 2490 1841 2538 potentia
1878 2488 1990 2523 secum

1208 2566 1212 2578 ³
1240 2541 1377 2577 trahens
1398 2565 1410 2580 ,
1446 2540 1510 2576 nisi
1545 2541 1714 2576 sarcinam
1750 2548 1991 2587 peccatorum„

1832 2590 1936 2624 Nunc
