2216 3105
446 199 528 239 795
732 186 1183 233 BENVENUYI
1230 192 1655 241 IMOLENSIS
1864 211 1952 260 796

385 239 436 275 bfft
466 256 568 277 unam
599 243 792 288 virtutem,
823 246 957 284 sedicet
986 249 1142 286 liberali-
1182 251 1227 286 A'
1250 250 1406 297 scilicet,
1435 255 1604 292 Friderici
1634 258 1828 304 praediEH:

383 300 512 328 tatem.
544 293 643 329 Unde
670 295 803 331 dicium
833 298 879 333 est
902 298 1022 347 supra,
1050 302 1143 348 quod

384 345 456 377 Rex
503 345 675 381 Robel‘tus
718 361 839 384 avarus
885 362 986 386 natus
1028 351 1073 386 est
1099 366 1141 388 CX

379 403 475 440 parre
505 395 664 431 liberali.
694 398 795 434 Dicit
822 412 926 448 ergo:

432 446 570 491 Vedraffi
597 468 784 476 -----

377 492 482 533 idest,
512 494 548 530 in
577 496 697 533 eodem
727 499 840 536 Libro
869 501 957 538 Dei:

428 569 614 577 .....
641 550 676 583 la
696 547 758 594 sua
783 549 912 585 hontate

377 600 462 638 [dest
481 629 489 642 ,
520 598 678 648 propria:

425 656 567 700 Segnata
593 667 644 688 con
665 667 706 688 tm
733 653 763 690 Ῑ.
790 675 806 681 -
834 676 850 682 -
875 676 893 682 -
918 676 935 682 -

377 703 461 751 quia
491 704 613 740 habuit
651 703 758 739 solam
801 718 906 740 unam
945 704 1137 746 virtutem,
1176 706 1201 739 B

376 753 512 788 scilicet
539 753 735 802 largitatis.
765 756 810 790 Et
837 765 955 791 tamen
977 769 1037 803 per
1056 770 1138 792 ava-

374 804 495 839 ritiam
527 804 687 841 vendidit
709 804 820 841 filiam
844 806 1019 853 propriam
1036 806 1138 843 Mar-

376 853 497 890 chioni
525 855 648 891 Estenfi
668 883 678 898 ,
716 855 757 892 de
798 870 866 905 qua
904 871 940 893 re
968 856 1134 907 scripturn

374 905 418 941 est
447 918 484 941 in
515 906 751 956 Purgarorioz

552 979 568 983 —
595 958 630 992 al
655 958 760 992 Ciotto
785 958 821 993 Αἱ
845 960 1071 1003 Gerusalemme

374 1006 478 1048 idest,
508 1009 641 1043 Carolo
668 1009 817 1048 Ciotto,
845 1010 908 1057 qui
929 1010 1136 1046 intitulatur

373 1059 449 1094 Rex
480 1058 723 1095 H1erusalem.
766 1060 841 1105 Qui
878 1060 1007 1109 titulus
1033 1061 1134 1097 datus

372 1107 441 1143 fuit
483 1109 572 1156 patri
614 1110 687 1157 ejus
714 1112 846 1146 carolo
890 1111 982 1146 Duci
1012 1112 1131 1148 Ande—

372 1159 516 1207 gaviae‚
545 1159 606 1207 qui
635 1161 855 1209 recuperavit
893 1161 1064 1210 Apuliam
1091 1163 1132 1199 de

373 1210 534 1246 manibus
563 1210 761 1247 Manfredi.
790 1214 838 1248 Et
864 1211 976 1248 dicit:

422 1261 597 1307 Quando’l
617 1263 769 1297 contrario
784 1264 915 1311 segnerd
935 1262 1132 1300 un’Emme.

372 1314 465 1359 quod
493 1312 665 1356 importat
693 1314 813 1350 Mille:
845 1314 1002 1354 scilicet,
1031 1316 1131 1351 mille

371 1362 489 1398 vitia.
529 1363 657 1412 Aliqui
701 1373 817 1400 tamen
855 1376 1037 1402 exnonunt
1064 1366 1130 1401 ali-

371 1421 445 1453 ter.
473 1414 506 1448 &
536 1413 602 1449 fic:
633 1417 772 1460 ,Quando
808 1415 1010 1456 un’Emme,
1047 1417 1130 1452 idest

371 1463 472 1499 mille
500 1464 613 1506 vitia,
635 1466 766 1512 segnem}
787 1465 812 1500 ’l
840 1468 1018 1509 contrario,
1047 1467 1130 1503 idest

371 1514 512 1550 Soldani
543 1515 780 1560 Babyloniae,
817 1517 877 1563 qui
915 1526 1012 1552 tenet
1040 1518 1130 1553 Hie·
1156 1522 1157 1525 ’

370 1565 537 1601 rusalem.
566 1566 629 1601 Sed
656 1564 716 1600 ista
743 1566 914 1612 expositio
942 1567 983 1602 efl
1015 1567 1128 1602 aliena

371 1627 389 1651 a
418 1625 534 1650 mente
566 1615 755 1650 Austoris.
783 1616 847 1650 Sed
875 1615 918 1650 fic
946 1618 1127 1655 colorant,

370 1665 433 1712 qui
477 1665 604 1701 volunt
646 1678 726 1703 eum
767 1665 948 1702 defendere
997 1668 1030 1701 &
1068 1681 1128 1703 ex-

371 1713 511 1751 cusare.

423 1766 561 1809 Vedraffi
585 1785 774 1794 -----

371 1815 462 1851 Heic
490 1815 625 1861 Aquila
652 1814 818 1851 describit
844 1816 955 1852 alium
997 1819 1128 1865 Regem

370 1865 540 1914 Siciliae3
583 1868 711 1914 Regem
754 1866 894 1913 quidem
941 1881 959 1902 a
1007 1867 1129 1909 vitiis,

372 1915 523 1952 Insulam
562 1919 643 1952 vero
671 1930 689 1951 a
728 1919 854 1952 Monte
891 1917 1045 1960 famoso,
1090 1916 1127 1954 &

373 1968 414 2003 ab
442 1980 508 2003 una
537 1966 711 2010 sepultura
740 1967 890 2004 famosa.
920 1969 992 2004 Hic
1013 1978 1129 2004 autem

371 2017 439 2053 fuit
467 2016 663 2052 fridericus
692 2017 785 2053 filius
816 2019 908 2054 Petri
936 2018 1129 2062 probiffimi

370 2068 476 2118 Regis
507 2070 731 2116 Aragonum‚
773 2069 814 2103 de
842 2069 967 2116 quibus
995 2070 1128 2105 dietum
1173 2068 1201 2101 Ε

370 2119 415 2154 est
443 2119 480 2159 in
510 2120 737 2168 Purgatorio.
765 2121 917 2169 Expone.
939 2134 1020 2170 ergo
1047 2122 1130 2157 lite—

369 2183 442 2207 ram
472 2169 535 2207 fic:

423 2222 562 2268 Vedraffi
587 2243 815 2250 ------

372 2270 506 2308 scilicet
534 2285 570 2308 in
599 2272 753 2320 praefato
781 2273 893 2310 Libro
920 2272 1009 2309 Dei:

422 2344 438 2350 -
464 2345 479 2350 -
506 2345 523 2351 -
549 2345 565 2351 -
593 2323 779 2371 l’avarizia
803 2339 818 2358 e
836 2325 870 2359 la
887 2325 1026 2363 vittate,

373 2372 457 2407 bene
476 2374 607 2410 vilitas
623 2375 883 2411 concomitatur
901 2372 1104 2410 Avaritiam
1118 2401 1126 2409 .

373 2424 469 2460 Nam
508 2425 622 2462 omnis
659 2428 783 2463 avarus
806 2426 852 2462 est
893 2424 976 2467 vilis
1003 2426 1037 2460 ὃς
1064 2437 1128 2473 pu-

374 2471 577 2510 fillanimiSt

424 2526 471 2562 Di
497 2525 568 2572 quel
593 2545 610 2553 -
635 2546 651 2554 -
676 2547 697 2559 ..-
719 2549 737 2555 -

1154 1619 1155 1631 ¹
1169 1618 1202 1650 D

1297 323 1314 329 -
1342 324 1358 329 —
1384 325 1400 330 —
1426 326 1442 332 —
1468 307 1519 340 che
1540 310 1667 354 guarda
1694 308 1818 350 l’Isola
1845 312 1896 345 del
1921 312 2006 356 saco,

1246 351 1329 388 idest
1357 354 1536 397 Siciliam,
1565 359 1661 406 cujus
1690 358 1798 395 Mons
1820 360 1863 395 est
1891 364 2007 397 Aetna.

1247 404 1389 447 ardens,
1434 406 1475 443 de
1511 421 1582 451 quo
1618 409 1752 444 dicium
1796 411 1840 445 est
1883 410 2006 447 suora.

1249 455 1425 492 Praeterea
1453 457 1587 494 diC’cum
1615 459 1660 494 est
1686 461 1720 495 8<
1749 460 1860 504 alibi,
1901 460 1938 497 &
1968 463 2006 498 in

1246 503 1403 542 Inferno.
1431 509 1479 542 Et
1505 518 1589 544 nota
1606 537 1616 552 ,
1644 511 1737 557 quod
1766 521 1930 548 notanter
1951 514 2006 549 dia-

1245 555 1295 590 cit
1321 583 1332 599 ,
1369 561 1521 603 guarda,
1563 559 1644 605 quia
1686 571 1781 596 tenet
1818 575 1892 597 earn
1924 577 2005 599 cum

1244 604 1372 642 timore
1400 608 1434 642 &
1465 607 1709 650 solicitudine,
1738 611 1819 659 quia
1849 613 1920 661 ipse
1949 615 2006 650 vi-

1244 655 1286 691 lis
1323 655 1362 692 &
1398 671 1521 692 avarus
1558 661 1648 694 male
1684 663 1852 709 gubernat
1888 664 2004 704 intra.

1244 704 1281 741 S<
1320 707 1433 742 reddit
1479 707 1511 742 se
1557 709 1728 745 odbilem
1773 713 2003 763 Regnicolis;

1243 766 1340 791 extra
1380 766 1496 791 autem
1534 757 1682 795 habebat
1723 774 1880 808 guerram
1924 777 2002 801 cum

1242 805 1377 842 Carolo
1405 806 1537 843 Ciotto
1566 809 1762 854 praedieto.
1792 814 1837 847 Et
1865 812 1976 850 dicit:

1292 855 1507 902 Ov'Anclnse
1525 858 1593 903 fini
1620 860 1653 895 la
1678 861 1778 908 lunga
1804 873 1886 898 etate
1902 891 1912 899 .

1245 907 1301 942 Ad
1343 908 1440 957 cujus
1487 908 1762 954 intelligentiam
1806 913 1851 948 est
1892 913 2005 950 scien-

1243 957 1347 997 dum,
1368 958 1461 1007 quod
1482 957 1568 995 ficut
1589 960 1707 996 scribit
1730 962 1909 1011 Vergilius
1930 969 2003 1000 Ae-

1243 1008 1392 1053 neidos,
1435 1009 1517 1045 dum
1563 1010 1839 1057 proficisceretur
1864 1016 2006 1051 Aeneas

1243 1072 1261 1094 a
1289 1060 1400 1108 Troia
1428 1060 1465 1097 in
1494 1060 1659 1105 Italiam,
1688 1063 1841 1110 perdidit
1869 1074 2003 1113 patrem

1244 1109 1339 1146 suum
1364 1110 1553 1147 Anchisem
1577 1112 1878 1161 antiquissimum,
1905 1116 2003 1163 cujus

1243 1160 1388 1196 confilio
1416 1161 1536 1198 omnia
1564 1163 1704 1211 gerebat
1741 1163 1778 1199 in
1807 1163 1871 1199 illa
1897 1166 2004 1215 longa

1244 1212 1526 1260 peregrinatione
1554 1213 1631 1249 sua.
1667 1214 1737 1250 Cui
1774 1214 1898 1250 struxit
1926 1218 2002 1262 pul-

1242 1263 1453 1298 cherrimum
1506 1265 1682 1300 tumulum
1710 1292 1720 1309 ‚
1766 1266 1799 1300 8<
1849 1265 2004 1303 instituit

1241 1312 1396 1349 diversos
1425 1314 1552 1360 ludos,
1590 1315 1650 1363 qui
1688 1315 1871 1352 annuatim
1913 1317 2005 1352 cele-

1241 1364 1421 1401 brarentur
1442 1365 1478 1400 in
1502 1366 1575 1413 ejus
1596 1366 1822 1402 memoriam.
1852 1369 1899 1403 Et:
1925 1366 2004 1402 sub-

1239 1414 1294 1450 dit
1319 1417 1360 1451 ad
1386 1418 1564 1452 cumulum
1592 1417 1734 1464 majoris
1751 1417 1999 1454 verecundiae:

1333 1486 1349 1492 -
1375 1486 1392 1492 -
1418 1486 1434 1491 —
1453 1465 1524 1508 fien
1550 1467 1658 1501 lettere
1682 1481 1791 1512 mazze

1240 1513 1377 1550 scilicet
1395 1541 1405 1556 ‚
1434 1514 1586 1562 singulae
1615 1528 1676 1557 pro
1705 1516 1889 1562 partibus:

1288 1565 1352 1598 Che
1373 1575 1541 1598 noteranno
1560 1564 1652 1598 molto
1679 1585 1695 1591 -
1722 1585 1738 1591 -
1765 1585 1781 1591 ·
1809 1586 1826 1593 -

1238 1613 1375 1650 scilicet
1392 1642 1402 1657 ‚
1431 1613 1568 1650 suorum
1599 1614 1798 1649 vitiorum:

1288 1686 1304 1691 -
1332 1686 1348 1691 -
1374 1685 1391 1692 .-
1417 1684 1433 1689 -
1462 1665 1495 1697 in
1515 1675 1618 1707 parvo
1641 1664 1724 1699 loco.

1239 1714 1321 1748 idest
1342 1739 1352 1752 ,
1395 1713 1432 1748 in
1488 1713 1630 1749 modico
1680 1713 1795 1764 spatio
1837 1715 2004 1755 chartam*

1240 1766 1285 1798 Et
1313 1763 1379 1798 hoc

1376 1835 1391 1840 -
1418 1828 1438 1849 a
1461 1815 1521 1849 dar
1544 1815 1588 1850 ad
1607 1815 1751 1850 intender
1765 1827 1883 1864 quanto
1903 1818 1920 1851 ὲ
1931 1828 2005 1865 poco

1291 1869 1341 1900 La
1359 1865 1418 1909 sua
1441 1866 1589 1908 [crittura
1615 1887 1803 1894 -----

1241 1914 1376 1951 scilicet
1394 1935 1418 1955 ‚>
1436 1929 1494 1956 ner
1522 1916 1760 1959 contrarium,
1798 1917 1882 1965 quia
1910 1919 2004 1954 mul-

1240 1976 1275 2002 ta
1304 1967 1394 2001 mala
1422 1966 1492 2001 dici
1523 1967 1660 2014 possunt
1687 1968 1728 2002 de
1756 1981 1798 2004 eo
1824 1969 1862 2003 in
1885 1969 2004 2015 paucis

1241 2017 1377 2052 verbis.
1428 2017 1496 2051 Vel
1545 2017 1727 2065 intelligas
1767 2018 2002 2066 simpliciter,

1240 2067 1321 2115 quia
1364 2080 1470 2114 pauca
1513 2066 1701 2114 scriptura.
1719 2069 1827 2115 potest
1855 2068 1931 2104 fieri
1960 2068 2002 2105 de

1240 2131 1302 2157 en,
1330 2117 1412 2165 quia
1441 2117 1545 2152 habet
1566 2131 1690 2161 paucas
1710 2118 1883 2159 virtutes,
1911 2132 1999 2166 quae

1241 2169 1378 2216 poffunt
1398 2168 1512 2203 notari
1533 2181 1597 2215 aper.
1617 2181 1738 2216 paucas
1759 2169 1880 2204 literas
1901 2179 2001 2205 trun-

1240 2233 1315 2258 cas,
1344 2218 1479 2253 scilicet
1506 2217 1533 2254 I.
1561 2219 1653 2267 quod
1675 2220 1842 2264 importat
1867 2233 2000 2260 unum,

1240 2281 1278 2305 ut
1308 2270 1373 2316 jam
1404 2269 1537 2305 dietum
1566 2270 1610 2305 est
1638 2271 1740 2317 paulo
1769 2270 1891 2317 supra.
1933 2270 1999 2306 Sed

1241 2320 1352 2368 prima
1379 2319 1550 2369 expofitio
1577 2320 1715 2356 videtur
1740 2321 1887 2363 melior,
1916 2321 2000 2366 quia

1241 2371 1342 2407 litera
1370 2371 1480 2406 dicit:
1522 2372 1573 2410 che
1606 2381 1774 2406 noteranno
1811 2372 1934 2413 Μαίη),-
1959 2369 1999 2406 &

1241 2422 1291 2457 ita
1319 2435 1388 2456 non
1419 2421 1558 2458 videtur
1585 2422 1676 2472 poffe
1705 2421 1778 2472 pati
1807 2422 1914 2458 talem
1942 2421 1998 2458 in-

1241 2472 1444 2508 telleaum.
1630 2473 1633 2475 ’

1290 2526 1323 2558 Ε
1341 2535 1502 2571 parranno
1528 2545 1758 2554 ------

1853 2572 1946 2609 Heic
