2216 3105
1572 134 1587 144 f

442 203 528 258 437
726 200 1675 247 BENVENUTJJMOLENSJS
1869 206 1956 258 488

384 259 501 294 nidem
519 257 674 295 exercuit
685 258 756 296 ibi.
780 263 875 297 Nota
895 261 1001 297 etiam
1018 286 1029 301 ,
1049 261 1142 309 quod
1171 265 1215 311 JA
1258 261 1432 297 commisit
1473 261 1650 311 peffimam
1697 259 1935 309 proditionem
1977 263 2015 298 in

381 309 522 346 Auaor
548 319 732 347 notaverat
751 311 850 348 istum
872 313 1010 351 astum,
1033 325 1141 360 quum

382 360 465 396 effet
491 360 630 410 juvenis
659 363 838 399 Bononiae
868 363 906 399 in
933 364 1075 399 Studio.

484 413 548 447 ,Ad
573 415 668 448 Cant.
699 417 839 449 XXXII.
869 415 952 460 Vers.
982 426 1039 461 54.

434 461 548 510 Diffe:
566 464 680 498 Perch&
699 476 820 500 cotanto
835 465 868 499 in
888 469 940 499 noi
955 467 982 499 ti
993 465 1113 512 specchi
1123 469 1140 497 ?

383 513 444 550 Ad
485 512 727 562 cognitionem
765 515 1005 563 proditorum,
1053 529 1139 563 quo-

383 577 461 600 rum
489 564 534 600 est
561 563 638 600 heic
666 578 791 613 magna
820 565 942 613 copia,
979 566 1058 601 ideo
1086 566 1137 600 di-

384 628 461 650 cam
489 614 558 650 tibi
587 614 659 649 cito
695 615 737 650 de
764 615 950 661 praedictis
977 617 1011 651 8<
1040 616 1139 651 aliis.

382 664 561 701 Describit
588 665 727 700 Αυᾶοι·
753 665 833 700 istos
860 666 946 701 duos
972 667 1094 702 fratres
1122 680 1140 702 a

381 717 484 758 loco,
513 729 530 750 a
559 715 780 763 parentibus,
820 717 855 751 &
883 729 902 751 a
929 716 1139 765 parricidio.
1187 718 1214 751 B

379 766 441 801 Ad
469 766 565 814 cujus
594 766 644 802 rei
679 765 920 815 cognitionem
957 767 1003 802 est
1029 766 1140 802 scien-

381 815 486 856 dum,
528 816 621 864 quod
649 816 704 852 isti
732 817 872 853 fuerunt
899 816 967 853 duo
995 817 1138 862 fratres,

381 880 531 915 quorum
560 881 647 903 unus
675 876 820 904 vocatus
847 868 892 904 est
912 869 1138 916 Neapoleon,

381 920 416 954 ὃ(
444 920 532 954 alter
562 918 781 958 Alexander,
824 919 928 954 ambo
967 918 1036 955 filii
1064 917 1138 954 Co-

382 969 482 1006 mitis
509 969 652 1011 Alberti
688 969 730 1005 de
766 967 974 1006 Comitibus
1011 970 1139 1005 Alber-

382 1021 450 1064 tis,
479 1020 540 1067 qui
569 1019 748 1056 venientes
769 1020 810 1056 ad
830 1020 1038 1056 discordiam
1061 1033 1140 1068 pro-

380 1082 459 1120 pter
486 1071 736 1110 hereditatem,
778 1070 811 1106 se
846 1071 1002 1107 invicem
1030 1070 1140 1106 inter·
1168 1065 1171 1074 ’

382 1122 562 1158 fecerunt.
592 1121 692 1157 Dicit
719 1135 801 1170 ergo
830 1121 892 1157 ille
920 1121 1098 1169 proditor.

1256 323 1409 361 patrem,
1437 313 1600 349 nominat
1626 311 1736 348 alium
1759 312 2015 348 damnabiliffi-

1256 376 1352 399 mum
1380 363 1617 412 proditorem,
1644 363 1707 411 qui
1735 363 1910 399 commifit
1939 377 2015 412 per-

1255 413 1424 450 niciosam
1471 414 1710 462 proditionem
1759 414 1798 450 in
1848 424 2012 463 patruum

1255 464 1352 501 suum
1387 466 1420 500 &
1448 464 1586 513 stirpem
1615 464 1733 513 suamg
1775 478 1819 501 ex
1855 478 1927 512 quo
1963 465 2013 501 se-

1254 525 1402 563 quutum
1430 516 1475 551 est
1503 529 1666 564 magnum
1695 515 1915 551 scandalum.
1952 515 2011 551 Ad

1253 567 1350 615 cujus
1377 566 1427 602 rei
1456 566 1697 614 cognitionem
1738 566 1783 602 est
1810 565 2011 606 sciendum.

1254 616 1367 664 quod,
1404 615 1489 650 ficut
1526 616 1595 662 jam
1632 615 1729 663 saepe
1771 616 1904 653 dictum
1942 616 2010 656 est.

1252 675 1326 702 erat
1352 666 1390 701 in
1419 666 1573 700 MCCC.
1600 665 1638 700 in
1674 665 1836 701 Civitate
1871 666 2011 703 Pistorii

1256 719 1390 752 Domus
1417 713 1721 751 Cancellariorum
1749 713 2011 756 florentiffima.

1253 767 1290 802 in
1319 779 1385 814 qua
1412 765 1506 801 inter
1532 765 1621 801 alios
1648 773 1747 800 erant
1784 774 1852 801 tres
1889 764 2012 802 fratres

1254 817 1395 853 Milites
1409 845 1417 857 ,
1445 829 1593 864 quorum
1616 828 1703 851 unus
1725 815 1873 851 habebat
1893 815 2011 852 filium

1254 866 1544 916 perditiffimum‚
1589 865 1735 902 nomine
1784 867 2013 912 Focacciam,

1253 917 1295 954 ad
1322 930 1427 953 omne
1454 916 1548 953 nefas
1575 916 1866 965 promtiffimum.
1901 919 2012 954 Acci—

1253 968 1307 1004 dit
1335 976 1451 1004 autem
1480 967 1578 1007 casu,
1615 967 1709 1015 quod
1749 976 1845 1016 pater
1881 971 2011 1004 Focae-

1254 1019 1353 1059 ciae,
1381 1027 1538 1067 tempore
1574 1017 1731 1064 hyemis,
1768 1031 1876 1066 quum
1914 1018 2011 1054 lude-

1254 1079 1348 1105 retur
1384 1069 1425 1104 ad
1464 1069 1615 1108 nivem,
1661 1068 1862 1104 verberavit
1904 1082 2012 1105 unum

1223 1108 1227 1164 l
1255 1133 1397 1168 puerum
1427 1130 1590 1169 nepotem
1618 1118 1738 1163 suum,
1766 1118 1881 1155 filium
1909 1120 2012 1155 unius

431 1177 472 1207 Se
498 1173 574 1207 vani
593 1173 688 1219 saper
712 1174 760 1206 chi
781 1172 837 1217 son
864 1172 966 1214 cotesti
991 1174 1076 1206 due:
1168 1165 1227 1209 :Cl
1253 1171 1421 1215 fratrum,
1458 1170 1541 1219 quia
1569 1170 1632 1206 ille
1659 1169 1839 1205 dicebatur
1876 1169 2010 1218 percus·

382 1224 492 1263 mest,
521 1223 575 1260 isti
602 1223 671 1258 duo
699 1221 820 1259 fratres
841 1222 1138 1271 conjunc‘stiffimi,
1167 1212 1171 1256 l

380 1275 495 1311 dicam
525 1274 591 1310 tibi
620 1273 792 1310 breviter.

432 1330 482 1360 La
511 1326 627 1364 Valle,
656 1325 733 1359 vnde
759 1324 904 1370 Elsentt'o
924 1324 955 1365 fi
981 1324 1139 1367 dechina;

381 1376 557 1412 Bisentius
593 1375 638 1411 est
674 1374 803 1411 fluvius
849 1376 1035 1422 parvulus,
1076 1375 1137 1422 qui

380 1427 494 1463 oritur
521 1427 558 1462 in
588 1426 766 1462 montibus
787 1426 823 1461 in
844 1424 1034 1462 Comitatu
1056 1427 1138 1460 Flo-

379 1478 542 1517 rentino,
585 1477 646 1525 qui
674 1477 806 1512 labitur
847 1477 944 1521 juxta
973 1477 1138 1514 Pratum,

380 1529 540 1565 Castrum
571 1526 845 1575 pulcherrimum
872 1525 966 1561 inter
992 1526 1137 1560 Floren-

378 1581 467 1615 tiam
495 1581 529 1614 &
559 1576 765 1614 Pistorium‚
806 1577 840 1611 8<
877 1577 981 1624 longe
1008 1577 1026 1611 a
1056 1577 1137 1611 Flo—

378 1630 492 1665 rentia
521 1642 579 1676 per
608 1627 662 1663 sex
692 1626 860 1663 milliaria
887 1626 981 1662 cadit
1007 1626 1044 1662 in
1071 1626 1136 1662 flu-
1185 1630 1213 1661 D

379 1680 478 1715 vium
508 1682 645 1714 Arnum
663 1705 671 1712 .

429 1731 493 1766 Del
517 1732 613 1777 padre
639 1730 701 1762 loro
727 1729 884 1767 Alberto,
911 1742 926 1762 e
945 1728 981 1762 di
999 1728 1133 1771 lersue.

378 1781 453 1826 Qui
481 1780 620 1815 fuerunt
648 1778 786 1813 heredes
814 1779 886 1826 ejus
903 1804 911 1813 .
939 1780 986 1812 Et
1014 1791 1134 1826 aggra-

377 1841 438 1867 vat
466 1830 634 1866 deliffium
663 1829 826 1867 istorum,
854 1828 995 1863 dicens:
1027 1828 1082 1863 Isti

428 1881 526 1917 D’un
555 1892 638 1927 corpo
665 1880 760 1924 uscire
776 1906 783 1913 .
811 1900 998 1906 -----

376 1931 482 1979 Quasi
511 1931 627 1966 dicat:
658 1933 812 1966 Fuerunt
840 1929 961 1965 fratres
989 1937 1134 1977 uterque

377 1983 416 2019 ἃ,
445 1980 715 2030 consanguinei,
751 1993 793 2016 cx
822 1980 943 2016 eodem
971 1990 1067 2027 patre
1100 1982 1129 2014 δε

376 2047 419 2069 ex
456 2033 575 2069 eadem
613 2041 723 2067 matre
760 2030 921 2066 oriundi.
963 2030 1133 2066 Videmus

375 2083 472 2119 enim
500 2082 757 2120 communiter,
785 2081 878 2129 quod
903 2080 1045 2121 fratres,
1072 2080 1134 2128 qui
1184 2085 1211 2118 E

378 2135 455 2170 lunt
492 2147 535 2169 ex
570 2131 711 2168 diversis
748 2132 944 2170 matribus,
985 2145 1055 2166 non
1084 2132 1134 2166 ita

376 2184 530 2221 faciliter
558 2182 774 2218 conveniunt
795 2182 887 2218 inter
907 2182 958 2217 se.
989 2184 1035 2216 Et
1055 2181 1135 2217 ideo
1159 2166 1163 2272 ι

377 2233 580 2274 concludit,
607 2232 701 2281 quod
729 2232 807 2268 sunt
835 2231 1028 2280 dignissimi
1058 2245 1135 2267 om-

377 2284 476 2320 nium
504 2284 612 2319 standi
640 2283 676 2319 in
707 2282 819 2332 prima
855 2290 951 2330 parte
980 2282 1136 2331 glaciei,
1159 2276 1163 2336 l

377 2348 482 2382 quam
512 2334 530 2352 *
560 2336 699 2369 Tanam
729 2341 852 2368 vocat.
1159 2337 1163 2388 ἱ

631 2385 693 2419 Ad
721 2383 804 2428 Vers.
833 2383 892 2430 63.

428 2438 500 2471 Non
529 2434 676 2470 Focaccia
702 2454 1017 2459 --------

377 2486 473 2523 Heic
500 2484 686 2521 nominato
713 2482 838 2532 spiritu
875 2482 1040 2532 pessimo,
1076 2482 1139 2531 qui

1252 1221 1322 1257 siffe
1349 1221 1469 1269 inepte
1497 1221 1606 1257 alium
1645 1234 1811 1269 puerum.
1849 1223 1902 1256 Ex
1939 1234 2010 1268 quo

1253 1286 1336 1321 puer
1378 1272 1448 1320 post
1484 1272 1622 1320 aliquos
1661 1271 1734 1307 dies
1780 1271 1942 1306 fimulans
1979 1271 2010 1306 se

1254 1324 1345 1359 velle
1372 1322 1471 1371 loqui
1500 1322 1552 1357 isti
1583 1330 1705 1371 patruo
1725 1321 1807 1363 sue,
1835 1320 1932 1356 dedit
1951 1321 2009 1356 illi

1253 1374 1387 1421 alapam
1425 1373 1463 1408 in
1506 1372 1731 1408 vindictam.
1771 1372 1873 1407 Pater
1912 1372 2009 1420 pueri

1252 1423 1372 1458 dolens
1418 1422 1459 1458 de
1505 1422 1691 1458 temerario
1737 1422 1871 1458 excess'u
1918 1422 2009 1466 filii,

1253 1473 1345 1509 misit
1380 1473 1492 1515 ipsum
1531 1473 1571 1508 ad
1609 1471 1772 1511 fratrem,
1814 1482 1854 1508 ut
1880 1472 2009 1508 faceret

1252 1523 1508 1573 correptionem
1536 1523 1578 1559 de
1604 1535 1646 1558 eo
1674 1522 1715 1558 ad
1744 1522 1934 1571 placitum.
1963 1524 2010 1558 Et

1252 1575 1315 1614 ille
1351 1583 1529 1621 tamquam
1570 1573 1716 1622 prudens
1756 1572 1849 1612 rifit,
1891 1572 1929 1608 ἃ
1957 1587 2010 1608 re-

1253 1625 1417 1661 mittebat
1445 1624 1559 1659 filium
1589 1623 1679 1671 patri
1698 1650 1707 1662 ,
1744 1636 1807 1658 nec
1844 1622 1906 1658 nifi
1935 1623 2009 1658 solo

1252 1675 1390 1711 osculo.
1413 1675 1475 1710 Sed
1498 1673 1664 1709 Focaccia
1686 1672 1868 1708 sceleratus
1889 1672 2010 1722 exspe-

1253 1726 1348 1761 c'tans
1378 1736 1520 1772 puerum
1548 1723 1587 1759 in
1613 1723 1739 1759 limine
1767 1722 1911 1767 domus,
1941 1734 2010 1758 tra-

1253 1775 1308 1811 xit
1345 1775 1457 1823 ipsum
1499 1773 1541 1810 ad
1582 1774 1750 1810 stabulum
1794 1774 1932 1821 patris,
1974 1776 2007 1809 &

1253 1825 1453 1871 amputavit
1488 1824 1546 1860 illi
1585 1838 1726 1860 manum
1774 1824 1883 1872 impie
1929 1838 2007 1860 cum

1252 1876 1329 1913 ense
1367 1876 1465 1925 super
1500 1874 1657 1921 praesepe
1703 1874 1804 1922 equi.
1851 1876 1897 1909 Et
1940 1888 2010 1909 non

1252 1936 1437 1963 contentus
1474 1924 1533 1961 ista
1571 1925 1777 1961 crudelitate
1813 1924 2010 1973 indigniffi*

1253 1979 1328 2016 ma,
1357 1976 1527 2012 continuo
1555 1975 1692 2011 acceffit
1720 1975 1760 2010 ad
1785 1975 1928 2010 domum
1951 1989 2009 2023 pa*

1252 2029 1315 2063 tris
1343 2027 1463 2076 pueri,
1492 2026 1553 2074 qui
1582 2035 1655 2062 erat
1683 2035 1822 2073 patruus
1851 2026 1950 2065 suus,
1971 2025 2009 2062 &

1251 2078 1354 2114 illum
1398 2075 1629 2113 crudelissime
1667 2077 1914 2112 obtruncavit.
1956 2079 2010 2112 Ex

1251 2142 1321 2176 quo
1358 2137 1430 2164 tam
1468 2126 1661 2164 detestabili
1705 2127 1892 2175 parricidio
1930 2137 2010 2162 nata

1250 2179 1294 2215 est
1323 2178 1514 2228 perniciosa
1542 2177 1714 2213 discordia
1741 2178 1778 2213 in
1819 2179 1936 2213 Domo
1963 2177 2009 2212 il-

1251 2231 1305 2273 la,
1333 2230 1370 2265 in
1399 2243 1466 2276 qua
1494 2228 1584 2264 facia
1612 2228 1656 2264 est
1684 2239 1767 2264 tunc
1795 2228 1858 2264 illa
1880 2227 2009 2276 partia--

1251 2281 1332 2316 litas
1360 2281 1536 2315 Alborum
1557 2307 1567 2324 ,
1595 2278 1633 2314 ἃ
1664 2279 1854 2328 Nigrorum
1872 2305 1881 2314 .
1909 2281 2009 2324 Quae

1253 2331 1362 2378 postea
1383 2329 1542 2366 transivit
1560 2331 1781 2368 ,Florentiam
1796 2357 1805 2373 ,
1834 2329 1917 2364 ficut
1939 2330 2008 2374 jam

1250 2381 1346 2429 saepe
1383 2381 1517 2416 dietum
1556 2380 1622 2420 est,
1663 2379 1701 2416 ὃ(
1738 2380 1873 2415 dicetur
1899 2377 2006 2416 alibi.

1248 2432 1331 2479 quia
1361 2434 1492 2466 Dantes
1521 2431 1589 2467 fuit
1617 2431 1658 2466 de
1686 2439 1782 2471 parte
1820 2429 1935 2470 Alba,
1972 2428 2008 2462 δε

1248 2483 1293 2517 ob
1322 2481 1388 2517 hoc
1417 2481 1527 2517 faE'tus
1554 2480 1600 2517 est
1625 2482 1728 2516 exul.
1766 2479 1848 2515 Ideo
1890 2478 2009 2514 noluit

1860 2541 1957 2576 prae—

379 2608 395 2622 *
417 2607 548 2638 Cainam
581 2613 664 2637 certe
693 2604 876 2643 legendum
906 2603 945 2635 fic
974 2603 1060 2635 enim
1091 2602 1261 2647 appellavit
1294 2602 1416 2633 Dantcs
1445 2601 1567 2641 plagam
1598 2598 1685 2632 istam
1713 2599 1822 2632 eodem
1851 2596 1939 2630 versu
1964 2600 2011 2640 58.

465 2647 503 2680 D'
517 2658 557 2677 :m
579 2655 658 2685 carpo
680 2644 768 2685 &sciro
788 2656 797 2677 .,·

821 2657 833 2675 ε
857 2653 936 2675 tutta
959 2644 990 2675 la
1013 2643 1109 2675 caina
1133 2647 1232 2674 Porrus

1256 2655 1303 2674 (etz
1316 2654 1361 2672 ffre
1372 2653 1380 2671 .’
