2216 3105
126 1447 129 1449 >
190 1420 393 1458 intitulavit
435 1423 656 1457 ΜοηανεΙαὶαννι
682 1448 692 1462 ,

128 1481 135 1489 ”
189 1472 257 1508 fuit
293 1472 386 1521 quasi
423 1475 581 1508 occultus
609 1473 714 1520 usque
741 1473 783 1508 ad
810 1481 948 1515 tempus

137 1530 140 1536 ’·
188 1525 336 1558 Bavari.
375 1523 440 1557 Sed
475 1523 518 1556 de
554 1522 604 1557 rei
634 1523 783 1557 veritate
812 1523 950 1558 Auam-

247 259 298 298 80

238 333 254 338 -
281 269 339 338 -ς-
356 333 371 339 -
398 311 444 346 ch'
461 311 490 346 εἱ
510 311 589 356 sard
619 312 742 357 detruso

189 359 290 404 idest,
320 361 459 410 pulsus:

239 415 289 448 La
328 414 408 447 dove
446 414 555 448 Simon
600 414 701 459 Mago
741 414 757 447 ὲ·
794 424 850 463 per
887 413 945 458 suo

288 474 399 498 merto·

189 512 353 553 scilicet,
397 514 434 550 in
475 512 616 549 tertiam
659 513 842 562 bolgiam‚
885 513 946 549 ubi

189 563 382 611 puniuntur
410 563 625 600 simoniaci.
652 566 700 599 Et
726 563 840 599 dicit:

239 616 271 648 E
305 615 381 657 sard
427 615 496 661 quel
540 614 573 648 d'
594 617 732 662 Alagna
775 613 848 661 effer‘
888 614 947 658 piu

284 665 398 710 gruso-

152 712 156 730 ⁷
188 713 290 757 idest,
320 714 543 751 Bonifacium
572 716 672 750 vm.
709 714 770 762 qui
807 714 877 750 fuit
903 715 945 751 de

188 765 352 812 Anagnia
397 764 561 801 Civitate
606 764 825 813 Campaniae
851 793 862 808 ,

188 813 355 861 scriptum
391 815 437 851 est
473 815 603 851 Inferni
640 815 730 864 Cap.
761 818 856 851 xlx.
885 815 946 851 ubi

189 864 327 901 Αυξὶοι·
341 865 449 902 etiam
466 865 687 915 praenuntiat
704 865 834 901 dic-‘tam
851 879 946 901 mor-

189 924 282 959 tem,
310 917 342 951 &
374 930 518 965 poenam
541 916 706 953 infamiae
727 917 944 953 Clementis.

188 967 235 1001 Et
266 965 343 1002 heic
373 967 504 1003 ultimo
541 978 649 1010 nota,
687 968 780 1015 quod
808 967 946 1003 Aufi’tor

191 1025 372 1063 tantopere
399 1018 557 1066 deplorat
586 1018 767 1066 indignam
795 1028 945 1054 mortem

190 1067 366 1106 Henrici,
404 1067 442 1104 δε
481 1069 703 1105 commendat
738 1070 810 1118 ejus
839 1071 946 1105 altam

191 1117 388 1157 virtutem,
429 1117 513 1165 quia
552 1119 665 1166 ipsum
701 1120 872 1167 cognovit
908 1119 946 1154 in

190 1169 292 1207 vita,
334 1169 368 1203 &
410 1167 634 1205 familiariter
673 1170 787 1206 coluit
812 1194 822 1209 ,
863 1169 947 1218 quia

189 1233 249 1266 per
276 1231 355 1254 eum
384 1219 535 1267 speravit
563 1219 680 1255 reduci
707 1220 744 1256 in
775 1220 922 1268 patriam
939 1247 947 1256 .
974 1223 1021 1258 *C

188 1270 294 1315 Quod
324 1279 470 1305 conatur
499 1270 697 1318 persuadere
726 1270 787 1306 fibi
816 1271 852 1307 in
881 1271 947 1307 ali·
974 1256 978 1301 l

188 1320 314 1367 quibus
342 1319 505 1360 Epistolis
534 1320 623 1365 suis,
660 1320 698 1357 &
727 1323 840 1357 multo
877 1321 948 1357 for-

189 1370 259 1406 tius
296 1372 334 1406 in
363 1371 512 1418 quodam
551 1371 611 1407 suo
638 1372 805 1416 Libello,
842 1385 947 1420 quern

734 1423 796 1470 qui
838 1423 948 1459 Liber

188 1573 307 1619 potuit
349 1572 431 1621 juste
467 1571 711 1607 commendare
752 1573 947 1608 Henricum

189 1622 312 1665 istum,
350 1636 368 1658 a
405 1623 502 1671 cujus
541 1622 701 1658 laudibus
738 1636 809 1659 non
846 1623 949 1660 absti-

190 1683 275 1709 nent
302 1673 443 1722 linguae
471 1673 743 1708 adversariorum
760 1699 769 1709 .
992 1675 1025 1710 D

300 1728 363 1759 Ad
389 1726 486 1757 Cant.
515 1726 638 1757 XXXI.
669 1723 751 1766 Vers.
780 1734 838 1769 34.

243 1777 408 1821 Veggendo
435 1778 538 1808 Roma
565 1787 580 1806 e
606 1772 629 1807 l’
647 1774 749 1807 ardua
775 1773 830 1813 sua
856 1785 951 1817 opra-

191 1823 298 1863 Idest,
335 1826 406 1860 alta
435 1822 594 1859 aedificia
631 1822 714 1858 sua.
752 1823 847 1860 Nam
874 1832 951 1859 tota

472 2102 746 2141 ῈΙΝΙδι

275 2626 291 2641 ’
313 2627 364 2661 al„
375 2627 494 2660 mortali

539 253 840 296 COMaffiNT.
871 252 936 294 IN
965 251 1190 294 DANTJS
1218 248 1456 291 COMOED.

981 314 1016 346 A
1061 313 1172 346 Roma
1200 309 1409 344 miraculum
1437 307 1506 346 est,
1536 315 1576 342 ut
1603 305 1652 341 ait
1680 305 1815 341 Gaffio-

906 766 1023 803 ut'B

837 2102 1080 2142 TOMJ

1671 251 1757 289 806

1059 361 1188 396 dorus.
1226 360 1292 394 Vel
1334 358 1441 394 etiam
1482 370 1586 405 opera
1629 355 1815 404 magnifice

1061 411 1147 460 gesta
1177 425 1195 446 a
1224 409 1419 448 Romanis,
1456 421 1543 455 quae
1570 416 1667 443 erant
1696 405 1816 454 pieia,

1061 462 1219 510 sculpta,
1256 461 1289 496 &
1320 459 1444 507 scripta
1472 458 1509 493 in
1539 455 1729 495 aedificiis,
1760 456 1818 490 vel

1061 512 1168 548 etiam
1198 512 1233 547 in
1255 511 1399 546 arcubus
1420 507 1713 557 triumphalibus.
1742 507 1819 541 Un-

1063 563 1104 598 de
1132 562 1320 598 Sidonius:

1113 617 1216 648 Roma
1241 611 1431 646 domicilium
1457 614 1578 658 Legum
1605 607 1678 648 &c-

1061 665 1107 699 Et
1137 663 1251 698 dicit:

1111 711 1368 758 stupefaceanfi‚
1396 733 1412 739 -
1437 733 1455 739 -
1482 733 1499 739 -
1524 732 1542 738 -

1061 764 1165 807 idest,
1194 764 1429 799 mirabantur.
1454 764 1499 797 Et
1520 760 1636 809 tangit
1656 767 1818 808 tempu33

1112 836 1128 842 -
1155 836 1170 841 -
1197 836 1213 841 -
1241 835 1257 840 -
1283 813 1407 860 quando
1426 816 1591 858 Laterano

1111 869 1158 901 A
1176 866 1205 899 le
1231 863 1291 909 cose
1319 862 1338 883 *
1367 863 1479 897 morali
1505 865 1586 897 anda
1613 861 1648 896 di
1670 860 1785 908 sopra.

1061 915 1165 963 Quasi
1202 914 1316 952 dicat:
1355 912 1494 962 quando
1533 914 1644 948 Roma
1680 911 1820 947 eratin

1063 967 1168 1010 flore,
1197 966 1279 1014 quia
1305 974 1390 1000 tune
1417 964 1593 1011 superavit
1618 961 1739 997 omnia
1764 974 1820 997 ae-

1061 1017 1180 1053 dificia
1209 1015 1353 1052 mundi.
1382 1014 1484 1050 Unde
1511 1013 1669 1050 Thomas
1697 1012 1737 1047 de
1766 1014 1819 1047 A-

1060 1068 1169 1117 quino
1197 1077 1269 1103 erat
1297 1066 1420 1102 solitus
1448 1065 1562 1101 dicere
1579 1092 1589 1109 ,
1627 1063 1721 1111 quod
1749 1061 1818 1098 tria

1059 1118 1310 1165 concupiverat
1334 1115 1450 1151 anima
1475 1114 1554 1153 sua,
1579 1112 1723 1150 vidisse:
1752 1113 1820 1150 sci-

1057 1169 1142 1205 licet
1171 1171 1319 1204 Romam
1357 1166 1395 1203 in
1424 1164 1531 1210 flore,
1568 1162 1747 1201 Christum
1776 1165 1815 1202 in

1058 1233 1185 1261 carne,
1225 1220 1260 1254 &
1298 1217 1507 1266 Apostolum
1549 1215 1819 1264 disputantem.⁴

1059 1273 1106 1306 Et
1147 1278 1257 1308 nota¹
1300 1267 1393 1318 quod
1437 1266 1575 1303 Αυέὶοπ
1617 1279 1676 1315 per
1717 1265 1783 1301 hoc
1807 1289 1818 1305 ‚

1060 1321 1153 1369 quod
1190 1319 1302 1363 dicit,
1340 1323 1518 1358 Laterano,
1555 1316 1672 1366 tangit
1708 1329 1818 1353 unum

1062 1368 1360 1406 mirabiliffimum
1403 1366 1603 1404 aedificium
1653 1370 1786 1403 Romae
1811 1393 1820 1403 .

1066 1421 1239 1458 Palatium
1267 1420 1362 1456 enim
1392 1421 1626 1459 Lateranum,
1654 1418 1748 1466 quod
1775 1418 1820 1454 est

1063 1485 1167 1520 prope
1209 1471 1352 1507 Sanetus
1394 1469 1645 1506 Marcellinum
1681 1470 1716 1505 &
1756 1470 1821 1503 Pe-

1060 1532 1185 1566 trum,
1228 1523 1345 1558 versus
1387 1520 1710 1570 septemtrionem,
1750 1517 1822 1555 fuit

1064 1572 1240 1608 Palatium
1269 1571 1450 1613 Neronis,
1487 1581 1528 1607 ut
1563 1570 1653 1607 dicit
1688 1568 1824 1606 Marti-

1062 1637 1144 1659 nus.
1173 1622 1257 1657 Fuit
1280 1631 1395 1658 autem
1422 1621 1508 1657 istud
1531 1622 1707 1658 Palatium
1730 1620 1823 1657 sum-

1063 1672 1314 1714 tuofiffimum‚
1353 1671 1439 1706 ficut
1465 1670 1586 1706 scribit
1613 1671 1822 1706 Suetonius.

1064 1724 1165 1760 Unde
1195 1722 1369 1770 Augustus
1396 1720 1633 1769 gloriabatur,
1662 1720 1694 1756 se
1720 1720 1823 1755 inve-

1064 1774 1148 1808 niffe
1193 1772 1331 1807 Urbem
1376 1770 1598 1807 lateritiam,
1635 1772 1670 1804 8<
1709 1768 1825 1804 fecisse

1065 1833 1315 1857 marmoream.

1167 2100 1548 2148 TERTII..

1582 2572 1773 2609 ELEN=
