2216 3105
498 233 577 274 303
679 279 742 312 Ad
769 279 851 323 Vers.
884 291 945 326 43.
1227 286 1274 320 A!

487 327 661 362 Benedetta
689 329 786 368 colei,
814 331 865 364 che
880 329 912 364 ’n
939 342 968 364 te
993 330 1164 377 s'inclnse.
1215 335 1219 390 Ι

435 376 528 410 Heic
549 386 630 412 nota
645 406 652 418 ,
675 378 824 423 Lestor,
852 381 943 427 quod
965 391 1075 417 mater
1095 385 1190 417 Dan—

433 426 481 460 tis
510 425 576 462 fuit
606 430 682 463 vere
712 430 832 465 beata.
862 434 996 467 vocata
1024 432 1068 468 est
1094 433 1188 468 enim

383 476 389 491 ⁵
410 479 586 523 Gemma,
614 479 646 513 8<
676 488 852 527 tamquam
881 495 1017 529 gemma
1043 482 1190 529 pretiosa

432 525 526 562 misit
554 537 686 564 tantam
715 531 828 565 lucem
856 531 893 566 in
921 533 1113 568 mundum.

567 580 629 613 Ad
655 583 750 615 Cant.
783 584 835 615 ῙΧ.
864 583 946 621 Vers.
976 594 1054 617 112.

482 628 521 661 si
547 641 624 662 come
650 631 694 663 ad
719 631 823 670 Adi,
850 644 906 665 ove
917 631 941 664 ’l
967 635 1100 667 Rodano
1119 633 1189 675 sta-

531 692 618 723 gna,
647 681 713 714 &a

433 727 545 762 Mede)
573 728 695 763 ordina
725 729 766 763 fic
795 730 958 767 literam:

484 780 598 811 Fanno
625 779 787 825 isepolcri
813 781 928 815 tutto’l
954 783 1015 817 loeo
1039 796 1136 823 varo,

433 826 517 862 idest
546 828 679 864 varium
709 830 958 875 diversimode,
986 832 1070 868 ficut
1091 832 1187 869 varia

432 877 478 912 est
505 877 682 915 diverfitas
711 882 867 917 colorum
886 910 895 925 ‚
938 882 999 930 qui
1027 883 1105 918 sunt
1132 883 1187 918 in-

432 936 484 963 tra
513 927 549 964 ἃ
580 943 684 978 prope
713 944 850 967 murum
878 932 972 968 istius
993 933 1185 969 Civitatis.

429 981 468 1012 Si
494 992 591 1014 come:
622 979 740 1029 supple
768 981 902 1018 faciunt
927 985 969 1018 ad
992 984 1093 1020 Arii.
1122 984 1186 1019 Ista

431 1027 573 1065 Civitas
601 1030 645 1065 est
672 1030 708 1066 in
738 1033 919 1080 provincia
948 1034 1185 1077 Narbonenfi,

429 1092 516 1126 quae
545 1081 732 1117 literaliter
760 1083 890 1118 dicitur
917 1085 1086 1123 Arelate,
1125 1083 1185 1118 sita

428 1130 526 1177 super
555 1131 746 1175 Rhodano,
788 1134 891 1181 longe
932 1135 973 1168 ab
1002 1133 1185 1169 Avinione

427 1179 518 1215 forte
547 1194 605 1228 per
632 1191 699 1217 tres
741 1185 901 1226 Leucas,
937 1184 1037 1232 juxta
1080 1197 1183 1231 quam

429 1230 472 1264 est
501 1231 654 1267 maxima
697 1233 890 1269 multitudo
931 1238 1102 1270 Arearum
1132 1234 1185 1269 di—
1210 1217 1213 1311 ἲ

428 1280 598 1317 versarum
628 1282 841 1319 formarum.
889 1286 941 1320 De
977 1285 1103 1332 quibus
1131 1285 1184 1320 di—

428 1331 519 1367 citur
547 1334 808 1377 communiter,
845 1335 937 1382 quod
975 1335 1064 1370 olim
1094 1345 1183 1370 tem-

428 1395 509 1430 pore
544 1381 669 1418 Caroli
713 1385 860 1432 Magni,
889 1384 981 1419 fafiio
1022 1385 1073 1420 ibi
1111 1399 1183 1420 ma-

427 1446 496 1481 gno
537 1433 704 1469 confliftu
750 1435 843 1470 inter
888 1435 1103 1470 Christianos
1145 1434 1182 1470 Sc

428 1486 638 1527 Saracenos,
684 1485 806 1520 multis
848 1485 1011 1532 utrinque
1040 1485 1183 1531 prostra—
1269 1458 1274 1520 l

427 1533 497 1577 tis,
526 1536 684 1570 volentes
712 1534 901 1570 Christiani
930 1535 1120 1583 superstites
1140 1549 1180 1571 ex

427 1584 558 1632 pietate
586 1584 729 1633 sepelire
756 1599 900 1633 corpora
929 1585 1064 1620 suorum
1081 1614 1091 1630 ,
1127 1600 1182 1621 ro-

427 1644 596 1682 gaverunt
639 1637 774 1679 Deum,
817 1645 855 1671 ut
897 1635 1085 1671 ostenderet
1127 1650 1183 1671 eos

428 1684 663 1729 Christianos,
705 1685 767 1733 qui
803 1686 840 1721 in
879 1695 975 1721 tanta
1005 1686 1183 1721 communi

427 1735 532 1783 strage
561 1749 630 1770 non
658 1735 938 1771 discernebantur
965 1737 1006 1771 ab
1030 1736 1183 1771 infideli-

428 1786 510 1820 bus.
531 1788 576 1821 Et
597 1786 766 1822 continuo
788 1787 885 1834 super
899 1787 1057 1833 quolibet
1075 1785 1183 1822 Chri-

427 1835 536 1871 stiano
564 1837 723 1885 apparuit
752 1837 870 1872 cedula
907 1837 1065 1872 indicans
1106 1837 1183 1885 quis

429 1887 492 1922 ille
519 1887 620 1922 effet.
658 1889 704 1922 Et
740 1887 782 1922 fic
811 1887 965 1922 fecerunt
994 1887 1183 1935 sepulturas

429 1950 551 1985 parvas
579 1936 617 1972 ἃ
646 1951 784 1986 magnas
822 1937 1005 1973 secundum
1043 1938 1186 1986 exigen—

430 1987 519 2022 ‘ziam
549 1987 813 2036 cujuscumque.
843 1988 904 2023 Sed
933 1987 1103 2035 quidquid
1132 1988 1185 2023 di-

434 2047 556 2079 catur,
601 2038 724 2082 credo,
767 2041 859 2086 quod
887 2038 953 2075 hoc
990 2038 1029 2073 fit
1058 2052 1186 2073 vanum

435 2087 471 2123 ἃ
500 2087 713 2124 fabulosum.
756 2091 802 2124 Et
839 2089 967 2132 credo,
995 2089 1087 2136 quod
1116 2098 1188 2124 erat

435 2152 476 2174 ex
505 2139 752 2175 consuetudine
774 2140 905 2186 patriae
932 2139 1075 2189 sepelire
1096 2153 1188 2178 mor-

435 2199 535 2233 tuos,
577 2189 660 2225 ficut
702 2190 777 2225 vidi
818 2191 907 2238 apud
949 2191 1034 2225 alias
1063 2191 1189 2225 multas

438 2242 563 2275 Terras
591 2240 627 2274 in
665 2240 818 2287 partibus
855 2239 956 2282 illis,
997 2240 1082 2275 licet
1120 2253 1188 2274 non

436 2289 473 2324 in
501 2298 598 2325 tanta
626 2290 876 2325 multitudine.
920 2289 982 2325 Sed
1011 2290 1100 2324 forte
1124 2280 1214 2337 hoel

437 2349 530 2379 erat,
567 2340 660 2387 quod
701 2341 844 2375 Arelate
871 2340 916 2374 cst
953 2339 1214 2389 antiquissima}

435 2391 600 2434 Civium,
627 2389 664 2426 ἃ
693 2390 760 2425 fuit
788 2390 976 2438 aliquando
997 2400 1099 2437 caput
1126 2393 1192 2425 Re-

434 2442 517 2490 gni,
553 2441 637 2476 sicut
679 2440 753 2476 vidi
781 2450 937 2488 tempore
977 2440 1109 2475 Urbani
1147 2443 1190 2475 V.

435 2505 542 2539 quum
584 2493 733 2527 Carolus
773 2491 957 2526 modernus
999 2492 1192 2528 Imperator

435 2541 570 2579 acceffit
597 2542 639 2579 ad
665 2542 762 2578 istam
791 2542 1014 2587 Civitatem,
1042 2540 1079 2577 ἃ.
1107 2540 1191 2577 fecit
1213 2539 1220 2581 l

1267 2377 1274 2516 Ι

758 219 1225 266 BENVENUTI
1285 221 1737 264 IMOLENSIS

1946 240 1971 266 Ο

1302 281 1334 315 se
1361 280 1520 316 coronari
1546 283 1674 329 Regem
1698 239 1938 316 Arelatenseni
1957 239 2056 329 jiixta

1302 331 1528 366 Rhodanum.
1556 331 1640 366 Ideo
1667 331 1775 366 dicit:
2045 362 2047 365 ,

1350 403 1578 408 ------
1605 380 1696 416 ove’l
1723 383 1855 416 Rodano
1873 382 2020 428 stagna,-

1299 431 1382 467 idest
1408 432 1575 468 inundat.
1602 434 1649 467 Et
1676 445 1753 468 ecce
1781 433 1884 468 aliam
1914 444 2053 479 compa-

1300 492 1471 518 rationem
1489 495 1497 517 ε

1349 534 1388 567 Si
1413 547 1491 568 come
1517 547 1537 567 a
1563 534 1642 568 Pola
1667 531 1761 580 preffb
1786 533 1836 567 del
1863 536 2054 578 anrnaro.

1299 584 1403 626 Juxta
1428 584 1548 618 Polam
1569 583 1766 619 Civitatem
1789 583 1832 618 est
1852 585 1957 618 etiam
1981 595 2053 616 ma—

1299 646 1366 681 gna
1416 633 1608 668 multitudo
1659 636 1829 668 Arearum
1848 659 1855 668 .
1907 632 2053 676 Audio,

1299 682 1391 730 quod
1419 683 1497 718 sunt
1526 682 1619 729 quasi
1659 685 1770 719 DCC.
1798 696 1966 718 numero.
2008 684 2056 717 Et

1300 733 1407 768 fertur
1423 760 1432 776 ‚
1458 734 1549 779 quod
1572 732 1657 767 olim
1683 733 1908 779 portabantur
1928 745 2052 776 corpo-

1299 797 1334 818 ra
1354 783 1394 818 de
1415 782 1598 818 Sclavonia
1625 781 1661 817 &
1697 782 1792 817 Istria
1810 809 1819 823 ,
1859 781 2051 828 sepelienda

1307 833 1358 868 ibi
1386 834 1484 882 juxta
1513 832 1726 868 maritimam
1745 859 1752 867 .
1781 834 1827 867 Et
1855 831 1964 867 dicit:

1348 904 1618 910 -------
1643 882 1737 929 preffo
1763 884 1814 916 del
1833 885 2000 928 ‚Quarnaro
2011 895 2030 924 ;

1298 933 1353 967 Est
1379 933 1473 968 enim
1495 933 1705 968 carnarium
1728 932 1868 980 quidam
1891 933 2051 981 Gulphus

1297 983 1334 1017 in
1361 982 1457 1017 Mari
1486 983 1671 1018 Adriatico
1699 983 1735 1018 in
1765 982 1891 1018 finibus
1929 983 2053 1018 Italiae

1297 1031 1480 1067 continens
1510 1033 1586 1068 XL.
1615 1032 1805 1067 milliaria.
1843 1034 1889 1067 Et
1925 1032 1969 1067 est
1996 1034 2050 1068 lo-

1297 1096 1355 1117 cus
1384 1081 1594 1129 periculosus
1623 1082 1750 1130 valde3
1780 1081 1859 1116 ideo
1886 1081 1999 1116 dicit:

1347 1131 1407 1167 Ch’
1439 1133 1538 1167 Italia
1577 1132 1684 1167 chiude
1703 1157 1713 1172 ‚
1759 1131 1784 1166 ε’
1807 1131 1878 1177 suoi
1927 1131 2053 1166 termini

1398 1182 1525 1230 bagua.

1458 1235 1520 1268 Ad
1545 1236 1640 1268 Cant.
1661 1237 1700 1268 X.
1727 1232 1810 1277 Vers.
1830 1232 1891 1279 46.

1344 1283 1404 1318 Poi
1429 1281 1526 1329 diffe,
1546 1283 1731 1328 fierameme
1751 1283 1825 1327 furo
1851 1283 1980 1324 avverfi

1344 1339 1385 1369 A
1409 1348 1474 1373 me,
1503 1340 1549 1372 εἰ]
1576 1333 1606 1369 α’
1618 1333 1691 1368 miei
1712 1333 1830 1380 primi,
1870 1333 1915 1372 όν
1943 1347 1963 1368 a
1989 1333 2054 1368 mia

1395 1388 1510 1420 Parte.

1296 1437 1413 1477 Nota,
1450 1434 1542 1481 quod
1581 1436 1712 1470 Dantes
1756 1433 1824 1470 fuit
1851 1432 2052 1481 Guelphus,

1295 1483 1331 1518 &
1360 1498 1402 1519 ex
1431 1484 1601 1531 Guelphis
1630 1485 1851 1531 parentibus,
1890 1483 2052 1530 quamvis

1297 1534 1400 1569 multi
1429 1533 1543 1569 dicere
1570 1532 1608 1568 ἃ.
1637 1534 1807 1569 affirmare
1836 1533 2051 1568 contrarium

1297 1592 1466 1619 conentur
1493 1585 1548 1618 vel
1577 1597 1619 1618 ex
1647 1583 1873 1631 ignorantia,
1914 1584 1971 1617 vel
2009 1594 2050 1617 ex

1297 1633 1541 1669 animositate.
1578 1636 1623 1668 Et
1652 1644 1690 1668 ut
1718 1633 1803 1668 alias
1831 1632 1983 1668 rationes
2010 1646 2051 1667 0-

1298 1686 1437 1720 mittam
1455 1712 1465 1728 ,
1507 1686 1637 1718 Dantes
1665 1697 1733 1718 non
1763 1682 1877 1718 fuiffet
1906 1685 2051 1717 Floren-

1298 1735 1366 1769 tiae
1394 1735 1430 1769 in
1459 1747 1585 1782 magno
1612 1733 1697 1768 statu
1717 1761 1726 1777 ‚
1764 1731 1802 1768 ὃ(
1831 1733 1867 1768 in
1895 1733 2050 1767 MCCQ

1299 1798 1384 1819 unus
1425 1783 1466 1819 de
1508 1784 1706 1831 regentibus
1744 1784 1776 1817 8<
1806 1781 2053 1829 regnantibus,

1299 1834 1320 1869 sl
1349 1834 1463 1869 fuisset
1503 1834 1704 1869 Gibellinus
1743 1833 1907 1871 Nobilis,
1944 1845 2053 1880 quum

1301 1886 1367 1930 jam
1397 1898 1456 1932 per
1482 1892 1537 1919 tot
1577 1894 1733 1927 tempora
1771 1893 1850 1918 ante
1877 1881 2052 1917 Gibellini

1299 1936 1403 1970 essent
1431 1933 1558 1982 expulsi
1597 1934 1637 1968 de
1680 1933 1877 1968 Florentia.
1915 1935 2051 1967 Tamen

1300 1985 1435 2021 Auum
1463 1985 1572 2019 noster
1599 1985 1777 2032 Guelphus
1806 1983 2053 2031 originaliter,

1300 2036 1369 2083 post
1396 2034 1629 2083 expulsionem
1660 2034 1751 2069 suam
1780 2033 1889 2068 fat‘stus
1918 2032 1961 2067 est
1988 2032 2053 2067 Gi-

1300 2086 1469 2127 bellinus‚
1498 2085 1609 2120 immo
1630 2083 1946 2125 Gibelliniffimus,
1968 2081 2053 2117 sicut

1298 2146 1412 2183 aperte
1440 2135 1560 2170 scribit
1590 2134 1773 2170 Boccatius
1815 2134 1855 2169 de
1884 2132 2050 2168 Certaldo

1298 2187 1334 2222 in
1363 2186 1421 2222 suo
1448 2187 1593 2222 Libello
1629 2185 1670 2220 de
1699 2186 1784 2220 Vita
1826 2183 1863 2219 ὅ(
1892 2183 2052 2218 Moribus

1299 2236 1445 2272 Daritis.
1474 2236 1598 2277 Unde,
1625 2235 1717 2282 quod
1745 2235 1898 2270 ridenter
1920 2232 2050 2275 refero,

1299 2287 1440 2335 quidam
1478 2285 1682 2335 partificus,
1720 2286 1785 2321 hoc
1821 2284 1967 2327 audito,
1997 2282 2051 2317 di·-

1298 2339 1372 2373 xit:
1406 2338 1480 2372 Ver&
1505 2337 1553 2371 hic
1579 2338 1664 2371 homo
1691 2349 1849 2382 nunquam
1874 2334 1971 2377 facere
1997 2345 2052 2378 po-

1297 2387 1398 2432 tmfflt
1425 2399 1547 2423 tantum
1575 2392 1680 2434 Opus,
1718 2386 1779 2426 nili
1808 2384 1917 2430 saflus
1946 2380 2053 2427 fuisset

1295 2440 1492 2473 Gibellinus.
1512 2440 1557 2473 Et
1578 2438 1700 2482 probat
1721 2436 1882 2472 Farinata
1902 2434 1943 2468 ab
1968 2431 2049 2467 effe-

1296 2489 1353 2524 &u
1370 2488 1599 2524 inimicitiam
1612 2513 1622 2527 ,
1639 2501 1741 2535 quam
1760 2485 1881 2521 habuit
1898 2483 1934 2517 in
1955 2494 2051 2516 com-

1266 2537 1269 2579 ’,
1299 2540 1396 2576 muni
1427 2552 1504 2574 cum
1537 2536 1846 2587 praedecessoribus
1872 2532 2019 2589 Daritis:

1966 2590 2003 2615 ,δι
