2216 3105
462 260 542 302 553

739 251 1203 301 BENVENUTI
1237 257 1677 300 IMOLENSIS

1874 266 1959 315 556

388 302 586 341 *bardorum
624 310 883 349 communiter.
920 317 1156 354 Romandiola
1193 316 1224 352 A
1259 315 1355 362 Quia
1381 326 1457 353 tota
1476 316 1533 353 die
1559 316 1653 353 inter
1679 316 1712 352 se
1738 316 1917 357 rixantur,
1948 332 2012 355 nee

402 352 447 386 est
483 356 619 393 Hortus
656 361 864 404 Romanus,
902 374 977 402 tota
1013 368 1156 414 virens,

400 410 477 439 tota
501 404 629 444 fertilis
648 407 686 446 ἃ,
706 423 871 450 amoena.
898 417 1060 455 Marchia
1079 421 1157 455 An-

400 454 566 492 conitana
611 458 656 494 est
702 462 930 510 Cellarium,
976 469 1059 516 quia
1102 470 1154 506 ibi

399 502 479 540 sunt
506 506 589 543 vina
617 508 814 549 suaviffirna
841 517 1024 563 omnium,
1051 522 1153 560 olea,

397 556 520 600 mela,
562 557 671 596 ficus.
706 564 841 611 Apulia
876 567 922 602 est
957 568 1152 613 stabulum,

396 605 479 654 quia
506 607 559 644 ibi
595 609 674 646 sunt
709 613 919 653 nobiliffimi
954 621 1061 666 equi:
1100 620 1152 657 ibi

394 657 535 704 paleae,
571 658 694 705 foena,
730 662 913 711 stramina,
950 682 1151 718 camporum

396 707 588 750 planities:
626 712 661 745 δε
696 711 750 749 ibi
785 713 877 751 facia
913 717 991 755 sunt
1028 734 1152 770 magna

396 756 487 792 bella
515 761 741 808 campestria.
770 773 809 800 ut
835 767 975 804 Aueior
1001 771 1071 817 jam
1098 772 1153 807 di-
1196 768 1222 802 B

396 806 453 842 xit
479 809 583 845 Cant.
612 813 782 849 XXVIII.
810 815 963 854 Inferni.
990 821 1151 858 Marchia

395 856 583 895 Trivisana
611 861 656 896 est
680 863 898 903 viridarium
926 868 1028 916 hujus
1048 872 1151 908 nobi-

394 907 543 945 liffimae
572 910 725 957 domus,
761 915 890 954 habens
926 921 1064 958 arbores
1099 924 1151 958 al-

394 967 447 993 tas
475 958 638 1005 floridas,
668 966 856 1012 Venetias‚
884 971 1084 1018 Veronam,
1113 972 1149 1009 ὅ(

393 1009 546 1046 Paduam
575 1038 583 1047 .
626 1014 745 1051 Habet
785 1017 894 1055 etiam
929 1020 990 1058 ista
1026 1023 1149 1060 domus

393 1061 522 1097 multas
553 1062 639 1101 alias
677 1067 810 1112 pulcras
839 1067 877 1105 &
907 1075 1149 1110 accommodas

391 1110 610 1157 manfiones‚
645 1114 687 1150 de
722 1117 849 1164 quibus
885 1121 967 1157 esset
1003 1124 1147 1172 longum

393 1160 583 1207 prosequi.
621 1165 685 1200 Sed
727 1167 979 1217 principaliora
1016 1175 1146 1224 tetigi:

391 1211 455 1246 Sed
484 1212 567 1248 haec
596 1213 702 1251 Italia
738 1216 807 1254 fuit
845 1219 977 1269 semper
1012 1226 1148 1273 magnis
1183 1225 1216 1261 C

394 1261 495 1297 bellis
519 1262 662 1301 sonans.
692 1268 784 1304 Bene
805 1269 926 1308 scribit
947 1275 1149 1323 Vergilius,

391 1312 484 1359 quod
506 1313 676 1352 Anchises
705 1328 803 1366 pater
822 1322 984 1367 Aeneae,
1007 1326 1149 1362 veniens

391 1361 429 1397 in
457 1363 680 1413 conspeE’tum
716 1368 870 1417 Italiae,
907 1374 984 1410 viso
1013 1389 1105 1424 equo
1131 1391 1149 1413 a

392 1412 519 1463 longe,
547 1417 741 1455 clamavit:

441 1485 569 1505 -----
576 1493 585 1510 ,
612 1466 729 1503 bellum
753 1474 852 1507 Terra
876 1474 998 1522 hospita
1020 1480 1152 1523 portas!

443 1515 536 1549 Vieni
561 1531 581 1550 a
607 1520 703 1553 vader
718 1541 735 1547 -
751 1542 770 1548 -
782 1542 798 1548 -
815 1543 832 1548 -

392 1566 485 1601 Heic
515 1568 621 1603 Poeta
647 1567 863 1618 improperat
882 1575 1051 1620 quaedam
1073 1590 1148 1625 par-

391 1614 554 1651 ticularia
574 1616 699 1654 damna
723 1621 872 1658 Urbium
893 1623 1040 1669 Italiae,
1061 1641 1148 1675 quo-

393 1677 470 1699 rum
498 1665 570 1711 ipse
598 1667 740 1705 videtur
766 1672 888 1718 causa,
924 1676 958 1710 8<
995 1676 1057 1723 qui
1086 1691 1147 1725 po·
1184 1677 1214 1709 D

389 1722 479 1750 terat
507 1714 660 1753 faciliter
689 1720 877 1759 medicari.
913 1725 1015 1762 Dicit
1042 1741 1145 1777 ergo:

439 1786 455 1792 -
476 1786 494 1791 -
512 1787 529 1792 -
548 1787 565 1793 -
591 1770 769 1804 Manteccbs'
793 1786 809 1806 e
834 1777 1048 1821 Cappellettt‘.

392 1813 474 1850 Istae
516 1815 656 1853 fuerunt
695 1820 783 1856 duae
822 1824 936 1860 clarae
977 1826 1148 1863 Familiae

390 1867 581 1911 Veronae,
623 1881 711 1915 quae
748 1870 942 1910 habuerunt
979 1875 1038 1911 diu
1077 1878 1148 1913 bel-

391 1915 465 1951 lum
503 1929 582 1952 cum
619 1918 688 1954 alia
725 1921 878 1958 Familia
912 1925 1150 1968 nobiliffima,

392 1964 528 2001 scilicet
572 1981 650 2003 cum
693 1968 902 2009 Comitibus
939 1975 982 2011 de
1023 1978 1150 2013 Sanffio

393 2016 605 2053 Bonifacio.
643 2021 735 2055 Nam
762 2024 960 2061 Monticuli
988 2028 1150 2064 Comites

394 2079 472 2102 cum
501 2066 622 2104 favore
650 2071 810 2109 Eccelini
846 2074 890 2110 de
927 2078 1089 2114 Romano
1113 2092 1149 2114 e·—

395 2117 549 2162 {ecerunt
571 2121 732 2156 Azonem
760 2122 808 2159 H.
835 2126 1081 2163 Marchionem
1102 2131 1148 2164 Ε·
1181 2124 1209 2157 E

392 2166 532 2203 stensem
581 2170 765 2208 Rec‘storem
806 2173 908 2211 illius
946 2177 1149 2215 Civitatis.

394 2217 457 2253 Sed
486 2217 560 2266 ipse
584 2219 622 2255 in
651 2234 754 2257 manu
783 2223 870 2261 forti
897 2239 976 2263 cum
1004 2230 1151 2265 comite

398 2267 575 2305 Umberto
593 2271 709 2307 Sanffli
738 2274 936 2319 Bonifacii,
963 2279 1150 2315 Monticu-

393 2318 438 2353 lis
467 2319 541 2355 acie
576 2320 787 2368 debellatis,
822 2326 1010 2364 reintravit
1037 2332 1149 2365 Vero-

393 2381 499 2412 nam,
537 2371 596 2406 ubi
634 2372 738 2408 finem
769 2374 866 2413 vitae
899 2376 1052 2416 feliciter
1079 2389 1149 2416 ter-

388 2418 565 2456 minavit.
592 2423 638 2458 Et
666 2422 778 2460 dicit:

441 2472 594 2506 Monaldi
621 2487 637 2507 e
662 2474 880 2522 Filippescbt'‚
878 2492 1013 2506 -----

392 2519 478 2555 Istae
512 2519 655 2560 fuerunt
687 2524 774 2561 duae
802 2527 1036 2566 nobilissimae
1072 2532 1147 2567 Do-

391 2583 471 2606 mus
496 2571 538 2607 de
566 2573 662 2609 Urbe
688 2576 823 2612 veteri.

473 2643 485 2648 -
504 2643 552 2649 --
578 2636 644 2658 uam
668 2624 766 2671 [ειεξιτ
792 2640 883 2662 cum.

1164 2633 1170 2658 4¹
1219 2630 1223 2647 ξ

1259 367 1304 403 est
1330 367 1391 415 qui
1419 377 1535 403 curet.
1564 369 1610 402 Et
1636 366 1748 403 dicit:

1309 419 1401 453 Color
1421 419 1481 465 gia}
1507 418 1590 460 tm'sti
1615 439 1631 445 -
1647 439 1662 444 -
1678 439 1694 445 -
1711 439 1727 445 -

1259 468 1402 504 Scilicet
1428 467 1673 509 Monticulos,
1709 468 1792 517 quia
1829 469 1900 517 jam
1925 483 2012 507 exu-

1258 519 1307 554 les
1332 519 1367 554 &
1393 518 1560 567 dispersos
1577 545 1587 554 .

1307 590 1322 595 ·
1337 590 1353 596 ·-
1367 591 1384 596 -
1399 591 1414 596 -
1430 583 1445 603 e
1471 569 1561 611 costor
1586 582 1638 604 con
1659 570 1808 616 sospent'.

1257 619 1420 658 Scilicet,
1435 619 1598 654 Monaldi
1616 618 1652 655 δε
1672 620 1884 668 Filippeschi
1896 646 1908 660 ,
1926 622 2010 669 quia

1257 669 1385 705 timent
1420 668 1483 704 fibi
1518 668 1560 703 de
1587 682 1707 704 eorum
1733 672 1856 706 ruina.
1892 674 1938 707 Et
1965 685 2010 708 ex

1256 718 1503 767 indignatione
1543 717 1739 766 ingeminat
1780 722 2012 757 exclamatio-

1256 782 1333 804 nem
1350 793 1360 807 ,
1389 766 1427 804 &
1454 767 1564 802 dicit:

1306 819 1383 852 Vien
1411 818 1540 861 cruciet,
1567 817 1659 852 vieni
1673 839 1810 853 -----

1255 868 1418 904 Crudelis
1435 897 1444 913 ,
1481 868 1563 916 quia
1601 868 1783 916 negligens
1809 882 1926 905 curam
1953 877 2009 906 tot

1256 919 1444 955 Nobilium
1488 917 1794 967 privilegiatorum
1838 920 1881 955 ab
1918 921 2009 956 anti—

1253 969 1330 1015 quis
1369 968 1643 1018 Irnperatoribns
1680 969 1870 1006 Romanis.
1905 971 2007 1008 Unde

1251 1019 1364 1069 dicit3

1301 1090 1410 1097 ---—
1437 1073 1470 1105 E
1495 1070 1572 1105 vedi
1597 1071 1631 1105 la
1653 1069 1792 1118 preffurae

1301 1119 1361 1155 De'
1376 1121 1444 1154 tuoi
1464 1121 1603 1167 gentili.
1620 1142 1637 1147 -
1652 1143 1667 1147 -
1684 1142 1700 1148 -
1715 1141 1734 1147 -
1977 1171 1986 1180 ·

1251 1170 1335 1206 Idest
1356 1195 1367 1210 ‚
1412 1170 1666 1220 oppressionem
1706 1180 1849 1208 tuorum
1891 1172 2007 1209 Nobi-

1249 1222 1359 1257 lium.

1298 1293 1315 1299 -
1330 1293 1346 1299 -
1361 1292 1377 1298 —
1395 1293 1410 1298 -
1425 1286 1442 1306 e
1466 1284 1538 1306 cura
1564 1273 1612 1307 lor
1636 1285 1812 1320 magagne.

1249 1322 1345 1368 Quia
1381 1321 1460 1358 sunt
1497 1321 1567 1359 fine
1602 1336 1709 1359 cura.
1744 1325 1791 1360 Et
1829 1322 1923 1360 inter
1951 1335 2008 1360 ce·

1248 1383 1364 1413 tems,

1297 1427 1332 1458 E
1355 1424 1472 1458 vedrat‘
1495 1422 1679 1467 Santafior,
1705 1436 1784 1457 come
1801 1423 1837 1465 fi
1860 1436 1954 1460 cura.

1247 1472 1304 1508 Isti
1333 1473 1494 1509 Comites
1514 1474 1556 1508 de
1581 1473 1705 1509 Sangia
1733 1475 1838 1509 Flora
1863 1473 2003 1510 fuerunt

1246 1522 1333 1557 olim
1362 1523 1594 1570 potentissimi
1621 1523 1659 1558 in
1686 1523 1874 1559 Maritima
1899 1526 2003 1580 Sena-

1247 1586 1348 1608 rum.
1384 1575 1431 1607 Et
1467 1573 1536 1620 jam
1573 1581 1657 1607 tunc
1694 1572 1855 1608 Senenses
1891 1573 2000 1609 distri—

1248 1623 1397 1658 buebant
1424 1636 1503 1657 eos.
1541 1625 1594 1658 De
1630 1636 1699 1671 qua
1733 1622 1882 1659 materia
1907 1623 2002 1660 dice=

1247 1682 1302 1709 tur
1330 1672 1419 1708 infra
1447 1671 1556 1709 Cant.
1586 1672 1648 1708 XI.

1298 1722 1390 1757 Vien'
1403 1737 1423 1757 a
1448 1724 1545 1756 veder
1571 1743 1587 1748 —
1602 1743 1618 1748 -
1633 1743 1650 1748 -
1665 1743 1682 1749 -

1247 1772 1338 1808 Heic
1377 1772 1510 1807 ultimo
1546 1771 1674 1820 objicit
1711 1772 1866 1808 Alberto
1908 1773 2005 1810 aliud

1248 1823 1359 1869 majus
1379 1823 1509 1857 malurn
1524 1846 1534 1860 ,
1559 1821 1653 1870 quod
1680 1822 1928 1870 praeponderat
1950 1838 2006 1860 cen

1248 1873 1330 1908 teris
1347 1900 1357 1915 ,
1398 1872 1554 1912 scilicet,
1594 1872 1847 1907 desolationem
1888 1876 2001 1910 almae

1250 1923 1355 1958 Urbis
1371 1949 1381 1967 ,
1418 1936 1506 1971 quae
1532 1922 1579 1958 est
1605 1931 1708 1971 caput
1734 1922 1860 1958 Orbis.
1896 1923 2005 1960 Unde

1247 1973 1357 2008 dicit:

1297 2044 1405 2050 ----
1431 2024 1465 2059 la
1490 2033 1548 2058 tua
1573 2027 1701 2067 Roma,

1247 2073 1343 2119 Quia
1370 2073 1496 2110 diceris
1526 2076 1600 2110 Rex
1629 2077 1890 2111 Rornanorum.

1298 2125 1365 2158 Che
1387 2125 1526 2171 piagne,
1768 2160 1777 2162 ,

1248 2174 1355 2213 idest,
1382 2174 1541 2223 deplorat
1568 2174 1664 2211 suam
1690 2174 1964 2212 desolationem.

1301 2227 1429 2259 Vedova
1455 2225 1525 2270 sola
1540 2246 1555 2252 -
1570 2246 1586 2252 -
1603 2247 1618 2252 -
1633 2247 1652 2252 -

1249 2275 1337 2311 Sine
1359 2275 1545 2325 Principe,
1579 2275 1712 2325 Sponso
1736 2277 1770 2311 8<
1800 2276 2000 2312 Proteaore

1249 2326 1341 2373 ejus.
1371 2326 1469 2362 Sicut
1495 2327 1583 2362 olim
1613 2327 1719 2373 primi
1748 2326 1926 2376 Principes
1949 2328 2002 2384 Αἵ

1249 2377 1404 2412 lamanni
1429 2402 1442 2416 ,
1481 2376 1568 2413 ficut
1607 2380 1758 2414 ottones
1782 2405 1795 2422 ‚
1832 2377 2003 2434 consolati

1249 2426 1326 2463 sunt
1368 2441 1443 2463 eam
1469 2452 1481 2467 ,
1524 2428 1606 2465 ideo
1644 2428 1789 2464 invocat
1827 2427 2000 2464 auxilium

1248 2487 1370 2514 tuum.
1399 2478 1503 2514 Unde
1528 2478 1638 2515 dicit:

1298 2549 1313 2555 —
1329 2550 1345 2555 -
1361 2550 1376 2556 —
1391 2550 1407 2556 -
1436 2543 1452 2563 e
1476 2531 1512 2563 di
1538 2545 1555 2564 e
1580 2540 1667 2564 nette
1689 2530 1836 2573 chiama,

1297 2579 1408 2623 Cesare
1440 2580 1501 2614 mio
1515 2601 1532 2607 -
1547 2601 1563 2607 -
1579 2600 1596 2607 -
1610 2600 1629 2607 -

1851 2629 1932 2666 idest
1942 2652 1956 2669 ,ι
