2216 3105
276 204 326 243 81

189 270 225 297 ta
250 219 341 294 {licit
376 256 417 291 de
444 254 514 291 istis
542 255 720 304 auguriis.

192 309 284 358 quod
322 306 479 342 Michael
520 308 659 341 Scottus
686 304 827 340 miscuit
871 307 942 341 Ne-

190 357 419 396 cromantiam
448 356 686 405 Astrologiae.
722 355 804 391 Ideo
832 355 943 390 credi-

191 419 246 445 tus
273 408 317 444 est
343 407 457 442 dicere
484 408 595 442 multa
624 420 722 442 vera.
764 405 943 441 Praedixit

192 459 286 496 enim
323 457 490 506 quaedam
531 457 572 492 de
608 456 828 493 Civitatibus
865 456 942 503 qui-

191 509 331 545 busdam
360 508 483 543 Italiae
501 535 511 552 ,
551 520 696 555 quarum
738 507 855 553 aliqua
883 520 942 541 ve-

192 559 326 596 rificata
363 557 540 594 videmus.
578 558 676 593 Sicut
712 557 752 592 de
794 559 943 592 Mantua

192 609 387 658 praediffia,
414 608 455 643 de
483 622 550 656 qua
577 608 695 644 dixit:

244 663 407 702 Mantua,
427 673 486 694 vae
502 659 582 698 tibi,
603 669 690 694 tanto
709 659 810 692 dolore
828 659 946 705 plena!
971 687 972 703 ἢ

190 712 288 747 Male
324 719 441 745 tamen
479 709 653 757 praedixit
695 719 843 744 mortem
874 711 973 744 Do-v

192 761 283 797 mini
313 759 361 795 sui
390 759 585 799 Friderici,
622 759 677 795 cui
708 760 944 808 praedixerat,
972 795 973 798 ,

193 811 285 859 quod
323 820 395 846 erat
438 810 626 846 moritu-rus
663 811 698 845 in
740 810 944 858 Florentiag

194 862 248 897 sed
286 871 443 897 mortuus
488 862 532 896 est
568 861 604 895 in
651 861 867 896 Florentiola
909 861 944 895 iu

193 913 347 961 Apulia.
388 914 434 946 Et
462 910 503 946 fic
534 910 703 946 Diabolus
740 910 832 958 quasi
861 910 947 945 sem-

195 977 254 1011 per
294 962 388 998 fallit
424 961 483 997 sub
524 962 742 1009 aequivoco.
791 960 947 997 Michael

194 1023 310 1048 tamen
361 1012 491 1048 dicitur
540 1012 744 1060 praevidisse
799 1020 945 1047 mortem

196 1064 313 1106 suam,
340 1076 443 1111 quam
465 1063 576 1097 vitare
597 1076 666 1097 non
688 1061 823 1110 potuit.
846 1064 948 1097 Prae—

195 1114 330 1150 viderat
359 1113 452 1149 enim
481 1113 512 1148 se
541 1113 750 1148 moriturum
780 1112 877 1159 parvi
898 1113 949 1147 la—

196 1164 275 1213 pilli
304 1163 379 1198 casu
408 1163 443 1199 in
472 1173 574 1209 caput
602 1163 698 1198 suum
716 1191 724 1198 .
777 1163 859 1198 Ideo
887 1161 946 1197 fibi

196 1214 394 1263 providerat
419 1241 428 1257 ‚
478 1214 561 1261 quia
610 1215 756 1249 celatam
804 1213 958 1258 ferreamr

195 1266 328 1312 semper
368 1263 427 1298 sub
468 1272 614 1311 caputet>
661 1264 703 1298 ad
744 1263 945 1299 evitandum

194 1316 300 1349 talem
347 1313 661 1361 casumxportabat
681 1339 689 1348 .
735 1314 797 1348 Sed
845 1313 947 1348 semel

194 1364 276 1399 cium
322 1363 478 1398 intraffet
517 1363 554 1397 in
592 1376 694 1397 unam
732 1363 946 1403 Ecclesiam,

194 1415 231 1450 in
259 1427 326 1461 qua
355 1413 552 1461 pulsabatur
579 1413 619 1447 ad
653 1412 792 1460 Corpus
822 1413 947 1448 Domi-

193 1465 251 1504 ni,
291 1463 444 1499 removit
486 1463 664 1514 caputium
703 1476 781 1498 cum
810 1464 947 1502 celata,

193 1524 232 1550 ut
269 1514 397 1549 honora
403 1523 454 1549 iet
491 1509 710 1562 Dominum·
756 1513 866 1562 magis
895 1523 947 1548 ta-

193 1578 294 1604 rnen,
322 1574 360 1600 ut
388 1564 511 1608 credo,
548 1577 590 1598 ne
617 1545 796 1599 notaietur
823 1578 841 1599 a
869 1565 947 1599 vul—

193 1629 260 1664 go,
288 1615 391 1663 quam
421 1628 537 1650 amore
561 1614 713 1659 Christi,
741 1614 778 1649 in
798 1628 868 1662 quo
890 1628 947 1662 pa-

193 1679 269 1701 rum
299 1665 481 1700 credebat.
517 1667 564 1700 Et
600 1678 678 1700 ecce
713 1664 827 1700 statim
856 1665 947 1700 ceci-

193 1716 247 1751 dit
274 1715 415 1762 lapillus
442 1714 540 1762 super
581 1723 683 1763 caput
719 1715 876 1759 nudum,
912 1716 945 1750 &

194 1778 312 1813 parum
341 1764 436 1800 laesit
463 1765 594 1800 cutim.
631 1767 714 1810 Quo
742 1775 883 1813 accepto
912 1766 945 1800 8<

193 1816 404 1863 ponderato,
450 1815 607 1850 Michael
653 1814 802 1863 reperit,
853 1815 945 1863 quod

192 1865 283 1901 tanti
321 1875 393 1901 erat
435 1866 617 1913 ponderis,
659 1865 782 1913 quanti
811 1867 947 1914 praevi—

191 1916 305 1951 derat.
347 1919 464 1962 Quare
504 1917 545 1951 de
581 1925 694 1951 morte
722 1916 778 1951 sua
806 1925 945 1960 certus,

191 1966 359 2014 disposuit
395 1967 493 2003 rebus
531 1966 620 2006 suis,
659 1965 697 2003 &
734 1980 775 2002 eo
803 1968 945 2004 vulnere

191 2024 347 2052 mortuus
374 2017 438 2052 est.

425 2068 487 2102 Ad
515 2068 595 2112 Vers.
628 2071 708 2105 118.

243 2116 321 2151 Vedt'
348 2117 451 2151 Guido
478 2120 611 2152 Bonatti
638 2140 824 2146 -----

241 2167 334 2202 Heic
362 2167 540 2215 Vergilius
567 2168 728 2204 nominat
755 2169 864 2204 aliurn
889 2168 942 2204 di-

191 2216 387 2252 vinatorem
416 2217 619 2252 modernum
657 2218 842 2254 Italicum.
884 2219 942 2254 Ad

191 2268 286 2315 cujus
307 2267 547 2316 cognitionem
563 2268 608 2303 est
629 2267 827 2307 sciendum,
849 2270 941 2316 quod

188 2317 247 2353 iste
283 2318 400 2353 Guido

186 2367 354 2415 strologus
381 2367 540 2404 Comitis
567 2368 741 2404 Guidonis
763 2370 804 2404 de
832 2368 941 2404 Mon-

188 2427 222 2454 te
250 2420 369 2454 Feltro
397 2418 545 2467 famofi3
573 2419 607 2454 8<
635 2432 741 2466 quum
770 2419 841 2466 ipse
868 2422 940 2455 Co-

187 2482 259 2505 mes
280 2478 412 2505 teneret
433 2469 629 2504 Forlivium
644 2497 653 2513 ,
674 2469 821 2517 patriam
839 2469 940 2518 ipsius

187 2520 360 2557 Guidonis
396 2520 433 2556 in
471 2519 725 2559 Romandiola‚
766 2520 826 2556 ubi
867 2529 940 2556 erat

442 2320 595 2354 Bonatus
623 2317 691 2353 fuit
718 2331 862 2366 magnus
889 2321 941 2354 A·
970 2347 972 2354 ,

539 196 838 239 COMMENT.
870 196 934 238 IN
962 191 1094 238 DAN
1101 194 1188 237 TIS
1215 193 1456 237 COMOED.

757 257 803 290 Et
831 264 913 290 nota
932 282 941 299 ‚
977 253 1024 288 A¹
1055 254 1211 303 princeps
1240 254 1346 300 partis
1382 253 1604 298 Gibellinae‚
1646 258 1807 292 utebatur

975 1155 1016 1192 [Ε

980 2072 1007 2104 Ε

1668 198 1746 253 382

1055 304 1197 340 confilio
1225 303 1327 347 ipsius
1364 304 1542 352 Astrologi
1579 306 1614 340 in
1643 307 1806 341 omnibus

1055 354 1212 403 agendis.
1233 356 1279 389 Et
1301 353 1381 389 satis
1403 354 1556 389 constans
1576 354 1698 401 opinio
1715 358 1805 391 mul-

1054 415 1168 440 torum
1190 404 1280 448 fuit,
1301 404 1393 452 quod
1414 404 1485 452 ipse
1505 404 1699 440 obtinuerit
1716 408 1807 440 mul-

1054 465 1104 490 tas
1133 454 1298 490 vi6³mri2s
1327 462 1447 489 contra
1475 454 1731 498 Bononienses,
1769 454 1807 491 ὅ(

1054 506 1141 541 alios
1169 504 1381 540 adversarios
1403 504 1500 549 suos,
1529 505 1690 553 operibus
1711 505 1807 540 istius

1053 556 1246 591 Guidonis.
1276 555 1338 591 Iste
1365 555 1483 591 Guido
1511 556 1672 603 quamvis
1708 569 1809 604 repu-

1054 616 1184 642 taretur
1224 620 1242 641 a
1283 607 1390 655 vulgo
1418 605 1532 642 fatuus
1559 607 1592 641 &
1622 606 1808 654 phantasti-

1053 670 1110 692 cus
1129 684 1140 701 ‚
1167 666 1283 692 tamen
1312 656 1415 705 saepe
1436 656 1649 692 mirabiliter
1674 656 1810 692 indica—

1054 707 1131 743 bat.
1162 709 1255 743 Nam
1275 705 1361 742 fecit
1381 706 1566 742 Comitem
1593 707 1807 755 praedibhun

1054 758 1149 793 exire
1186 766 1306 793 contra
1346 759 1491 801 Gallos,
1528 757 1661 806 &ipse
1688 759 1809 794 exiens

1054 807 1153 843 simul
1194 821 1273 843 cum
1310 821 1373 850 eo,
1415 808 1589 856 praedixit
1626 807 1657 844 se
1686 809 1810 844 vulne-

1055 858 1198 894 randum
1226 859 1264 893 in
1301 871 1414 897 coxa,
1457 857 1494 894 δε
1531 858 1574 893 sic
1611 859 1740 895 accidit
1767 860 1810 895 de

1054 908 1166 944 fae'to.
1196 908 1298 944 Unde
1325 909 1439 943 statim
1465 908 1657 944 medicavit
1677 909 1708 944 se
1729 922 1809 945 cum

1054 973 1123 994 ovo
1150 960 1184 994 8<
1212 959 1350 1007 stuppa,
1387 972 1474 1006 quae
1500 959 1620 994 omnia
1650 967 1811 1008 portave-

1055 1018 1107 1045 rat
1134 1009 1270 1053 secum,
1298 1008 1382 1044 ficut
1409 1009 1555 1057 ipsemet
1582 1009 1700 1045 Guido
1728 1010 1811 1046 scri-

1056 1059 1108 1095 bit
1135 1060 1176 1095 de
1203 1060 1236 1095 se
1263 1059 1357 1108 ipso.
1399 1062 1491 1096 Nam
1529 1060 1647 1096 Guido
1674 1060 1733 1096 iste
1760 1061 1811 1097 fe-

1056 1110 1106 1145 cit
1146 1112 1243 1158 Opus
1283 1111 1441 1158 pulcrum
1484 1112 1518 1145 8<
1564 1124 1728 1160 magnum
1771 1112 1810 1148 in

1058 1160 1275 1208 Astrologia,
1312 1161 1405 1208 quod
1442 1174 1506 1208 ego
1533 1160 1633 1196 vidi.
1672 1164 1710 1196 In
1739 1175 1810 1209 quo

1057 1220 1126 1246 tam
1157 1213 1247 1246 clare
1274 1210 1382 1246 tradit
1409 1211 1604 1246 dotstrinam
1631 1212 1671 1247 dc
1691 1212 1812 1248 Astro-

1056 1261 1172 1309 logia,
1199 1261 1292 1308 quod
1321 1260 1413 1296 visus
1439 1261 1483 1297 est
1503 1263 1593 1297 velle
1614 1262 1735 1299 docere
1762 1263 1812 1299 fe-

1058 1312 1167 1346 minas
1197 1311 1392 1360 Astrologi:¹
1379 1325 1453 1347 ⁶¹..m
1482 1314 1617 1348 Tamen
1647 1312 1706 1349 iste
1735 1322 1813 1349 tan-

1057 1371 1111 1396 tus
1140 1341 1359 1409 Astrologuso
1373 1363 1463 1397 male
1490 1362 1595 1398 scivit
1610 1363 1812 1420 *praeserva-

1057 1425 1091 1446 ιε
1118 1411 1217 1447 istum
1247 1414 1335 1447 Con
1343 1412 1428 1447 item
1457 1412 1492 1448 in
1522 1412 1615 1448 dom*
1608 1413 1682 1449 mio
1725 1415 1784 1451 suo
1802 1440 1812 1454 ‚

1057 1461 1138 1508 quia
1167 1462 1238 1508 post
1266 1475 1394 1497 annum
1425 1463 1576 1510 perdidit
1605 1474 1743 1508 totum,
1773 1476 1812 1502 ut

1057 1511 1197 1547 habebis
1225 1511 1288 1547 infz
1289 1526 1315 1547 a
1343 1514 1446 1548 Cant.
1469 1515 1618 1549 XXVII.
1641 1517 1812 1552 Attamen

1057 1575 1134 1597 cum
1164 1571 1238 1597 tota
1266 1561 1322 1598 sua
1351 1562 1549 1612 Astrologia
1571 1564 1629 1600 iste
1650 1565 1717 1601 fuit
1738 1576 1812 1602 tui·-

1057 1612 1147 1660 piter
1186 1612 1320 1648 delusus
1361 1614 1402 1649 ab
1439 1613 1623 1662 ignorante
1659 1617 1810 1663 quodam

1055 1663 1197 1698 rustico.
1228 1666 1293 1698 Res
1317 1664 1462 1706 jucunda
1488 1675 1664 1701 narratur.
1696 1670 1810 1707 Nam,

1055 1727 1160 1761 quum
1198 1716 1327 1749 Comes
1368 1714 1561 1763 praediffius
1601 1716 1701 1752 staret
1744 1732 1811 1754 una

1055 1764 1110 1799 die
1146 1763 1182 1799 in
1221 1765 1339 1800 Platea
1377 1765 1529 1801 Forlivii
1576 1766 1810 1813 pulcherrima

1054 1815 1087 1849 S<
1117 1827 1261 1862 magna,
1300 1815 1396 1851 venit
1426 1829 1511 1851 unus
1539 1816 1680 1852 rusticus
1709 1831 1810 1854 mcu-

1055 1865 1206 1899 tanarius
1224 1890 1232 1904 ,
1261 1865 1322 1912 qui
1350 1865 1497 1901 donavit
1525 1866 1585 1902 fibi
1615 1881 1717 1903 unam
1744 1869 1809 1905 sal-

1056 1928 1146 1950 mam
1178 1915 1358 1951 Pirorum.
1388 1918 1434 1950 Et
1461 1930 1567 1964 quum
1597 1920 1724 1954 Comes
1756 1920 1809 1955 di-

1055 1974 1170 2000 cerzet
1199 1969 1260 2000 Sta
1287 1980 1398 2000 mecttn
1427 1967 1459 2000 in
1486 1980 1532 2001 coe
1536 1980 1602 2016 nug
1632 1982 1678 2004 ime
1673 1969 1808 2016 pendit

1053 2015 1215 2050 rusticus:
1247 2016 1402 2060 Domine,
1438 2019 1510 2050 volo
1537 2022 1689 2061 recedere
1717 2031 1806 2054 antc-

1053 2079 1143 2112 qsmra
1161 2067 1273 2112 ρΙιΜατ
1302 2067 1377 2113 quia
1396 2067 1610 2110 infallibiliter
1635 2070 1693 2102 erit
1720 2071 1806 2105 Ῐνοείιε

1048 2116 1165 2162 pluvia
1191 2130 1329 2163 magna.
1367 2118 1496 2152 Comes
1522 2117 1563 2153 de
1591 2118 1652 2153 isto
1680 2119 1803 2156 rustico

1051 2166 1222 2210 miratus,
1239 2145 1378 2201 ostatim
1419 2167 1504 2204 fecit
1544 2169 1662 2204 vocari
1704 2171 1744 2205 ad
1773 2171 1804 2207 se

1050 2216 1249 2252 Guidonem
1286 2218 1482 2257 Bonatum‚
1523 2226 1701 2267 tamquam
1730 2234 1804 2257 ma-

1050 2280 1155 2336 gnum
1183 2266 1430 2315 Astrologum‚
1459 2267 1496 2304 ὃς
1523 2268 1616 2304 dixit
1644 2270 1696 2306 ei:
1726 2275 1803 2306 Au-

1021 2349 1023 2363 l
1049 2318 1099 2351 dis
1125 2318 1206 2364 qlod
1231 2317 1309 2352 dicit
1337 2318 1418 2360 iste?
1446 2318 1639 2368 Respondit
1658 2321 1797 2358 Guido:

1021 2365 1025 2435 i
1050 2368 1154 2411 Nescit
1180 2368 1258 2414 quid
1283 2368 1369 2403 dim
1384 2395 1392 2404 .
1429 2371 1493 2404 Sed
1519 2369 1676 2417 εκρειῑαιε
1703 2374 1802 2407 modi-

1022 2438 1023 2455 ῃ
1049 2431 1079 2451 cr·
1075 2431 1133 2452 :.m
1177 2418 1250 2453 Ivit
1285 2418 1403 2454 Guido
1440 2419 1480 2454 ad
1508 2420 1653 2456 studium
1683 2421 1802 2469 suum,

1021 2459 1024 2514 l
1049 2466 1085 2502 δε
1116 2476 1257 2516 accepto
1278 2469 1412 2504 Asttola
1397 2469 1476 2504 “bio
1498 2470 1726 2507 conlideravit
1751 2472 1803 2507 di<

969 2548 972 2563 ,
1019 2527 1023 2560 Ι
1050 2517 1163 2553 Ιιοίῖῐ
1155 2531 1270 2553 ionem
1300 2519 1410 2554 coeli.
1437 2521 1483 2554 Et
1511 2521 1663 2557 reversus
1688 2521 1802 2569 dixit,

1096 2570 1124 2602 E
1152 2569 1171 2603 b
1201 2581 1220 2603 2
1661 2571 1754 2617 quod
