2216 3105
291 255 376 306 765
588 241 889 290 COMMENT.
921 247 985 290 ῑΝ
1013 242 1238 293 DANTJS
1266 241 1505 284 COMOED.
1722 247 1807 294 766

235 309 407 344 vitatem.
434 308 481 343 Et
507 306 585 343 heic
613 316 716 345 nota,
753 307 846 354 quod
874 307 914 342 de
942 307 991 342 rei

235 359 387 394 veritate
422 358 458 393 in
500 357 562 393 isto
610 358 764 392 MCCC.
811 357 991 392 Florentia

235 419 310 444 erat
336 408 373 444 in
402 406 644 444 florentiffimo
671 407 776 442 statu.
814 409 860 443 Et
887 407 990 443 habe-

236 459 296 494 bat
331 468 414 494 tunc
453 458 646 493 maximum
688 470 869 493 numerum
907 471 989 505 gen—

235 508 324 543 tium
344 535 352 543 .
381 509 546 544 Faciebat
571 508 666 543 enim
695 517 778 542 tunc
807 533 963 543 .....

284 561 348 593 Ma
374 559 408 593 la
434 559 669 603 Cittadinanza
694 578 711 583 -
737 579 753 584 -
780 579 795 583 —
822 578 839 584 —

233 608 326 644 Heic
366 606 604 657 Caeciaguida
653 607 765 643 sumta
813 606 988 643 occafione

232 671 276 693 ex
311 658 417 694 diffis
457 658 614 703 deplorat
660 656 910 706 perverfionem
953 659 987 692 &

232 707 466 744 confusionem
505 709 581 744 suae
608 707 800 744 Civitatis.
836 711 884 744 Et
911 709 986 744 bre-

232 757 326 794 viter
365 759 445 793 vult
485 758 626 801 dicere,
674 758 766 804 quod
808 759 985 793 Florentia

231 817 306 844 erat
333 817 415 843 tunc
443 807 601 843 habitata
629 807 738 843 solum
769 808 810 842 ab
831 808 986 856 antiquis

229 860 264 893 δε
293 858 382 894 veris
410 857 586 896 Civibus,
629 858 689 893 ubi
729 858 834 893 modo
861 858 907 893 est
934 873 985 894 re-

229 908 325 955 pleta
352 908 445 943 faece
472 908 695 943 rusticorum.
724 907 825 943 Dicit
851 922 957 957 ergo:

279 962 345 993 Ma
370 959 404 993 la
430 959 685 1005 Cittadinanzae,
713 958 785 993 ch'&
813 971 845 992 or
873 959 984 1002 mista,

227 1007 332 1047 idest,
361 1007 520 1044 confusa:

277 1058 339 1094 De’
354 1059 492 1102 Campi,
520 1081 705 1088 -----

227 1108 333 1153 idest,
370 1109 411 1144 de
449 1109 596 1146 Rusticis
638 1110 766 1150 villae,
810 1123 897 1158 quae
924 1124 984 1156 ap-

227 1160 377 1207 pellatur
403 1160 553 1208 Campi,
591 1162 678 1207 quae
713 1161 814 1196 distat
856 1175 873 1196 a
901 1163 983 1196 Flo-

226 1210 339 1245 rentia
369 1223 426 1257 per
453 1209 509 1245 sex
539 1210 707 1246 milliaria
727 1238 736 1246 .
778 1214 858 1247 Non
901 1224 981 1260 ergo

225 1258 405 1308 intelligas
431 1260 473 1295 de
501 1262 590 1309 agris
608 1289 616 1301 ,
645 1260 731 1297 ficut
758 1261 861 1296 multi
892 1264 981 1297 male

158 1339 162 1341 a
222 1310 450 1359 intelligunt.
480 1313 526 1346 Et
553 1311 619 1346 hoc
646 1311 740 1346 dixit
762 1311 898 1346 Aufflor
919 1326 980 1347 no—

221 1368 357 1400 tanter,
405 1370 544 1408 propter
589 1361 773 1409 quemdam
820 1362 977 1403 Juristam

222 1410 364 1446 nomine
402 1411 597 1447 Dominum
633 1412 783 1457 *Facium
825 1412 866 1447 de
893 1415 978 1448 Cer—

218 1461 342 1507 taldo,
370 1462 432 1508 qui
462 1461 703 1509 fuit-magnus
730 1462 906 1509 ribaldus:

221 1516 225 1518 ’
267 1529 455 1535 -----
481 1512 519 1543 di
544 1512 714 1552 Certatdo',

216 1557 304 1593 istud
333 1557 377 1592 est
404 1558 523 1593 nobile
551 1559 739 1594 Castellum
781 1560 816 1595 in
846 1560 974 1597 Comi—

215 1617 292 1643 tatu
320 1608 519 1644 Florentiae
546 1608 583 1644 in
621 1611 724 1645 Valle
765 1610 890 1646 Elsae.
929 1614 974 1647 Et

215 1657 281 1692 hoc
309 1657 402 1692 dixit
439 1658 576 1692 Auem·
619 1670 760 1706 propter
787 1662 971 1707 quemdam

215 1707 412 1757 Dominum
440 1708 605 1750 jacobum
628 1708 669 1743 de
693 1711 882 1749 Certaldo,
910 1713 971 1759 qui

214 1757 282 1792 fuit
310 1765 427 1792 tantae
454 1757 685 1796 temeritatis,
727 1757 820 1806 quod
862 1773 969 1806 quum

210 1807 363 1843 Potestas
392 1808 591 1843 Florentiae
618 1821 659 1843 ex
689 1818 784 1844 certo
805 1809 881 1845 casu
903 1811 971 1846 mi-

211 1868 377 1901 naretur,
425 1857 456 1892 se
497 1857 731 1905 depositurum
774 1859 968 1907 sceptrum,

209 1907 289 1947 iste,
317 1909 378 1955 qui
406 1917 489 1943 tunc
516 1917 589 1943 erat
616 1909 658 1944 de
687 1908 886 1953 Prioribus,
915 1924 968 1946 ar-

208 1967 372 2006 roganter
398 1957 600 2006 respondit:
645 1962 732 1994 Num
770 1973 807 1993 ne
846 1961 966 2000 credis,

207 2012 291 2054 quod
300 2007 347 2049 fit
366 2009 451 2042 alius
465 2009 564 2052 sciens
584 2022 684 2056 regere
702 2014 832 2044 Terram
848 2010 966 2052 istam?

207 2060 255 2093 Et
282 2058 452 2093 continuo
473 2059 617 2094 assumta
636 2059 734 2107 virga
760 2060 964 2105 potestatis,

207 2107 345 2143 acceffit
381 2107 422 2142 ad
465 2108 641 2143 Palatium
679 2110 882 2154 Potestatis,
928 2112 962 2146 &

206 2158 324 2206 coepit
351 2157 464 2193 sedere
491 2157 532 2192 ad
553 2159 707 2194 Bancum
732 2160 772 2194 ad
794 2160 866 2207 jura
887 2161 961 2196 red-

205 2208 334 2243 denda.
372 2209 419 2243 Et
445 2207 512 2243 hoc
539 2207 624 2243 fecit
651 2209 787 2257 aliquot
814 2210 958 2247 diebus.

204 2258 268 2293 Sed
296 2257 373 2293 heic
402 2267 507 2301 nota,
534 2258 627 2305 quod
654 2259 741 2295 licet
765 2261 959 2308 praediPcus
987 2288 993 2299 .

206 2308 264 2344 sua
299 2308 499 2344 temeritate
546 2308 646 2344 cedat
690 2310 732 2345 ad
780 2310 962 2347 infamiam

204 2358 367 2394 Certaldi
384 2386 395 2401 ‚
435 2368 553 2394 tamen
582 2360 798 2409 temporibus
826 2361 962 2397 moder—

202 2409 257 2445 nis
286 2407 407 2444 floruit
445 2409 655 2445 Boccaccius
697 2410 739 2446 de
765 2412 959 2451 Certaldo,

202 2459 265 2508 qui
291 2459 462 2495 suavitate
491 2459 568 2495 suae
609 2459 798 2509 sapientiae
823 2463 857 2497 δ(
886 2463 959 2497 elo-

200 2510 366 2558 quentiae
392 2509 545 2546 reddidit
572 2509 684 2558 ipsum
713 2513 830 2547 locum
868 2514 958 2548 cele-

201 2561 294 2597 brem
322 2561 355 2596 &
384 2560 552 2597 famosum
573 2587 582 2596 .
608 2561 678 2596 Hie
708 2561 872 2609 liquidem
898 2565 956 2606 Jo-
982 2545 988 2603 l

1033 310 1078 345 A:
1104 304 1233 339 hannes
1261 301 1491 344 Boccaccius,
1519 296 1635 334 verius
1663 298 1776 333 Bucca
1805 312 1864 333 au—

1104 355 1187 392 rea)
1230 351 1448 387 venerabilis
1491 352 1701 396 Praeceptor
1748 361 1864 387 meus,

1103 401 1389 452 diligentiffimus
1418 402 1534 435 cultor
1574 400 1607 433 &
1636 398 1863 434 familiariffi-

1104 468 1180 490 mus
1207 452 1312 488 nostri
1339 450 1531 488 Aufiioris,
1574 448 1624 483 ibi
1667 451 1784 495 pulcra
1810 452 1861 483 0-

1104 518 1182 551 pera
1209 502 1344 551 edidit;
1381 500 1564 550 praecipue
1600 499 1712 534 edidit
1753 512 1859 534 unum

1102 555 1252 591 Librum
1282 565 1446 600 magnum
1475 552 1508 586 δε
1537 549 1662 584 utilem
1691 549 1731 583 ad
1753 548 1859 583 intel—

1104 604 1288 653 ligentiam
1326 605 1509 638 Poetarum
1553 600 1593 635 de
1635 599 1859 647 Genealogiis

1105 657 1280 690 Deorum..
1322 653 1412 689 Item
1449 652 1599 688 Librum
1629 663 1790 698 magnum
1820 648 1859 685 ἃ

1103 705 1227 741 utilem
1249 705 1289 739 de
1311 703 1437 739 casibus
1459 702 1624 737 Virorum
1648 700 1858 736 Illustrium.

1104 758 1191 791 Item
1220 755 1401 791 Libellum
1429 752 1470 787 de
1498 751 1711 787 Mulieribus
1736 750 1857 785 claris.

1103 808 1191 841 Item
1239 805 1388 841 Librum
1437 802 1477 837 de
1526 801 1777 848 Fluminibusg
1819 799 1857 835 ἃ

1102 857 1251 892 Librum
1280 853 1528 890 Bucolicorum
1557 879 1565 887 .
1593 879 1602 887 .
1629 878 1639 886 .
1668 877 1675 886 .

1150 927 1339 933 -----
1366 919 1382 938 e
1405 904 1441 938 di
1470 903 1630 949 Fighine,

1100 956 1203 1000 idest,
1240 957 1308 992 alia
1337 955 1434 990 Villa
1462 954 1690 995 Comitatus,
1731 951 1854 988 distans

1099 1020 1116 1042 a
1154 1007 1315 1043 Civitate
1351 1019 1410 1052 per
1456 1006 1535 1038 XII.
1578 1002 1766 1038 milliaria.
1808 1005 1856 1038 Et

1098 1057 1164 1093 hoc
1191 1058 1285 1093 dixit
1311 1064 1475 1091 notanter
1501 1062 1642 1102 propter
1668 1053 1854 1100 quemdam

1099 1108 1292 1143 Dominum
1331 1106 1492 1154 Deghum
1529 1104 1571 1139 de
1614 1102 1767 1151 Fighino
1794 1106 1855 1147 Ju-

1097 1158 1234 1199 ristam,
1262 1157 1423 1193 similiter
1449 1155 1643 1191 ribaldum.
1672 1156 1719 1188 Et
1737 1154 1850 1190 dicit:

1145 1212 1233 1243 Pura
1258 1208 1383 1249 vedeafi
1410 1221 1447 1241 ne
1472 1205 1495 1240 l’
1511 1206 1623 1239 ultimo
1646 1205 1777 1246 uqmsta
1792 1231 1802 1240 .

1098 1259 1203 1299 idest,
1241 1258 1308 1294 fine
1336 1258 1451 1305 aliqua
1490 1255 1646 1292 mixtura
1683 1255 1853 1292 exteriori

1095 1309 1131 1344 in
1162 1308 1329 1344 viliffirno
1366 1307 1539 1351 Artifice‚
1576 1305 1660 1342 ficut
1705 1305 1744 1341 in
1771 1319 1851 1352 eos,

1094 1359 1154 1406 qui
1184 1369 1331 1408 purgant
1359 1361 1528 1394 Cloacas.

1142 1414 1168 1443 O
1198 1422 1313 1457 quanto
1332 1410 1404 1453 fora
1426 1409 1537 1456 meglio
1553 1435 1562 1452 ‚
1590 1429 1777 1435 —————

1093 1460 1184 1495 Heic
1221 1460 1454 1509 Caeciaguida
1491 1472 1533 1494 ex
1571 1458 1675 1494 difflis
1713 1459 1850 1507 arguit,

1092 1510 1184 1555 quod
1213 1510 1337 1545 melius
1365 1511 1445 1545 effet
1474 1509 1597 1544 habere
1633 1510 1747 1545 dicim
1777 1513 1849 1546 Ru-

1091 1559 1235 1595 sticanos
1274 1574 1335 1606 pro
1364 1560 1518 1599 vicinis,
1559 1573 1662 1607 quam
1694 1573 1754 1607 pro
1783 1561 1848 1596 Ci-

1090 1609 1212 1645 vibus.
1255 1610 1362 1645 Unde
1398 1610 1622 1657 indignanter
1650 1611 1848 1645 exclamans

1088 1659 1198 1694 dicit:
1228 1665 1253 1693 O
1280 1672 1396 1707 quanto
1417 1660 1488 1703 fora
1513 1661 1654 1706 meglio‚·
1681 1660 1770 1708 quali
1793 1661 1847 1696 di-

1088 1720 1172 1745 cat:
1216 1712 1320 1759 longe
1357 1709 1447 1746 foret
1483 1710 1609 1746 melius
1650 1723 1713 1759 pro
1741 1711 1846 1746 Civi-

1087 1769 1181 1795 tate:

1136 1830 1321 1837 —————
1347 1810 1419 1856 effer
1437 1812 1541 1846 vicine

1111 1860 1248 1904 'Quelle
1266 1862 1378 1906 genti,
1407 1860 1452 1894 ch'
1470 1863 1498 1894 io
1522 1861 1611 1904 dico,
1640 1881 1655 1887 -
1681 1882 1699 1887 -
1724 1883 1741 1888 -

1083 1906 1237 1947 scilicet,
1265 1909 1348 1945 illos
1375 1909 1416 1944 de
1445 1911 1564 1953 Villa,
1595 1924 1682 1957 quae
1709 1911 1841 1949 dicitur

1080 1956 1121 1992 de
1148 1958 1267 1993 Castro
1294 1959 1486 2000 Certaldo,
1523 1959 1565 1995 de
1594 1961 1762 2010 Fighine,
1799 1962 1837 1999 ὅ(

1080 2006 1228 2051 ssmiles,
1265 2008 1338 2055 effer
1364 2010 1490 2052 vicine,
1529 2010 1633 2055 idest,
1675 2013 1738 2049 effe
1765 2015 1839 2049 Co-

1077 2057 1301 2098 mitatenses‚
1329 2060 1433 2107 quam
1461 2060 1658 2098 Concives:

1099 2130 1102 2131 ⁷
1127 2129 1144 2135 -
1161 2108 1228 2135 ζ’·
1254 2130 1270 2135 -
1297 2130 1312 2136 -
1340 2110 1386 2149 &⁴
1413 2112 1448 2146 al
1472 2111 1633 2157 Galluzzo

1126 2162 1175 2193 Et
1198 2173 1219 2194 a
1239 2160 1409 2205 Trespiano
1432 2175 1509 2196 aver
1532 2164 1634 2204 vostro
1653 2164 1771 2208 cenfine
1785 2191 1796 2200 .

1076 2210 1258 2256 Galluzzo,
1305 2212 1402 2246 locus
1438 2212 1562 2248 distans
1600 2226 1618 2248 a
1656 2216 1835 2252 Florentia

1077 2272 1136 2307 per
1162 2273 1268 2295 unum
1297 2260 1470 2297 milliare:
1513 2262 1560 2300 (θ’
1586 2278 1606 2298 a
1633 2265 1833 2310 Trespiano;

1076 2309 1133 2344 Ad
1161 2311 1254 2358 quod
1282 2310 1456 2347 sciendum
1472 2339 1481 2355 ‚
1509 2313 1601 2360 quod
1623 2314 1706 2357 iste,
1727 2329 1831 2363 quem

1077 2371 1179 2395 vocat
1206 2360 1391 2403 rusticum,
1420 2362 1488 2397 fuit
1515 2363 1655 2410 quidam
1685 2366 1829 2411 Jurista,

1074 2410 1217 2446 nomine
1237 2412 1420 2447 Hubaldus
1440 2412 1481 2448 de
1503 2415 1727 2463 Aguglione.
1749 2417 1829 2453 Vil-

1073 2461 1106 2495 la
1146 2460 1351 2497 Comitatus
1390 2464 1617 2509 Florentiae,
1661 2465 1723 2514 qui
1760 2465 1829 2503 fuit

1073 2524 1216 2557 magnus
1253 2513 1367 2547 canis.
1429 2513 1578 2550 Dicebat
1613 2514 1646 2551 se
1693 2517 1827 2562 optime

1071 2562 1164 2597 noffe
1191 2562 1370 2611 Guelphos
1396 2564 1430 2598 δε
1457 2564 1657 2600 Gibellinos
1675 2591 1684 2600 .
1712 2565 1750 2601 ὅτ.
1778 2566 1821 2602 fe-

1106 2614 1138 2647 C
1165 2625 1182 2647 c
1210 2626 1228 2647 c
1257 2625 1278 2648 2
1717 2616 1768 2651 cit
