2216 3105
383 190 462 230 331
693 180 1130 228 BENVENUTI
1174 185 1584 230 IMOLENSJS
1805 204 1883 245 332

324 232 406 280 quid
446 233 596 272 faciebat
622 237 663 273 ad
701 239 798 276 suum
839 242 1076 292 propositum3
1111 247 1160 281 A*
1190 259 1280 292 quo,
1312 246 1397 282 ficut
1427 250 1576 292 Magnes
1604 245 1750 282 attrahit
1778 249 1949 282 Ferrum.

323 286 415 330 quod
446 288 578 331 Trescha
605 288 650 323 est
677 292 844 337 quaedam
870 295 1009 333 Dama,
1037 295 1078 329 fi-

322 346 365 368 ve
393 349 499 382 genus
527 338 697 387 tripudii,
725 343 817 390 quod
855 343 896 379 fit
925 346 1076 392 Neapoli

323 385 560 424 artificialiter
586 391 708 427 valde.
748 396 840 428 Nam
877 395 921 430 est
956 397 1076 432 Ludus

322 436 429 472 nimis
457 439 666 476 intricatus.
704 445 803 479 Stant
840 445 933 480 enim
963 449 1076 494 plures

320 485 381 521 fibi
411 489 564 525 invicem
602 493 773 540 oppofiti.
809 497 856 530 Et
893 509 980 532 unus
1007 499 1076 533 ele-

320 538 420 573 vabit
449 553 590 576 manum
627 543 668 577 ad
705 557 808 579 unam
847 556 1005 593 partem,
1042 550 1074 582 &

319 587 436 624 subito
454 591 515 625 alii
532 592 663 627 intenti
680 592 810 630 facient
829 595 921 631 idem
935 623 943 631 .
966 598 1076 633 Dein—

320 638 363 673 de
401 641 559 676 movebit
595 657 737 679 manum
775 645 816 680 ad
855 647 961 682 aliam
1001 662 1075 696 par-

321 697 413 728 tem,
451 690 484 725 8<
522 693 572 727 ita
608 692 738 729 facient
766 697 891 731 ceteri.
928 701 974 733 Et
1011 700 1077 733 ali-

321 741 461 785 quando
481 743 598 778 ambas
620 757 743 780 manus
764 745 884 782 fimul:
915 749 1077 795 aliquan-

318 793 364 824 ῖὲο
403 802 557 828 vertetur
592 795 633 830 ad
671 809 773 831 unam
813 808 973 847 partem3
1012 800 1078 835 ali-

320 842 459 887 quando
487 844 528 878 ad
556 844 690 894 aliam;
721 848 754 881 8<
784 848 824 883 ad
852 862 974 885 omnes
1002 864 1077 886 mo-

319 900 376 926 tus
405 894 509 929 ceteri
549 894 677 930 habent
702 897 904 944 respondere
933 914 1076 950 propor-

318 941 560 980 tionabiliter.
600 946 705 982 Unde
742 948 786 983 est
823 950 984 987 mirabile
1020 952 1075 986 vi-

318 992 397 1027 dere
433 1003 567 1030 tantam
604 998 872 1036 dimicationem
910 1015 1074 1037 manuum

319 1041 356 1078 &
377 1046 538 1081 omnium
559 1049 815 1086 membrorum.
845 1054 897 1086 lta
925 1052 979 1087 isti
1008 1053 1075 1088 mi-

318 1092 383 1129 seri
406 1096 576 1132 continuo
597 1099 814 1136 dimicabant
834 1113 953 1138 contra
976 1102 1075 1137 flam-

317 1157 391 1180 mas
419 1158 607 1194 coquentes
634 1163 718 1190 eos‚
754 1151 918 1188 ducentes
955 1154 1076 1189 celeri—

317 1204 372 1230 ter
400 1210 521 1233 manus
558 1212 651 1235 nunc
688 1200 817 1238 sursum
855 1217 947 1239 nunc
977 1204 1076 1239 deor—

317 1245 413 1286 sum,
451 1261 542 1284 nunc
570 1250 611 1285 ad
640 1251 817 1288 dexteram
847 1268 938 1290 nunc
967 1255 1007 1290 acl
1036 1255 1076 1289 fi—

316 1297 482 1342 nistram,
509 1313 602 1336 nunc
630 1302 748 1342 recte,
786 1318 878 1340 nunc
905 1306 1075 1352 oblique,

316 1347 504 1385 secundum
532 1352 624 1398 quod
654 1352 794 1389 flamma
822 1369 938 1391 recens
968 1356 1075 1391 attin-

317 1399 420 1457 gebat
447 1402 642 1448 quemlibet
663 1403 700 1439 in
722 1405 855 1441 diversa
883 1416 978 1455 parte
1000 1420 1077 1442 cor—

318 1463 433 1498 poris.

469 1504 532 1537 Ad
557 1507 653 1539 Cant.
683 1508 751 1540 XV.
783 1507 864 1551 Vers.
892 1520 927 1552 4.

369 1551 496 1598 Qtral'i
531 1556 754 1602 Fiamminghi
789 1568 840 1592 tra
875 1559 1036 1603 Gut'zante
1062 1572 1076 1592 e

421 1605 594 1649 Bmggffl,

318 1651 411 1688 Heie
449 1654 589 1690 Auctor
623 1656 775 1692 declarat
812 1657 959 1694 formam
997 1659 1075 1694 isto—

318 1716 395 1760 rum
425 1717 587 1752 aggerum
627 1720 686 1754 per
721 1708 897 1755 duplicem
936 1723 1077 1757 compa-

318 1762 518 1791 rationem.
556 1758 602 1791 Et
640 1758 794 1794 breviter
829 1762 907 1795 vult
943 1761 1077 1799 dicere,

319 1805 413 1850 quod
441 1819 580 1854 aggeres
608 1807 661 1842 isti
701 1808 780 1843 sunt
816 1812 923 1853 tales,
961 1812 1079 1858 quales

321 1853 412 1890 fiunt
455 1856 492 1891 in
536 1858 699 1893 Flandria
742 1860 840 1907 juxta
882 1861 1079 1897 Civitatem

322 1906 473 1953 Brugiae
510 1919 631 1943 contra
668 1909 839 1955 impetum
878 1912 1010 1955 maris,
1046 1913 1079 1946 ἃ

323 1958 442 2002 quales
471 1956 560 1993 fiunt
598 1959 635 1995 in
676 1962 776 1996 Italia
814 1963 901 2009 apud
939 1963 1080 1998 Civita-

324 2015 395 2041 tem
436 2009 571 2045 Paduae
606 2022 726 2046 contra
763 2012 934 2059 impetum
974 2015 1081 2048 Bren—

325 2065 383 2092 tae
407 2084 416 2093 .
458 2060 507 2093 Et
547 2060 588 2095 ad
629 2061 901 2099 declarationem
950 2065 1081 2113 primae

326 2110 603 2155 comparationis
644 2112 688 2147 est
728 2112 906 2150 sciendum
932 2140 944 2155 ,
989 2115 1081 2162 quod

325 2159 450 2200 Luna,
478 2174 566 2207 quae
593 2161 725 2211 saepius
752 2165 796 2199 est
824 2175 948 2201 vocata
976 2166 1082 2213 Regi-

327 2221 372 2243 na
415 2209 544 2245 Inferni
583 2213 624 2247 ab
661 2214 818 2250 Auffiore
843 2241 855 2255 ,
890 2216 989 2251 omni
1027 2216 1083 2250 die

327 2260 480 2295 naturali
518 2272 639 2297 movet
675 2264 727 2300 bis
765 2279 887 2305 mare,
923 2265 961 2301 ἃ
999 2266 1084 2301 facit

328 2308 464 2345 fluxum
500 2312 533 2346 8<
571 2312 743 2350 refluxum
779 2315 817 2351 in
853 2319 983 2351 XXlV.
1020 2317 1085 2352 ho-

325 2359 396 2399 ris,
426 2360 510 2396 ficut
538 2362 598 2398 iste
627 2365 764 2401 Auctor
789 2370 905 2414 tangit
934 2368 1084 2415 expresse

328 2412 435 2446 Cant.
480 2414 575 2448 XVI.
620 2416 768 2452 Paradifi
797 2445 806 2453 .
848 2420 946 2454 Luna
989 2418 1083 2453 enim

329 2471 441 2497 mater
475 2462 658 2505 humoris,
694 2467 778 2504 ficut
814 2471 872 2504 Sol
909 2469 953 2504 est
989 2479 1086 2515 pater

329 2512 487 2554 caloris,
522 2516 670 2553 attrahit
706 2532 830 2567 aquam
868 2520 910 2555 de
943 2519 1084 2569 longin-

1191 296 1293 332 lstum
1322 308 1437 333 autem
1469 310 1606 333 motum
1636 311 1742 344 aquae
1772 301 1872 334 Luna
1898 296 1949 331 fa-

1190 347 1239 383 cit
1267 347 1477 384 mirabiliter
1508 350 1544 384 in
1574 348 1793 391 Occidente,
1832 347 1945 383 maxi-

1192 411 1246 434 me
1282 399 1421 446 quando
1457 399 1501 434 est
1548 399 1844 445 Quintadecima.
1893 400 1946 433 De

1192 462 1262 496 quo
1288 449 1420 485 summe
1445 450 1616 485 mirantur
1641 450 1757 497 magni
1786 449 1945 485 Marina-

1191 499 1257 538 rii,
1285 500 1366 546 quia
1388 514 1457 535 non
1486 500 1529 535 fic
1556 500 1597 535 fit
1626 500 1662 534 in
1688 500 1855 540 Oriente,
1885 512 1946 534 nec

1191 549 1228 584 in
1264 549 1360 585 Mari
1398 551 1687 585 Mediterraneo.
1730 554 1769 585 ln
1808 561 1945 585 tantum

1191 599 1286 634 enim
1322 613 1410 648 aqua
1439 601 1543 635 maris
1571 600 1737 636 excrescit
1775 600 1811 635 in
1841 600 1946 635 Occi-

1191 651 1316 692 dente,
1352 653 1444 696 quod
1483 649 1578 697 saepe
1606 650 1691 684 facit
1721 650 1866 685 flumina
1894 663 1946 685 re-

1192 699 1367 735 trocedere
1395 713 1472 734 cum
1504 713 1629 748 magno
1657 699 1811 741 impetu.
1842 699 1949 734 Unde

1192 750 1228 785 in
1257 750 1410 797 Anglia,
1448 764 1535 798 quae
1563 751 1608 785 est
1644 751 1680 785 in
1709 752 1850 784 Oceano
1877 752 1949 784 Oc-

1193 800 1382 840 cidentali‚
1411 800 1459 835 ita
1489 800 1710 848 supercrelcit
1738 813 1831 835 mare
1857 799 1946 847 apud

1193 851 1369 887 Londram
1399 851 1595 886 Civitatem
1627 851 1817 899 Regalem‚
1854 852 1947 898 quod

1193 915 1279 948 aqua
1311 900 1471 937 fluminis
1507 901 1653 937 Tamifii
1692 901 1949 949 supragraditur

1194 954 1340 987 Pontem
1366 954 1475 986 altum
1498 952 1619 987 valde.
1647 951 1705 987 Ad
1735 950 1947 999 propositum

1192 1015 1302 1050 ergo.
1342 1004 1380 1037 In
1418 1003 1605 1044 Flandria,
1642 1015 1730 1050 quae
1765 1001 1810 1036 est
1847 1003 1946 1049 juxta

1192 1055 1393 1092 Oceanum,
1418 1054 1452 1087 δε
1471 1053 1612 1099 respicit
1633 1051 1947 1098 Septemtrionem‚

1192 1102 1232 1138 fit
1260 1103 1309 1138 ita
1339 1102 1439 1138 fortis
1469 1102 1604 1146 fluxus,
1633 1102 1725 1150 quod
1751 1101 1884 1150 detegit
1903 1101 1949 1137 li-

1139 1193 1143 1197 ,
1192 1165 1246 1189 tus
1275 1154 1463 1201 aliquando
1493 1167 1550 1199 per
1570 1156 1614 1188 V.
1644 1152 1836 1200 milliaria3
1857 1153 1890 1187 &
1917 1152 1948 1187 i-

1193 1215 1226 1240 ta
1255 1203 1407 1240 refluxus
1436 1204 1631 1252 recooperit
1656 1215 1782 1239 terram
1811 1204 1861 1238 ita
1889 1216 1950 1238 ve-

1192 1255 1339 1294 lociter,
1373 1258 1464 1303 quod
1494 1269 1601 1303 equus
1628 1253 1844 1289 velociffime
1872 1267 1949 1289 cur-

1193 1320 1268 1342 rens
1296 1319 1366 1341 non
1399 1306 1506 1350 poss‘et
1533 1305 1677 1341 evadere
1705 1305 1746 1340 ad
1775 1314 1900 1340 terram
1928 1317 1948 1339 a

1193 1367 1263 1392 tam
1292 1356 1421 1392 furioso
1450 1356 1570 1396 cursu,
1599 1356 1688 1391 unde
1709 1368 1796 1402 aqua
1825 1353 1948 1389 crescit

1192 1421 1250 1455 per
1291 1410 1335 1442 V.
1378 1407 1492 1442 millia
1533 1407 1687 1454 paffuum
1723 1407 1757 1440 δε
1800 1405 1876 1450 plus
1911 1403 1948 1440 ὃς

1193 1458 1307 1492 minus
1336 1457 1549 1503 aliquando.
1587 1459 1667 1492 Hoc
1705 1465 1820 1491 autem
1858 1455 1950 1490 acci-

1191 1508 1243 1542 dit
1272 1507 1479 1542 notabiliter
1504 1508 1541 1542 in
1571 1506 1758 1548 Flandria,
1786 1504 1869 1552 quia
1897 1505 1949 1541 ibi

1191 1558 1235 1593 est
1271 1557 1493 1593 baffiffimum
1537 1556 1647 1592 solum
1694 1556 1874 1603 plusquam
1912 1555 1950 1590 in

1193 1609 1310 1656 aliqua
1339 1617 1455 1657 parte.
1493 1608 1582 1643 unde
1610 1613 1665 1642 ae'r
1692 1606 1736 1641 est
1764 1607 1886 1641 crassus
1914 1607 1948 1640 8<

1193 1659 1357 1694 humidus
1385 1658 1485 1693 valde
1522 1658 1594 1701 ita,
1631 1657 1724 1704 quod
1762 1655 1952 1703 aliquando

1196 1710 1286 1756 ¹oluit
1314 1709 1365 1744 ibi
1394 1723 1452 1757 per
1486 1707 1541 1743 sex
1572 1707 1722 1742 menses.
1761 1706 1951 1741 Flandren-

1199 1760 1245 1794 ses
1273 1773 1354 1807 ergo
1383 1758 1570 1807 propinqui
1600 1757 1687 1793 mari
1715 1756 1850 1792 faciunt
1878 1769 1952 1791 ma—

1195 1823 1280 1856 gnos
1316 1808 1354 1844 ὅ(
1392 1811 1481 1844 altos
1518 1822 1682 1857 aggeres,
1719 1821 1763 1843 ne
1800 1820 1892 1842 mare
1920 1807 1952 1842 i—

1197 1860 1348 1899 nundet,
1384 1861 1417 1895 8<
1455 1859 1599 1895 invadat
1636 1871 1754 1894 eorum
1792 1871 1890 1905 agros
1917 1859 1952 1892 δε

1196 1912 1343 1946 domos.
1378 1913 1425 1945 Et
1453 1923 1531 1945 cum
1561 1918 1638 1944 toto
1666 1909 1731 1943 hoc
1760 1907 1950 1953 aliquando

1199 1975 1291 1997 mare
1311 1960 1497 1996 inundavit
1519 1969 1630 1995 totam
1654 1958 1876 1994 Provinciam
1895 1972 1954 1994 eo-

1197 2026 1293 2048 rum.
1322 2014 1375 2047 Ex
1404 2025 1473 2059 quo
1502 2010 1654 2046 maxima
1681 2009 1874 2044 multitudo
1895 2022 1955 2044 eo-

1198 2076 1273 2098 rum
1295 2062 1536 2109 conjuratione
1564 2061 1652 2096 fagia
1674 2060 1956 2096 deliberaverunt

1202 2113 1319 2148 venire
1347 2113 1386 2148 ad
1415 2112 1649 2158 occupandam
1682 2111 1821 2146 Italiam
1852 2110 1957 2158 Regi-

1202 2177 1280 2199 nam
1309 2177 1451 2199 eorum.
1489 2163 1552 2199 Sed
1580 2162 1663 2211 quid
1694 2162 1782 2197 vado
1811 2174 1869 2208 per
1896 2174 1956 2195 ex-

1200 2225 1271 2250 tera
1299 2214 1438 2250 vetera?
1477 2227 1583 2262 quum
1623 2214 1726 2259 paulo
1754 2222 1833 2247 ante
1862 2224 1954 2246 mare

1168 2283 1171 2292 ·
1202 2266 1422 2301 suffocaverit
1454 2265 1504 2300 ibi
1543 2263 1722 2313 plusquam
1753 2261 1954 2310 quindecim

1203 2317 1316 2351 millia
1345 2316 1555 2351 hominum.
1594 2317 1681 2350 Item
1720 2314 1852 2348 faciunt
1890 2313 1956 2346 Pa-

1202 2367 1306 2402 duani
1347 2367 1383 2402 in
1428 2366 1529 2402 Italia
1574 2366 1669 2413 juxta
1713 2363 1859 2399 fluvium
1896 2375 1956 2396 eo-

1203 2432 1302 2461 rum,
1330 2418 1391 2465 qui
1420 2417 1551 2453 dicirur
1578 2419 1728 2453 Brenta,
1755 2423 1871 2449 contra
1904 2413 1955 2447 al-

1203 2469 1383 2504 luvionem
1408 2495 1417 2504 .
1461 2471 1539 2503 Hoc
1583 2465 1792 2513 praemisso,
1833 2461 1986 2511 ordina.N

1169 2525 1175 2559 l
1203 2519 1245 2555 sle
1272 2520 1433 2555 literam:
1462 2519 1575 2563 Quem
1592 2545 1605 2562 ‚
1630 2515 1765 2552 icilicet
1793 2526 1929 2563 aggeres
1946 2535 1958 2551 ,

1846 2563 1908 2612 qui
