2216 3105
420 206 501 247 399
681 193 1143 241 BENVENUTI
1198 196 1648 242 IMOLENSIS
1821 217 1906 255 400

359 255 394 284 te
430 250 466 285 in
494 249 572 287 otio
607 251 742 289 san&ae
778 257 1113 304 contemplationis.
1146 263 1179 297 A
1210 256 1272 292 Iste
1309 257 1377 294 fuit
1404 258 1536 294 nobilis
1563 259 1620 295 vir
1645 257 1687 294 de
1715 259 1897 295 Catelanis
1923 258 1965 295 de

359 302 519 344 Quorum
542 302 698 349 precibus
720 304 885 341 Urbanus
907 308 1112 344 condescen-

358 349 472 394 dens,
514 353 693 389 constituit
729 355 778 390 eis
815 357 1010 398 Ordinem,
1050 360 1111 406 qui

358 399 563 438 intitulatus
606 403 651 439 est
690 409 772 439 Ordo
807 409 956 442 Militiae
995 413 1114 444 Beatae

359 452 500 497 Vtrgiat's
545 456 670 488 Mariae
706 457 889 502 gloriosae.
930 461 976 494 Et
1017 459 1112 495 dedit

358 500 408 536 eis
431 513 555 538 certam
584 507 749 552 Regulam
774 520 850 542 cum
874 509 995 544 multis
1017 523 1113 557 prae-

358 552 467 591 centis
494 552 531 588 ἃ.
556 554 808 599 observantiis,
831 557 997 595 videlicet
1020 560 1111 607 quod

357 600 486 637 ferrent
517 603 629 639 fraena
659 619 775 640 eorum
813 606 1006 654 fimplicia,
1042 607 1111 644 noh

357 650 546 692 deaurata,
585 668 651 689 non
681 655 927 698 dearoentata,
955 657 992 694 ἃ
1021 659 1112 706 quod

357 714 428 736 non
466 702 556 738 irent
588 704 628 739 ad
666 706 832 742 convivia
869 709 1112 757 Secularium;

356 764 427 785 non
468 752 712 799 personarent,
750 769 811 791 nec
848 756 1018 793 donarent
1044 759 1113 794 Hi-

356 800 566 851 strionibu53
590 817 650 839 nec
671 805 762 841 irent
791 806 859 842 fine
887 807 1003 848 socio,
1031 811 1113 844 Fra—

354 860 433 891 tre,
461 854 516 888 vel
546 852 743 895 Conferte,
780 859 837 892 vel
874 859 943 893 alia
972 858 1111 906 persona

354 901 515 938 honesta.
542 906 587 939 Et
615 904 663 941 ita
685 906 725 941 de
754 907 898 951 multis,
926 922 1014 956 quae
1039 919 1110 944 tam

355 951 485 988 inutile
513 967 617 999 quam
654 957 798 1004 longum
828 959 909 994 effet
937 972 1112 995 enarrare.

355 1003 466 1038 Dedit
493 1004 543 1040 eis
571 1005 729 1041 habitum
756 1008 935 1049 nobilem,
964 1010 1024 1057 qui
1052 1010 1112 1045 ha-

355 1053 415 1088 bet
442 1067 602 1102 magnam
640 1055 906 1094 similitudinem
936 1073 1014 1094 curn
1051 1060 1112 1096 ha-

356 1103 433 1139 bitu
464 1106 765 1142 Praedicatorum.
795 1110 840 1144 Et
869 1123 931 1157 pro
958 1110 1111 1159 Infignio

354 1155 499 1189 Scutum
537 1156 608 1191 albi
641 1158 770 1193 coloris
797 1172 876 1194 cum
913 1162 1028 1196 Cruce
1053 1175 1111 1197 ru-

354 1203 437 1240 bea.
468 1205 525 1240 Ad
555 1207 767 1254 propofitum
797 1209 886 1245 dicit
914 1224 997 1258 ergo
1025 1225 1110 1247 unus

353 1256 515 1290 Fratrum
544 1256 712 1293 istorum:
743 1262 840 1293 Frati
866 1262 1003 1295 Godenti
1023 1262 1110 1306 fum-

353 1319 421 1345 mo,
449 1304 487 1341 &
516 1306 630 1342 utitur
657 1309 792 1357 vulgari
821 1312 1027 1347 Bononiae.
1065 1315 1110 1347 Et

353 1355 434 1390 heic
460 1366 544 1392 nota
561 1384 569 1398 ,
600 1359 693 1406 quod
722 1359 782 1395 iste
811 1360 1016 1397 denominat
1043 1365 1109 1397 Or-

356 1405 474 1441 dinem
511 1406 608 1443 suum
646 1422 665 1443 a
702 1410 875 1445 vocabulo
911 1411 1043 1447 notiori
1073 1411 1109 1447 ὅ(

356 1455 528 1492 ufiratiori
551 1484 561 1493 .
606 1460 699 1494 Nam
737 1473 755 1494 a
793 1460 968 1505 principio
1005 1461 1109 1496 multi

352 1506 512 1542 videntes
542 1507 690 1543 formam
718 1508 857 1545 habitus
884 1511 1014 1546 nobilis
1031 1536 1043 1550 ,
1072 1510 1109 1546 &

354 1557 562 1604 qualitatem
602 1558 718 1597 vitae,
753 1559 835 1606 quia
873 1560 1007 1596 scilicet
1043 1560 1110 1597 fine

349 1608 473 1642 labore
509 1608 672 1643 vitabant
707 1622 812 1645 onera
839 1609 877 1645 &
906 1611 1110 1658 gravamina

353 1657 515 1703 publica,
546 1656 585 1693 ὅ(
612 1657 789 1699 splendide
816 1662 1045 1708 epulabantur
1072 1662 1109 1696 in

353 1707 453 1749 otio,
490 1718 678 1754 coeperunt
705 1709 841 1745 dicere:
879 1713 1000 1756 Quales
1027 1715 1111 1747 Fra-

355 1769 419 1791 tres
439 1757 518 1801 sunt
544 1758 625 1799 isti?
661 1762 752 1793 Certe
772 1761 849 1804 sunt
876 1764 1005 1795 Fratres
1029 1775 1111 1807 gau-

356 1809 483 1842 dentes.
511 1810 565 1842 Ex
594 1808 660 1843 hoc
687 1810 872 1845 obtentum
900 1811 966 1853 est,
1003 1821 1042 1846 ut
1070 1811 1111 1846 s1c

354 1867 528 1893 vocentur
555 1860 663 1906 vulgo
690 1858 795 1908 usque
830 1860 868 1895 in
904 1861 1110 1896 hodiernum

357 1907 473 1946 diem,
510 1922 618 1955 quum
647 1919 762 1944 tamen
792 1910 933 1958 proprio
961 1913 1112 1947 vocabu—

359 1959 394 1991 lo
422 1969 630 1994 vocarentur
656 1959 797 1996 Milites
826 1962 1019 1997 Dominae.
1049 1962 1113 1998 Di-

358 2007 446 2048 Ro,
484 2009 547 2056 qui
582 2009 749 2050 fuerunt,
789 2010 878 2047 dicit
914 2013 1006 2048 unde
1040 2012 1115 2049 fue-

358 2068 461 2098 runt,
488 2073 596 2108 quum
621 2059 731 2096 dicit:

407 2130 611 2137 -------
637 2124 652 2143 e
679 2112 876 2158 Bolognefi,·

359 2157 424 2194 Iste
451 2160 544 2195 enim
575 2160 672 2195 Ordo
709 2161 813 2197 habet
840 2171 944 2210 caput
970 2162 1007 2199 δε
1036 2163 1116 2199 fun-

360 2208 563 2245 damentum
604 2212 812 2260 Bononiae;
855 2214 946 2248 unde
987 2214 1114 2249 habent

360 2257 458 2294 suum
496 2261 746 2296 Monasterium
788 2261 980 2309 principale
1016 2274 1113 2299 extra

361 2309 558 2344 Bononiam
588 2310 677 2356 apud
704 2312 819 2347 locum
838 2337 849 2352 ‚
885 2313 946 2360 qui
982 2313 1116 2349 dicitur

360 2359 517 2394 Castrum
550 2359 727 2396 Britorum
745 2388 754 2396 .
791 2364 838 2397 Et
864 2363 1005 2409 quidam
1033 2364 1116 2399 isto-

359 2422 436 2444 rum
475 2413 631 2449 Fratrum
672 2411 748 2446 sunt
785 2412 1014 2456 Sacerdotes,
1051 2414 1113 2449 alii

359 2462 444 2495 vero
472 2460 551 2496 sunt
576 2461 797 2510 Conjugati.
833 2465 880 2498 Et
907 2464 1023 2512 tangit
1050 2477 1114 2500 no-

360 2509 456 2546 mina
485 2510 624 2549 dicens:

411 2563 447 2596 Io
471 2563 637 2597 catellano
649 2582 853 2591 -------

1211 308 1369 344 Bononia
1388 321 1396 344 ε

1273 380 1476 386 -------
1502 373 1518 394 e
1543 359 1636 402 collui
1661 359 1865 407 Loderingo:

1210 408 1273 445 Iste
1300 409 1368 445 fuit
1394 409 1436 446 de
1464 410 1640 459 Andalis;

1261 461 1391 495 Nomati
1410 475 1430 504 ;
1467 475 1482 495 e
1522 462 1565 496 da
1604 473 1661 496 tua
1701 465 1800 496 Terra
1841 460 1964 503 insieme

1308 510 1412 557 presi.

1212 560 1302 596 Heic
1323 562 1525 596 Catellanus
1546 570 1663 597 narrat
1681 563 1818 610 culpam
1847 561 1938 597 suam
1955 586 1964 600 .

1211 623 1297 656 quae
1339 609 1408 645 fuit
1449 624 1572 658 magna
1613 625 1688 660 pars
1725 612 1962 647 damnationis

1212 672 1359 694 eorum.
1399 659 1458 694 Ad
1499 660 1590 707 quod
1632 670 1774 708 oportet
1811 661 1965 697 breviter

1213 708 1296 743 scire
1310 733 1318 747 ‚
1334 709 1425 755 quod
1449 709 1683 745 invalescente
1699 709 1868 745 divifione
1891 724 1966 758 par-

1213 759 1405 794 tialitatum
1439 760 1663 799 Florentiae,
1701 769 1842 795 mortuo
1871 762 1965 808 Rege

1212 808 1398 844 Manfredo
1422 836 1431 852 ‚
1474 823 1549 857 pars
1590 810 1771 845 Gibellina
1812 811 1965 845 multum

1213 860 1348 905 tepuit,
1374 861 1407 893 δε
1435 860 1594 904 Guelpha
1621 860 1793 896 intumuit
1821 861 1966 895 floren-

1212 908 1300 943 tiae.
1333 909 1430 944 Unde
1460 911 1610 956 Populus
1629 938 1637 949 ,
1665 911 1725 958 qui
1753 910 1865 958 magis
1891 919 1966 946 erat

1212 958 1390 1005 Guelphus
1432 972 1535 1006 quam
1573 960 1772 996 Gibellinus
1795 985 1807 1000 ,
1847 960 1964 1008 coepit

1212 1022 1446 1047 murmurare,
1484 1008 1521 1044 ὃ(
1550 1010 1703 1058 Guelphi
1732 1009 1900 1045 confinati
1928 1011 1963 1045 &

1213 1058 1349 1094 banniti
1378 1069 1564 1105 coeperunt
1591 1061 1751 1095 reducere
1788 1060 1821 1095 se
1849 1059 1964 1096 versus
2014 1094 2018 1099 ,

1211 1109 1407 1144 Civitatem
1437 1108 1476 1145 ὅ(
1506 1120 1620 1146 tenere
1657 1110 1845 1145 traaatum
1884 1123 1964 1146 cum

1211 1158 1334 1194 amicis
1364 1159 1581 1196 intrinsecis.
1613 1161 1716 1195 Unde
1742 1159 1853 1196 Cives
1881 1173 1967 1195 con·-

1212 1211 1443 1256 querebantur
1462 1210 1503 1246 de
1523 1211 1685 1246 dominio
1702 1210 1858 1247 Comitis
1877 1211 1967 1246 Gui-

1212 1260 1312 1295 donis
1342 1260 1510 1304 Novelli,
1538 1261 1601 1309 qui
1627 1271 1699 1296 erat
1726 1261 1778 1296 ibi
1802 1261 1965 1297 Vicarius

1212 1324 1274 1358 pro
1309 1309 1522 1350 Manfred0‚
1561 1324 1729 1346 memores
1757 1311 1963 1346 damnorum

1214 1370 1428 1408 receptorum
1461 1361 1549 1408 apud
1578 1361 1741 1396 Montem
1770 1363 1965 1407 Apertum,

1211 1410 1270 1444 ubi
1299 1423 1385 1444 unus
1413 1410 1592 1445 dimiserat
1623 1421 1776 1457 patrem,
1805 1411 1893 1445 alius
1921 1409 1962 1445 fi-

1211 1460 1320 1498 lium,
1341 1460 1430 1494 alius
1446 1460 1606 1495 fratrem.
1628 1463 1851 1508 Quapropter
1867 1461 1963 1508 prin-

1211 1509 1303 1556 cipes
1324 1510 1430 1556 partis
1450 1510 1673 1552 Gibellinae,
1700 1523 1786 1557 quae
1807 1520 1890 1546 tunc
1911 1524 1963 1546 re—

1210 1560 1311 1607 gebat
1328 1560 1546 1598 Florentiae,
1567 1560 1609 1595 ad
1630 1559 1814 1595 sedandum
1830 1562 1864 1595 8<
1880 1574 1963 1596 con-

1211 1609 1415 1644 tentandum
1448 1612 1641 1657 Populum,
1671 1612 1849 1658 elegerunt
1879 1611 1966 1646 duos

1210 1660 1351 1695 Milites
1382 1663 1517 1695 Fratres
1553 1662 1751 1695 Gaudentes
1778 1660 1820 1695 de
1847 1662 1966 1695 Bono-—

1213 1710 1290 1753 nia,
1328 1723 1476 1755 quorum
1514 1723 1601 1745 unus
1630 1719 1774 1745 vocatus
1802 1709 1847 1745 est
1882 1713 1965 1746 Fra-

1212 1770 1263 1794 ter
1304 1759 1510 1794 Catellanus
1551 1761 1592 1795 de
1633 1759 1738 1795 domo
1779 1761 1966 1807 Guelpha,

1213 1811 1300 1845 alter
1338 1812 1456 1844 Frater
1492 1809 1711 1857 Loderingus
1748 1810 1788 1846 de
1824 1812 1968 1847 And-alo

1214 1860 1254 1895 de
1281 1860 1386 1894 domo
1413 1859 1615 1895 Gibellina.
1647 1860 1702 1895 lsti
1731 1861 1799 1896 duo
1829 1863 1966 1896 Fratres

1214 1910 1297 1945 faffi
1328 1909 1510 1945 Potestates
1541 1909 1737 1945 Florentiae
1765 1924 1824 1958 per
1852 1912 1967 1958 Popu-

1214 1962 1287 1995 lum
1316 1959 1416 2008 pofiti
1448 1958 1586 1995 fuerunt
1614 1959 1651 1995 in
1683 1961 1821 1995 Palatio
1850 1962 1965 2005 Popu-

1215 2010 1270 2050 li,
1306 2019 1344 2045 ut
1372 2010 1578 2046 asservarent
1615 2009 1735 2046 statum
1764 2009 1968 2050 Civitatis,

1214 2063 1247 2096 δ(
1285 2070 1445 2095 caverent
1487 2061 1531 2095 ab
1565 2060 1718 2107 expensis
1760 2060 1965 2109 superfluis.

1215 2111 1288 2156 Qui
1316 2111 1402 2146 licet
1429 2111 1534 2146 effent
1561 2110 1662 2146 divisi
1691 2112 1810 2147 animo
1838 2111 1967 2160 partia-

1216 2161 1331 2197 litatis
1355 2188 1366 2203 ,
1410 2170 1526 2196 tamen
1569 2162 1629 2197 sub
1670 2162 1825 2210 tegmine
1865 2161 1970 2197 falsae

1217 2210 1403 2260 hypocrisis
1450 2211 1589 2247 fuerunt
1631 2212 1818 2248 concordes
1858 2212 1967 2259 magis

1216 2263 1255 2296 ad
1272 2275 1390 2297 eorum
1410 2263 1631 2298 commodum
1650 2263 1823 2311 privatum
1837 2287 1847 2302 ,
1864 2274 1969 2309 quam

1217 2326 1402 2348 commune
1438 2313 1591 2348 bonum.
1629 2314 1887 2348 ordinaverunt
1915 2324 1968 2346 er-

1217 2376 1283 2410 go,
1319 2362 1411 2409 quod
1441 2363 1607 2399 XXXVI.
1643 2363 1800 2399 homines
1829 2362 1968 2396 Merca-

1218 2423 1309 2448 tores
1345 2416 1376 2447 &
1416 2413 1584 2449 Artifices
1624 2414 1664 2449 de
1706 2412 1892 2460 majoribus
1929 2409 1967 2446 ὅ(

1219 2463 1423 2498 melioribus
1450 2464 1614 2499 deberent
1633 2463 1807 2498 consulere
1836 2462 1970 2508 praedi-

1219 2512 1284 2549 E’tis
1319 2514 1454 2550 duobus
1491 2513 1740 2556 potestatibus,
1776 2510 1814 2546 δε
1841 2509 1970 2596 (provi-

1866 2573 1920 2596 ere
