2216 3105
327 257 408 307 605

273 307 379 349 Idest,
417 305 518 343 bonis
555 304 735 353 corporis,
771 304 806 339 &
844 304 1031 339 exteriori-

274 360 335 396 bus
364 357 483 395 bonis.
511 355 616 402 Quasi
644 355 762 390 dicat:
804 355 896 389 bono
924 355 1032 390 hone-

274 409 346 454 sto,
373 408 457 445 utili
483 408 518 442 8<
545 404 770 448 delectabili,
798 418 884 452 quae
912 418 1032 454 regna-

278 461 361 496 bant
387 460 424 495 in
454 455 688 493 Romandiola
716 465 873 503 tempore
893 454 934 490 de
955 469 1033 504 pro-

276 511 373 547 xime
390 508 578 558 praeterito
591 534 599 542 .
618 509 710 543 Nam
730 506 922 551 Raynerius
940 519 1033 541 mor-

278 571 359 596 tuus
395 568 470 595 erat
505 557 595 593 forte
638 570 697 605 per
733 557 889 604 quinque
927 570 1034 592 annos

279 607 360 647 ante
377 637 385 646 .
424 612 516 646 Nam
546 608 615 643 fuit
642 607 865 643 interfthus.
904 609 951 642 Et
977 609 1035 650 Jo-
1059 595 1060 622 ³

275 661 406 697 hannes
447 659 553 695 frater
593 658 665 707 ejus
687 685 697 701 ‚
733 671 841 706 quum
878 656 1036 693 intrasset

277 710 480 747 Forlivium
509 722 587 744 cum
619 707 743 744 multis
774 708 1036 744 Ravennatibus

278 763 313 797 δί
353 758 657 796 Ariminenfibus.
694 761 742 793 Et
779 758 845 793 hoc
882 757 962 794 dico
999 758 1035 793 in
1060 742 1106 789 ιΒ

280 811 517 847 Romandiola
534 837 544 854 ‚
581 822 684 857 quam
714 807 880 844 describit
908 822 926 844 a
954 822 1037 844 con-

281 861 411 897 finibus
440 860 530 903 suis,
558 859 696 895 dicens:
964 871 967 873 ·

330 915 397 946 Tra
423 911 448 945 'l
483 914 551 949 Po,
577 909 600 943 ’t
632 921 756 948 monte,
792 923 808 943 e
844 910 878 944 la
913 910 1038 944 marirm

383 976 398 996 e
415 961 440 995 'l
468 966 557 996 Reno
585 960 625 996 *.

282 1014 377 1050 Nam
407 1011 641 1047 Romandiola
661 1024 680 1046 a
702 1010 959 1055 septemtrione
978 1009 1040 1045 ha-

283 1063 343 1098 bet
373 1062 500 1097 Padum
531 1060 701 1103 fluvium,
729 1063 761 1096 δε
792 1074 885 1097 mare
912 1060 1039 1096 Adria-

282 1124 392 1161 cum3
422 1126 440 1148 a
469 1111 621 1147 Meridie
648 1111 753 1147 habet
781 1113 891 1160 Alpes
919 1113 1040 1159 Apen-

283 1162 390 1211 ninig
428 1162 471 1198 ab
507 1161 701 1198 Occidente
737 1161 842 1197 haber
880 1161 1039 1197 Rhenum

285 1212 466 1255 fluvium,
508 1212 569 1259 qui
611 1212 741 1248 labitur
783 1213 882 1261 juxta
924 1214 1039 1247 Bono-

285 1262 381 1298 niam
399 1289 410 1307 ‚
447 1262 488 1298 ab
516 1262 663 1297 Oriente
691 1276 774 1298 vero
811 1262 914 1297 habet
943 1261 1041 1297 Mar-

285 1312 402 1348 chiam
432 1313 715 1348 Anconitanam.
744 1315 789 1348 Et
811 1314 890 1347 vere
918 1312 1040 1356 credo,

284 1362 378 1410 quod
406 1362 443 1398 in
473 1363 603 1399 mundo
624 1376 694 1399 non
723 1362 764 1398 fit
792 1362 947 1411 pulcrior
966 1376 1041 1410 pars

284 1422 394 1448 terrae
421 1414 525 1461 quarn
561 1413 645 1454 illa.
683 1426 770 1461 quae
807 1412 851 1447 est
879 1426 897 1447 a
926 1414 1042 1448 Bono—

283 1463 341 1498 nia
371 1463 476 1510 usque
504 1462 710 1498 Ariminum
740 1461 928 1497 inclufive.
967 1465 1042 1497 Un-

284 1512 326 1547 de
367 1513 536 1555 adverte,
579 1512 672 1559 quod
714 1511 774 1547 ista
817 1511 1042 1547 Provinciola

281 1561 327 1598 est
363 1562 534 1598 nobiliter
570 1561 693 1598 fituata
715 1589 726 1605 ,
762 1561 845 1609 quia
883 1561 986 1598 habet
1025 1577 1043 1598 a

282 1621 381 1660 tergo
424 1613 532 1656 Alpes
575 1611 757 1661 Apennini
804 1622 925 1648 contra
967 1614 1043 1649 Au-

284 1662 387 1697 strum
417 1672 562 1698 ventum
599 1663 786 1699 inimicum
816 1672 986 1712 naturae3
1025 1677 1043 1699 a

285 1711 402 1746 fronte
439 1711 543 1746 habet
579 1712 730 1747 liberum
757 1713 792 1747 δε
820 1723 978 1760 apertum
1007 1727 1043 1749 a-

285 1760 437 1809 speffium
477 1762 593 1796 versus
640 1763 786 1797 Boream
823 1772 969 1798 ventum
1007 1776 1043 1798 a-

285 1811 418 1846 micum
459 1811 724 1859 generationis.
773 1813 892 1847 Habet
933 1813 970 1847 in
1010 1812 1042 1848 se

287 1862 475 1897 colle<3³mm
492 1862 664 1910 quidquid
686 1863 855 1898 bonorum
874 1862 1044 1911 reperitur

285 1911 371 1947 alibi
403 1912 552 1961 sparsum
572 1941 582 1957 ‚
619 1912 704 1949 ficut
732 1926 847 1956 mare,
885 1922 1013 1948 terram
1033 1941 1043 1957 ,

286 1972 466 2007 montem,
503 1964 671 2011 planum,
710 1962 856 1999 flumina
884 1963 1043 2011 frequen-

286 2012 440 2051 tissima,
478 2013 616 2053 fontes,
653 2014 790 2057 valles,
828 2013 953 2053 silvas,
990 2020 1044 2049 aii—

287 2075 361 2098 rem
397 2063 590 2107 salubrem,
626 2064 737 2103 vina,
774 2065 875 2107 olea,
913 2065 1044 2105 mella,

287 2125 405 2148 carnes
431 2138 441 2152 ,
487 2113 595 2159 pisces
621 2141 630 2155 ‚

288 2162 556 2199 multitudinem
599 2163 866 2204 habitatorum,
909 2165 1046 2213 magni-

287 2213 445 2249 tudinem
486 2213 721 2250 divitiarum.
760 2216 861 2259 Quae
898 2214 935 2249 in
972 2224 1044 2250 tam

287 2276 396 2311 parvo
425 2263 539 2312 spatio
568 2263 672 2300 habet
699 2273 755 2300 tot
783 2277 944 2300 amoenas
981 2265 1046 2301 Ci-

289 2313 419 2349 vitates
437 2341 446 2356 ‚
484 2313 632 2350 castella
649 2341 659 2358 ‚
700 2316 815 2357 Rura,
843 2315 973 2350 Vicos.
1000 2317 1047 2351 Et

290 2363 477 2400 confirmat
495 2363 629 2400 dietum
657 2364 755 2401 suum
783 2378 843 2414 per
861 2365 1043 2402 effeEium:

289 2414 408 2450 dicens
426 2428 435 2450 :

339 2466 406 2500 Che
431 2467 540 2500 dentre
566 2479 586 2501 a
612 2465 709 2514 questi
735 2466 884 2512 termini,

289 2515 399 2555 idest,
427 2516 622 2565 praedifflos
650 2516 828 2553 confines:

342 2587 357 2593 ι·
383 2587 400 2592 -
427 2587 443 2593 -
470 2588 486 2593 -
512 2569 528 2599 ὲ
550 2567 669 2613 ripieno

340 2617 388 2652 Di
413 2616 558 2659 venenosi
575 2617 696 2665 sterpi,
725 2640 740 2644 -
769 2639 784 2644 -
812 2640 826 2645 -
854 2639 870 2645 -

601 244 903 289 COMMENT.
942 245 1008 288 IN
1045 239 1271 287 DANTIS
1309 237 1550 282 COMOED.

1067 301 1112 340 ΑΙ
1137 300 1298 344 scilicet,
1326 299 1504 345 Tyrannis
1532 296 1647 345 parvis
1674 298 1707 332 8<
1737 298 1893 345 magnis,

677 2114 814 2162 copiam
862 2128 1017 2150 annonae
1035 2143 1044 2158 ‚
1068 2138 1069 2142 =

1068 2340 1071 2401 Ι

1753 243 1836 281 666

1137 354 1215 387 vere
1254 349 1419 399 pestiferis
1445 374 1454 388 ,
1497 347 1558 396 qui
1597 361 1692 382 more
1734 348 1892 397 stirpium

1138 412 1297 451 pungunt
1325 414 1404 436 curn
1433 398 1595 440 invidia,
1631 400 1664 433 δε
1695 410 1789 433 more
1826 398 1894 435 ser-

1139 462 1282 501 pentum
1311 451 1343 486 se
1372 450 1534 486 mordent
1561 449 1594 483 8<
1623 448 1802 487 lacerant,
1832 463 1894 484 nec

1138 516 1303 551 umquam
1332 502 1424 537 inter
1452 500 1484 535 se
1513 499 1651 548 possunt
1682 497 1805 533 habere
1834 499 1897 533 bo-

1139 567 1218 589 nam
1256 566 1372 602 pacem
1398 577 1408 591 ,
1451 550 1538 586 ficut
1575 550 1643 597 jam
1680 548 1814 584 diffluum
1853 548 1898 584 est

1139 606 1242 640 Cant.
1282 605 1432 638 XXVII.
1469 600 1626 637 Inferni.
1664 601 1711 634 Et
1738 612 1807 634 non
1845 598 1899 634 so—

1140 657 1213 690 lum
1256 654 1334 690 sunt
1370 652 1482 697 mali,
1524 651 1579 687 sed
1622 649 1754 686 multi.
1798 649 1899 685 Unde

1141 705 1250 741 dicit:

1192 778 1207 782 -
1236 778 1251 782 -
1277 777 1293 782 -
1321 777 1336 782 -
1362 757 1389 789 si
1417 754 1468 788 che
1494 753 1582 789 tardi

1193 810 1253 840 Per
1279 804 1424 841 coltivar‘
1442 804 1524 839 omai
1550 801 1714 838 verrebber
1740 815 1848 838 meno.

1143 856 1248 901 Idest‚
1274 856 1460 891 deficerent
1480 854 1648 892 omnino,
1669 864 1726 899 per
1745 853 1902 897 coltivar,

1143 908 1259 955 aliqua
1287 907 1376 942 hond
1403 905 1558 940 cultura.
1595 906 1643 939 Et
1671 905 1755 937 bene
1783 902 1898 938 dicit:

1145 971 1222 993 nam
1251 957 1338 993 licet
1365 955 1477 1003 aliqui
1515 955 1556 989 ad
1593 965 1730 1000 tempus
1760 952 1903 987 videan-

1145 1018 1202 1043 tur
1236 1006 1445 1056 exstirpari,
1483 1014 1600 1040 tamen
1638 1004 1675 1039 in
1715 1002 1813 1038 brevi
1849 1016 1903 1038 re-

1145 1060 1343 1107 pullulant,
1372 1057 1471 1093 velut
1498 1055 1614 1104 capita
1643 1052 1791 1101 hydrae.

1195 1109 1256 1144 Ου’
1276 1111 1292 1143 ὲ
1318 1127 1547 1135 ------

1147 1159 1238 1196 Heic
1267 1161 1372 1195 Poeta
1400 1157 1510 1194 noster
1546 1155 1782 1198 considerans,
1820 1155 1904 1203 quia

1147 1224 1226 1247 vera
1257 1211 1330 1246 laus
1360 1209 1491 1257 patriae
1520 1206 1565 1242 est
1601 1207 1672 1242 sola
1702 1205 1824 1240 Virtus
1853 1206 1903 1241 ci-

1146 1262 1242 1297 vium
1262 1288 1271 1303 ,
1309 1260 1398 1296 unde
1424 1258 1619 1294 describens
1648 1255 1827 1304 Vergilius
1854 1256 1904 1292 fe-

1145 1312 1320 1347 licitatem
1350 1313 1568 1352 Romanam,
1607 1308 1702 1344 dixit
1728 1319 1802 1342 eam
1826 1307 1904 1351 seli-

1144 1377 1204 1396 cem
1238 1362 1324 1408 prole
1358 1362 1497 1395 virorum
1513 1373 1530 1402 ;
1568 1372 1658 1394 nunc
1687 1358 1809 1392 volens
1845 1357 1904 1393 de·-

1147 1412 1293 1448 scribere
1330 1411 1469 1446 laudem
1508 1408 1789 1450 Romandiolae,
1829 1421 1904 1454 per—

1147 1463 1255 1498 currit
1283 1461 1438 1497 breviter
1465 1461 1602 1508 aliquos
1631 1461 1725 1495 viros
1756 1457 1903 1494 illustres

1146 1513 1187 1549 de
1213 1511 1355 1548 diverfis
1382 1509 1502 1546 Terris
1542 1509 1819 1545 Romandiolae.
1857 1511 1905 1545 Et

1147 1563 1261 1609 primo
1289 1561 1415 1610 fingit,
1453 1561 1546 1609 quod
1573 1560 1692 1596 Guido
1720 1559 1775 1594 del
1806 1560 1904 1595 Duca

1147 1613 1276 1661 incipit
1303 1611 1395 1660 quasi
1424 1625 1442 1646 a
1470 1620 1591 1646 centro
1621 1609 1875 1646 Romandiolae
1893 1635 1904 1649 ,

1146 1663 1281 1699 scilicet
1308 1677 1325 1698 a
1354 1661 1561 1698 Bretenorio
1590 1661 1702 1709 patria
1739 1659 1820 1695 sua.
1856 1662 1905 1695 Et

1146 1714 1308 1750 nominat
1348 1713 1433 1749 duos
1472 1711 1645 1757 Nobiles,
1683 1709 1808 1760 dignos
1854 1710 1904 1745 fa>-

1147 1765 1220 1799 mz'i.
1250 1764 1357 1800 Unde
1385 1763 1494 1798 dicit:

1197 1813 1289 1848 Ov’&
1318 1814 1342 1846 il
1369 1813 1448 1847 buon
1477 1812 1586 1855 Licin,
1615 1833 1631 1838 —
1658 1833 1674 1838 —
1699 1832 1716 1838 -
1742 1832 1758 1838 -

1147 1863 1238 1909 quali
1275 1862 1394 1898 dicat:
1434 1875 1505 1897 non
1543 1862 1588 1897 est
1624 1862 1713 1898 alius
1750 1861 1906 1898 smilis.-

1148 1917 1194 1949 Et
1222 1914 1301 1949 vere
1337 1912 1407 1948 fuit
1444 1913 1552 1947 bonus
1581 1911 1619 1947 &
1649 1911 1796 1959 prudens
1827 1912 1903 1948 Mi-

1147 1966 1195 1999 les
1216 1991 1224 1999 .
1270 1965 1344 1999 Nec
1381 1961 1528 2010 reliquit
1560 1975 1604 1997 ex
1646 1961 1678 1997 se
1714 1961 1872 1997 heredem
1894 1989 1903 1999 .

1150 2017 1241 2051 Nam
1280 2013 1455 2049 Dominus
1492 2011 1616 2049 Licius
1652 2011 1693 2047 de
1721 2013 1905 2052 Valbona.

1148 2064 1309 2101 nuntiata
1351 2063 1412 2099 fibi
1455 2072 1567 2098 morte
1603 2062 1704 2099 unius
1743 2062 1792 2098 sui
1834 2061 1903 2098 filii

1121 2118 1122 2129 ¹
1148 2114 1360 2156 imbecillis,
1388 2127 1457 2149 non
1487 2121 1624 2149 mutato
1652 2113 1754 2148 vultu
1781 2112 1901 2149 dixit:

1121 2172 1123 2193 ’ν
1148 2169 1214 2201 Hoc
1241 2179 1300 2200 non
1327 2165 1368 2207 es}
1395 2164 1474 2198 mihi
1501 2177 1616 2198 novum
1632 2187 1642 2203 ,
1678 2164 1754 2210 quia
1783 2163 1903 2211 semper

1141 2216 1209 2261 fuit
1235 2225 1390 2250 mortuus.
1425 2215 1487 2249 sed
1513 2215 1628 2249 nuntia
1653 2214 1733 2248 mihi
1765 2224 1821 2260 pro
1848 2227 1903 2248 no·-

1146 2280 1188 2301 vo
1219 2266 1253 2307 fi
1287 2265 1328 2308 est
1362 2265 1528 2312 fhpultus.
1567 2267 1642 2301 Nec
1680 2264 1795 2300 minus
1831 2265 1903 2312 ejus

1148 2316 1332 2365 prudentia
1368 2316 1516 2351 emicuit
1552 2315 1589 2351 in
1626 2314 1701 2350 filia
1738 2314 1796 2351 sua
1832 2317 1903 2351 Ca-

1147 2366 1284 2402 therina
1326 2365 1559 2414 pulcherrima
1583 2392 1593 2401 .
1634 2368 1750 2412 Quam
1794 2379 1903 2414 quum

1146 2417 1218 2465 ipse
1260 2416 1360 2452 senex
1396 2416 1572 2465 reperisset
1608 2416 1832 2465 conjunstam
1869 2430 1905 2453 a-

1147 2467 1281 2503 morose
1309 2480 1387 2502 cum
1419 2466 1607 2503 Ricciardo
1634 2467 1749 2503 nobili
1777 2468 1904 2516 juvene

1145 2518 1186 2553 de
1223 2517 1418 2554 Mainardis
1454 2518 1495 2553 de
1531 2517 1758 2563 Bretenorio,
1794 2531 1837 2554 ex
1865 2532 1901 2553 a·

1144 2567 1245 2605 sturia
1284 2569 1418 2616 puellae
1444 2569 1479 2604 8<
1515 2567 1739 2617 simplicitate
1775 2577 1901 2604 mater-

1244 2620 1287 2665 Q
1308 2633 1331 2668 q
1384 2631 1405 2654 2
1786 2630 1853 2661 na,
