2216 3105
447 210 526 249 379

383 252 457 286 lum
486 252 575 287 forte
602 253 635 287 &
665 254 843 301 pulcrum,
887 256 978 303 quod
1007 255 1137 292 dicitur

382 302 572 345 Peschiera‚
611 304 783 340 Dioecefis
821 306 1049 342 Veronenfis.
1090 309 1136 342 Et

382 350 419 386 in
450 352 523 398 ipso
555 355 647 390 Lacu
677 356 778 404 longe
807 369 824 391 a
849 355 1045 397 Pestheria,
1067 356 1136 393 for-

383 409 419 436 te
448 416 505 450 per
542 403 597 439 sex
638 405 811 444 miliaria,
853 406 897 442 est
938 420 1004 442 una
1033 421 1136 456 parva

382 451 520 496 Insula,
563 468 649 500 quae
691 456 821 492 dicitur
859 458 1035 497 Sermione,
1078 458 1136 493 ubi

382 502 457 538 vidi
498 504 637 553 vestigia
681 520 804 555 magna
833 507 1136 543 vetustissimorum

382 553 622 590 aedificiorum
662 555 720 591 sub
757 566 865 592 terra.
908 559 947 592 In
984 572 1051 605 qua
1081 560 1136 593 In-

383 603 455 639 sula
485 615 664 640 morantur
693 606 803 641 solum
825 606 1031 652 piscatores.
1061 610 1137 644 Nec

381 653 434 689 ibi
464 654 615 690 nascitur
643 655 703 690 nisi
731 657 869 695 oleum,
911 657 948 692 in
977 671 1047 704 quo
1074 657 1136 693 fri-

382 715 470 752 gunt
513 704 619 752 pisces
656 706 716 753 qui
758 707 922 742 dicuntur
948 708 1136 754 Curpzbnes,
1166 730 1167 735 =

381 754 443 800 qui
475 753 549 789 sunt
578 754 684 802 pisces
714 757 817 796 boni,
854 758 887 791 &
915 757 975 793 diu
1003 757 1138 794 conser—

381 804 515 840 vabiles
532 832 540 839 .
590 808 693 842 Nunc
737 807 778 842 ad
826 807 965 843 literam
982 835 991 844 .
1038 808 1138 844 Dicit

379 855 560 904 Vergilius
577 869 585 890 :

433 927 449 932 -
475 927 491 932 —-
518 927 533 932 -
560 927 575 932 —
603 907 762 951 Pescbt'era
781 907 862 943 bello
883 923 898 943 e
919 909 999 953 forte
1015 909 1137 954 arnese,

381 955 488 996 mest,
525 968 793 1001 ornamentum,
830 959 915 994 licet
952 959 1037 995 istud
1074 973 1138 995 vo-

382 1008 545 1042 cabulum
575 1007 734 1044 videatur
761 1008 983 1055 usurpatum,
1020 1019 1137 1046 tamen

381 1056 612 1093 similitudine
640 1058 711 1094 dici
750 1059 882 1106 potest,
919 1060 1012 1108 quod
1041 1074 1137 1096 arne-

379 1106 464 1143 sium
503 1108 595 1144 cedit
636 1109 676 1144 ad
714 1121 959 1146 ornamentum
987 1111 1137 1150 domus,

380 1157 431 1193 ita
471 1158 648 1194 Pescheria
685 1159 725 1194 ad
767 1170 1009 1196 ornamentum
1040 1162 1137 1196 illius

380 1209 568 1254 Riperiae.
597 1209 652 1244 Est
679 1209 774 1245 enim
807 1210 981 1246 Pescheria
1004 1210 1138 1247 Castel-

379 1259 452 1294 lum
492 1259 572 1295 satis
611 1273 762 1300 novum,
800 1262 977 1297 munitum
1016 1263 1137 1297 multis

379 1310 554 1353 turribus,
583 1309 621 1346 &
650 1311 806 1350 arcibus,
835 1312 926 1359 quasi
952 1314 1062 1348 tutela
1084 1322 1137 1348 to-

380 1359 451 1396 tius
479 1371 682 1396 contratae.
713 1361 793 1396 Ideo
822 1362 907 1396 bene
935 1363 1045 1410 dicit3

430 1413 487 1446 Da
516 1412 717 1458 fronteggiar
756 1412 920 1456 Bresciani
962 1427 977 1447 e
1016 1417 1138 1460 Berga-

486 1462 624 1505 maschl:

380 1510 467 1546 Idest
495 1512 534 1546 ad
563 1511 778 1548 obviandum
808 1512 1072 1561 Brixiensibusg

430 1566 498 1595 Ove
525 1563 558 1596 la
586 1562 660 1596 riva
688 1563 808 1597 intorno
835 1564 892 1607 piIa
919 1564 1048 1608 dist-ese.

382 1613 423 1646 In
452 1611 520 1647 fine
548 1626 635 1659 aqua
673 1612 718 1648 est
754 1612 898 1655 baffior,
939 1615 973 1648 ὅ(
1010 1612 1139 1661 incipit

382 1660 507 1697 efluere
534 1664 567 1698 δε
596 1662 706 1699 facere
745 1662 893 1698 fluvium
934 1663 1112 1699 Mincium
1131 1691 1138 1699 .

630 1715 691 1749 Ad
719 1714 800 1755 Vers.
827 1727 888 1761 94.

433 1764 497 1798 Gir>
524 1764 574 1805 fur
592 1766 621 1798 le
636 1764 727 1810 genti
742 1765 797 1807 sue
819 1766 926 1797 denero
943 1765 1001 1809 piis
1016 1763 1111 1810 speffe
1121 1779 1141 1807 ;

485 1815 595 1849 Prima
611 1817 661 1848 che
676 1815 710 1849 la
726 1815 838 1849 mania
853 1813 900 1848 de'
913 1815 1062 1856 Casclodi
1073 1817 1140 1850 &c-

382 1863 474 1899 Heic
497 1865 698 1914 Vergilius,
725 1864 894 1912 descripta
914 1865 1051 1913 origine
1072 1867 1139 1900 Ur—

384 1915 437 1949 bis
475 1914 577 1958 suae‚
615 1915 729 1960 tangit
768 1915 865 1950 illius
914 1914 1057 1955 florem,
1098 1929 1141 1951 ne

385 1964 475 1999 forte
511 1965 589 2013 quis
635 1964 867 2001 infirmiorem
904 1965 976 2012 ejus
1017 1966 1139 2001 statum

386 2014 493 2050 hodie
520 2029 682 2060 cernens,
710 2015 887 2064 ignoraret
915 2016 1141 2064 magnificen-

385 2065 474 2101 tiam
504 2066 674 2114 primam.
702 2068 851 2102 Mantua
879 2066 972 2101 enim
995 2065 1078 2102 ficut
1099 2067 1142 2102 est

386 2117 504 2162 pulcra
531 2117 697 2159 Civitas,
738 2117 789 2152 ita
830 2116 909 2152 fuit—
938 2116 1026 2152 olim
1055 2131 1142 2165 opu-

387 2167 503 2209 lenta,
540 2168 731 2214 populosa,
769 2169 802 2202 &
840 2168 941 2215 plena
968 2167 1072 2214 usque
1100 2167 1141 2202 ad

386 2225 544 2262 tempora
571 2218 757 2253 Comitum
785 2218 826 2254 de
862 2217 1044 2252 Casalodi.
1083 2218 1141 2253 Ad

388 2266 480 2311 quod
522 2266 698 2302 sciendum
735 2268 803 2310 est,
845 2267 937 2315 quod
978 2267 1173 2303 Casalodil

387 2316 431 2352 est
459 2317 646 2352 Castellum
675 2318 711 2353 in
740 2318 920 2353 territorio
948 2317 1142 2357 Brixiensi,
1171 2338 1173 2341 .

385 2366 475 2402 unde
503 2366 641 2402 fuerunt
667 2368 754 2403 olim
787 2368 934 2403 Nobiles
959 2368 1141 2407 Comites,

384 2416 473 2452 olim
501 2417 736 2453 dominatores
757 2417 930 2453 Civitatis
953 2419 1142 2457 Mantuae,

385 2480 472 2514 quos
501 2467 725 2504 Pinamontes
746 2469 786 2504 de
808 2468 1009 2506 Bonacosis,
1038 2469 1141 2504 Civis

729 193 1674 293 BENVENUTIAIMOLENSIS

385 2521 626 2563 Mantuanus,
672 2519 845 2555 fallaciter
895 2519 928 2553 &
975 2515 1172 2567 sagaciter-j

1859 199 1941 252 380

1247 254 1403 291 seduxit.
1444 257 1529 291 Erat
1565 254 1731 303 siquidem
1773 253 1999 290 Pinamontes

1247 318 1389 354 magnus
1425 307 1458 341 δε
1495 305 1633 346 audax,
1672 305 1799 340 habens
1837 317 1999 352 magnam

1246 355 1417 403 sequelam
1446 355 1483 392 in
1513 357 1672 405 Populo.
1700 358 1747 391 Et
1765 369 1873 404 quum
1893 357 1999 390 Man-

1246 415 1325 443 tuae
1359 407 1440 442 effet
1476 408 1588 442 multa
1638 405 1819 443 Nobilitas
1857 405 1998 445 odiosa,

1246 457 1279 491 &
1307 456 1425 492 infesta
1463 458 1619 505 Populo,
1658 456 1882 492 Pinamontes
1924 469 2000 504 per-

1249 505 1346 541 suasit
1373 507 1511 542 Comiti
1539 509 1690 543 Alberto
1719 516 1800 542 tunc
1837 506 1998 555 regenti,

1248 565 1285 592 ut
1311 556 1467 592 mitteret
1487 567 1598 593 certos
1620 557 1789 596 Nobiles,
1818 556 1999 606 praecipue

1249 606 1443 654 suspeffios,
1471 617 1568 642 extra
1597 621 1655 656 per
1682 608 1830 643 Castella
1857 607 1897 642 ad
1926 620 2000 642 cer-

1248 665 1323 691 tum
1351 665 1487 703 tempus
1504 684 1513 700 ,
1550 655 1588 691 &
1615 657 1686 702 ipse
1713 657 1856 692 interim
1884 658 2000 704 placa-

1249 714 1299 741 ret
1352 705 1477 741 furiam
1536 707 1756 753 Plebejorum
1806 706 2000 742 iratorum.

1247 758 1329 802 Quo
1366 755 1459 791 faE'to
1496 769 1575 791 cum
1612 769 1738 805 magno
1775 757 1929 792 tumultu
1966 758 1999 791 ὃς

1249 805 1366 853 plausu
1395 807 1522 854 Populi
1549 806 1619 855 ipse
1647 806 1772 842 invasit
1802 806 2000 842 dominium

1248 859 1434 892 Mantuae.
1462 859 1508 891 Et
1536 856 1705 892 continuo
1733 857 1920 892 crudeliter
1940 871 2001 892 ex-

1248 906 1453 941 terminavit
1481 907 1573 955 quasi
1600 921 1721 943 ornnes
1749 907 1916 943 familias
1936 921 2001 942 no-

1247 956 1332 991 biles
1361 955 1398 991 &
1427 956 1592 997 famosas,
1633 957 1724 993 ferro
1760 959 1793 993 8<
1830 958 1909 1006 igne
1937 957 2000 993 do-

1247 1020 1320 1042 mos
1348 1017 1505 1042 evertens
1523 1035 1533 1051 ‚
1559 1009 1655 1043 viros
1684 1008 1857 1046 maistans,
1885 1009 1919 1042 δε
1947 1021 1999 1043 re-

1246 1059 1383 1106 legans.
1427 1059 1521 1093 Inter
1547 1072 1632 1106 quos
1662 1058 1800 1094 fuerunt
1841 1058 2001 1094 Comites

1245 1108 1286 1143 de
1313 1107 1429 1143 Casali
1467 1109 1579 1152 Alto,
1617 1108 1674 1143 illi
1712 1109 1753 1144 de
1792 1108 1901 1158 Ripa,
1943 1108 2001 1144 illi

1246 1158 1285 1193 de
1315 1158 1474 1202 Arlotis,
1503 1159 1560 1194 illi
1588 1158 1629 1194 de
1649 1158 1849 1199 Ganfarris,
1878 1158 1935 1194 illi
1960 1158 2002 1194 de

1245 1208 1450 1248 Zaneculis‚
1487 1208 1544 1244 illi
1586 1209 1627 1245 de
1663 1210 1902 1252 Cacciaviris‚
1944 1208 2003 1244 illi

1246 1259 1286 1294 de
1324 1260 1460 1298 Bobus,
1505 1260 1616 1307 aliqui
1654 1259 1695 1295 de
1740 1258 2003 1308 Hippolythi3‚

1247 1309 1357 1357 aliqui
1385 1310 1426 1345 de
1454 1309 1619 1350 saviola,
1656 1308 1693 1346 δε
1731 1310 1794 1346 alii
1836 1309 2001 1358 plurimi.

1249 1361 1348 1395 Dicit
1375 1373 1456 1408 ergo
1485 1361 1590 1396 bene:
1620 1362 1649 1395 le
1670 1361 1762 1408 genti
1790 1361 1866 1403 sue,
1908 1359 2004 1396 scili-

1248 1420 1300 1444 cet
1328 1409 1544 1446 Mantuanae
1561 1436 1571 1450 ‚
1594 1411 1650 1455 fur
1674 1412 1732 1457 pita
1752 1410 1848 1457 speffe
1874 1412 2002 1446 dentro.

1249 1462 1340 1495 Nam
1369 1460 1473 1495 audio
1491 1487 1499 1502 ‚
1536 1462 1629 1506 quod
1667 1461 1735 1497 fere
1764 1464 1806 1497 L.
1833 1461 2004 1496 Familiae

1248 1509 1386 1545 fuerunt
1423 1510 1610 1545 destruffiae
1648 1524 1706 1558 per
1754 1512 2002 1546 Pinamontem

1253 1560 1451 1607 proditione
1479 1560 1555 1595 sua.
1592 1561 1701 1595 Prima
1727 1562 1776 1595 che
1802 1562 1837 1595 la
1863 1562 2003 1605 martia,

1181 1620 1219 1652 D!
1253 1609 1334 1645 idest
1367 1624 1449 1645 mera
1485 1622 1670 1655 mattezza,
1712 1622 1885 1653 martana‚·
1921 1611 2003 1658 quia

1217 1648 1220 1712 l
1249 1663 1376 1695 Comes
1413 1661 1475 1695 ille
1512 1660 1580 1695 fuit
1608 1662 1657 1695 ita
1686 1660 1828 1702 simplex
1869 1662 1903 1696 8<
1932 1675 2004 1696 cre-

1217 1716 1221 1726 '
1249 1711 1347 1745 dulus
1367 1737 1376 1751 ,
1404 1721 1441 1745 ut
1470 1710 1602 1745 difflum
1631 1711 1700 1746 est.
1729 1711 1856 1758 Aliqui
1886 1721 2003 1747 tamen

1249 1761 1392 1799 dicunt,
1440 1761 1532 1807 quod
1575 1760 1676 1796 debet
1712 1761 1784 1796 dici
1821 1763 1855 1796 la
1894 1763 2004 1802 natia,

1219 1807 1221 1852 ἶ
1249 1811 1331 1845 idest
1358 1811 1501 1859 nativa3
1531 1810 1585 1846 sed
1614 1811 1667 1846 isti
1696 1813 1822 1847 volunt
1850 1811 2005 1847 honesta-

1220 1859 1221 1878 ³
1250 1875 1284 1897 re
1312 1861 1463 1896 dietum.
1492 1861 1553 1896 Sed
1583 1861 1683 1897 debet
1710 1862 1781 1897 dici
1809 1863 1843 1896 la
1871 1863 2003 1897 nmttia.

1220 1937 1222 1959 4
1485 1935 1499 1945 .
1525 1913 1546 1944 d
1575 1912 1658 1955 Vers.
1687 1922 1767 1956 115.

1221 1973 1223 2022 i
1301 1960 1505 2007 Quell'altro
1524 1986 1535 2000 ,
1576 1964 1626 1995 che
1666 1961 1712 1995 κε’
1729 1961 1855 2007 flanchi
1895 1963 1911 1995 ἑ
1946 1964 2004 1997 cos}

1220 2023 1224 2069 ἢ
1400 2023 1492 2058 poso,

1222 2071 1224 2100 !
1354 2063 1490 2096 Michele
1516 2066 1617 2096 Scotto
1641 2063 1677 2106 fu
1704 2084 1892 2090 -----

1222 2115 1224 2151 ζ
1254 2112 1344 2148 Heic
1381 2113 1559 2160 Vergilius
1596 2123 1696 2148 notat
1733 2113 1840 2149 alium
1869 2112 2006 2148 divina-

1222 2163 1225 2216 }
1254 2174 1365 2199 torem
1405 2164 1573 2199 Latinum
1612 2164 1816 2199 modernum
1849 2163 2006 2198 Michae-

1223 2219 1224 2252 Ξ
1254 2216 1323 2249 lem
1360 2216 1540 2253 Scottum,
1577 2214 1746 2250 famosum
1783 2214 2006 2261 Astrologum

1223 2264 1224 2296 l
1256 2264 1424 2299 Friderici
1454 2267 1498 2299 ΙΙ.
1526 2265 1567 2299 de
1608 2278 1678 2312 quo
1714 2265 1782 2313 jam
1821 2264 1926 2299 toties
1953 2262 2008 2297 di-

1255 2315 1348 2350 &um
1378 2314 1443 2353 est,
1471 2316 1503 2349 &
1532 2314 1689 2350 dicetur.
1717 2315 1786 2350 Cui
1818 2317 2007 2361 Imperato-

1223 2374 1225 2380 '
1256 2367 1284 2401 ri
1323 2365 1393 2412 ipse
1430 2365 1584 2400 Micha'el
1621 2365 1705 2401 fecit
1746 2365 1892 2401 Librum
1930 2364 2008 2410 pul-

1223 2420 1225 2428 ’
1257 2429 1352 2451 (rum
1382 2416 1504 2455 valde,
1532 2430 1634 2463 quem
1663 2415 1760 2453 vidi,
1801 2414 1838 2448 in
1874 2426 1944 2460 quo
1971 2426 2007 2448 a-

1224 2490 1225 2517 }
1257 2477 1352 2513 perte
1379 2467 1515 2501 curavit
1542 2467 1620 2501 dare
1649 2465 1707 2499 sibi
1729 2464 1895 2498 notitiam
1917 2464 2009 2498 mul-

1223 2536 1226 2562 l
1257 2528 1372 2553 torum
1394 2516 1628 2559 naturalium,
1656 2513 1693 2550 ὅ(
1718 2515 1809 2549 inter
1829 2514 1898 2549 alia
1918 2514 2012 2548 mul-

1927 2572 1964 2599 ta

1179 2071 1207 2103 E
