2216 3105
409 219 491 259 45¹

348 258 391 295 ad
419 262 579 298 literam.
608 263 709 301 Dicit
738 265 894 301 Auctor.
918 266 988 302 El’
999 267 1104 305 altre-¹,

349 308 494 358 supple,
521 314 556 349 8(
584 313 606 348 fi
636 327 903 372 congregaretur
929 316 998 352 alia
1023 330 1105 365 gens

349 361 444 397 caesa
472 362 509 398 in
537 365 698 413 proelio,
738 367 762 400 it
797 368 846 402 cui
881 366 989 413 offame
1015 380 1106 402 ancor

346 409 373 444 ,τ’
389 414 520 460 accoglie
545 429 565 450 a
584 418 761 462 Ceperano‚
789 417 872 454 idest
893 418 933 453 ad
956 420 1103 453 Pontem

348 464 545 511 Ceperani.
586 468 633 501 Et
661 466 738 502 heic
775 477 883 511 nota,
924 469 1017 515 quod
1046 468 1105 502 ista

349 514 462 549 clades
489 529 559 550 non
581 515 650 551 fuit
669 517 759 564 apud
779 520 1019 566 Ceperanum,
1050 518 1103 553 sed

349 564 437 620 apud
466 566 727 610 Beneventum,
756 577 794 602 ut
822 570 912 603 clare
941 578 1035 616 patet
1062 582 1104 603 ex

350 628 419 663 jam
446 615 575 652 dietis.
604 617 667 651 Sed
697 617 804 664 paffus
833 619 1011 666 permissus
1032 617 1106 654 Ca-

349 666 425 700 rolo
470 665 558 714 apud
609 668 827 714 Ceperanum
878 667 946 703 fuit
991 668 1106 705 Causa

350 715 444 751 istius
473 715 678 751 conflifiius.

350 774 486 814 poterat
513 765 684 802 debellare
713 769 842 816 Regem
862 796 871 811 ,
908 782 970 804 nec
1011 768 1106 804 obti-

351 829 430 852 nere
458 818 640 865 Regnum,
682 817 705 852 fi
741 817 856 854 fuiffet
883 818 945 855 fibi
973 819 1105 855 vetitus

351 866 510 902 transitus
537 868 709 916 Ceperani
726 896 734 903 .
762 869 846 905 Ideo
874 870 1020 905 ulterius
1047 869 1106 905 de-

352 918 408 952 bes
436 917 546 958 scire,
587 918 680 966 quod
716 918 922 956 Manfredus
962 920 1106 967 deputa-

352 976 448 1004 verat
481 968 522 1003 ad
564 968 752 1005 custodiam
780 971 952 1020 Ceperani
979 970 1107 1007 Comi-

353 1029 421 1054 tem
448 1019 659 1063 Joiwdanum
701 1019 738 1056 &
767 1022 948 1058 Comitem
985 1021 1108 1058 Casei·—

352 1079 406 1105 tae
443 1083 522 1105 cum
562 1069 695 1106 duobus
732 1072 891 1108 millibus
929 1072 1108 1108 militum.

352 1120 415 1156 Sed
436 1122 564 1156 Comes
584 1120 746 1157 Casertae
766 1121 1001 1158 fraudolenter
1025 1136 1108 1158 con-

353 1170 460 1206 luluit
487 1171 626 1207 Comiti
653 1172 830 1215 Jordam,
859 1183 898 1208 ut
926 1173 1138 1222 permitte-

353 1231 404 1258 ret
432 1221 571 1257 transire
596 1232 727 1269 partem
749 1222 1000 1265 inimicorum
1027 1224 1109 1271 quia

353 1272 463 1321 postea
505 1271 644 1308 facilius
685 1274 719 1308 δ(
756 1273 867 1309 tutius
896 1274 1108 1310 debellarent

352 1332 523 1358 caeteros.
564 1325 611 1358 Et
647 1336 755 1370 quum
793 1324 931 1372 aliquot
971 1324 1105 1360 transil—

352 1373 445 1413 sent,
487 1373 624 1409 dicebat
651 1376 780 1410 Comes
807 1375 988 1410 Casertae.
1033 1378 1106 1410 Non

351 1425 392 1467 esi
427 1424 563 1471 amplius
603 1434 742 1471 tempus,
778 1426 852 1472 quia
893 1427 986 1459 nimis
1013 1425 1107 1458 multi

351 1475 559 1516 transierunt.
587 1476 634 1509 Et
661 1475 831 1510 continuo
851 1488 929 1510 cum
951 1475 1006 1510 sua
1033 1474 1106 1510 acie

351 1525 552 1563 divertens,
601 1524 709 1560 rediit
766 1523 946 1560 Casertam
963 1552 971 1560 .
1023 1527 1106 1560 Erat

350 1576 444 1611 enim
476 1577 541 1621 jam
570 1573 607 1609 in
636 1575 871 1610 conventione
899 1588 976 1611 cum
1002 1575 1106 1610 hosti-

351 1627 437 1661 bus.
466 1625 597 1660 Comes
624 1625 791 1668 Jordanus
820 1625 960 1674 cognita
990 1626 1180 1670 prodi-D

351 1676 475 1717 tione,
512 1688 582 1710 non
618 1676 737 1710 valens
779 1688 837 1723 pei·
873 1676 905 1712 se
941 1676 1106 1714 resistere,

350 1726 501 1762 reversus
539 1725 584 1760 est
610 1727 870 1761 Beneventum.
906 1728 953 1761 Et
981 1727 1023 1761 sic
1052 1726 1107 1761 vi-

350 1778 391 1812 de
409 1804 417 1820 ,
445 1775 623 1823 quomodo
651 1775 855 1812 Manfredus
884 1777 952 1812 fuit
980 1777 1105 1812 dereli—

351 1827 424 1862 <9tus
452 1826 541 1874 apud
569 1827 785 1873 Ceperanum
803 1851 812 1866 ‚
849 1825 886 1862 ἃ
924 1827 1012 1874 apud
1043 1829 1107 1862 Be-

350 1887 562 1920 neventum,
604 1876 689 1911 sicut
716 1890 734 1912 a
762 1877 893 1912 comite
934 1880 1106 1916 Acerrae,

350 1929 412 1976 qui
439 1927 609 1963 sentiebat
637 1940 715 1962 cum
753 1927 898 1963 Comite
925 1928 1107 1964 Casertae.

349 1981 396 2014 Et
436 1977 542 2015 multi
583 1977 646 2013 alii
692 1977 899 2014 dimiserunt
948 1977 1108 2014 Manfre—

350 2029 456 2077 dumg
486 2027 547 2076 qui
575 2027 686 2076 postea
715 2028 856 2075 spoliati
884 2028 1024 2064 fuerunt
1049 2042 1108 2064 eo-

350 2093 425 2116 rum
454 2078 575 2114 Terris
600 2077 640 2114 &
677 2079 855 2115 Castellis.
899 2079 981 2115 Ideo
1023 2080 1109 2115 bene

350 2130 440 2167 dicit
467 2129 631 2165 Aucior:

399 2202 417 2206 -
443 2202 460 2206 -
487 2201 504 2206 -
531 2201 547 2206 -
574 2181 608 2213 [ἃ
634 2181 714 2214 dove
735 2180 776 2224 fia
803 2179 957 2227 bugiardo

402 2230 537 2275 Ciascun
564 2230 736 2276 Pugliese:

351 2280 447 2326 Quia
484 2281 600 2315 nullus
637 2279 730 2314 dixit
758 2280 820 2315 fibi
862 2294 1005 2319 verum,
1047 2294 1110 2316 nec

348 2329 501 2366 servavit
529 2329 590 2365 fibi
626 2329 826 2378 promissam
863 2330 986 2365 fidem.
1022 2331 1105 2367 Ideo

349 2380 554 2416 Manfredus
603 2379 694 2414 forte
745 2379 953 2428 cognoscens
994 2394 1106 2417 mores

351 2444 492 2470 eorum,
519 2429 729 2465 acceleravit
756 2430 960 2478 proelium;

402 2501 590 2509 -----
615 2494 630 2514 e
656 2480 690 2514 ld
715 2481 759 2513 da
787 2481 998 2527 Tagliacozzo
1011 2495 1032 2524 ;

353 2533 444 2569 Heic
471 2530 588 2580 tangit
614 2529 779 2578 quintum
815 2532 990 2579 proelium
1029 2544 1108 2568 me-

720 206 1158 249 BENVENUTI
1197 206 1603 250 IMOLENSIS

717 719 810 753 Nam
846 716 997 754 Carolus
1035 731 1104 753 non
1136 742 1139 753 .

1837 225 1922 266 452

1147 269 1179 302 Α
1220 266 1390 304 demum,
1417 268 1510 314 quod
1539 266 1733 315 sequitur
1722 281 1759 303 in
1787 270 1910 304 ordine
1939 264 1980 300 aff

1221 322 1444 364 praecedens,
1472 317 1554 365 quia
1582 318 1711 366 gestum
1739 318 1808 355 fuit
1837 333 1895 368 per
1921 317 1976 353 di-

1219 366 1314 402 &um
1351 369 1520 403 Carolum
1567 379 1689 404 contra
1729 368 1974 405 Conradinum

1219 427 1380 465 nepotem
1403 418 1602 455 Manfredi.
1628 421 1675 454 Et
1696 419 1736 455 ad
1758 420 1865 477 hujus
1875 432 1974 467 proe-

1219 469 1260 502 lii
1300 470 1416 516 magni
1455 470 1694 505 memorabilis
1731 470 1975 519 cognitionem

1218 517 1263 553 est
1291 518 1568 566 praesciendum,
1595 521 1689 567 quod
1710 522 1858 556 Carolus
1878 534 1975 568 prae-

1219 567 1309 604 fatus
1360 569 1431 617 post
1467 569 1654 606 vigim-iam
1704 570 1746 606 de
1784 570 1975 606 Manfredo

1218 617 1375 654 habitam
1427 619 1586 654 obtinuit
1634 621 1742 656 libere
1793 624 1973 668 Regnum.

1219 670 1265 703 Et
1293 677 1437 703 vocatus
1466 668 1510 703 est
1531 672 1631 712 Rex,
1659 668 1697 705 ὅ(
1719 671 1850 705 elatus.
1881 673 1975 706 Nam

1192 730 1193 748 ι
1219 718 1328 753 facins
1355 717 1526 766 generalis
1555 696 1718 754 Vic²arius
1745 719 1891 767 Imperii
1918 733 1978 768 per

1221 747 1376 815 Papamo
1386 769 1423 804 in
1465 767 1594 804 Tuscia
1621 795 1631 812 ,
1672 769 1791 818 coepit
1835 782 1977 806 movere

1220 819 1352 853 bellum
1393 829 1515 854 contra
1560 818 1759 855 Civitatem
1802 820 1979 856 Pisarum.

1221 868 1337 904 Pisani
1364 868 1455 904 faeta
1482 869 1786 906 confoederatione
1813 884 1891 906 cum
1920 872 1980 906 Se-

1220 918 1398 958 nenfibus‚
1436 918 1474 955 &
1502 933 1580 955 cum
1620 921 1776 956 Domino
1818 921 1977 957 Henrico

1221 968 1325 1004 fratre
1355 970 1459 1018 Regis
1487 970 1678 1019 Hispaniae
1705 971 1792 1028 (uhic
1813 981 1897 1007 tunc
1920 974 1975 1008 Se·-

1222 1030 1323 1055 nator
1360 1020 1471 1055 Urbis
1512 1030 1585 1056 erat
1621 1021 1787 1057 inimicus
1827 1022 1977 1079 Caroli,

1189 1071 1306 1145 llicet
1345 1070 1426 1105 esset
1453 1071 1740 1120 Consanguineus
1781 1072 1879 1121 ejus)
1910 1072 1976 1107 mi

1189 1077 1338 1156 lserunt
1366 1121 1403 1156 in
1431 1122 1682 1157 Alemanniam
1711 1136 1773 1170 pro
1804 1123 1976 1158 Conradi

1191 324 1194 384 l

1145 1172 1178 1208 (a
1222 1184 1288 1207 no.
1317 1173 1364 1206 Et
1391 1172 1557 1207 dederunt
1578 1186 1744 1221 operam,
1772 1174 1865 1221 quod
1887 1175 1978 1208 mul-

1221 1231 1276 1257 tae
1304 1223 1434 1257 Terrae
1462 1223 1669 1258 rebellarent
1697 1222 1861 1259 Carolo
1852 1237 1887 1259 in
1911 1227 1977 1259 Re-

1218 1285 1287 1320 gno
1315 1271 1353 1307 &
1381 1273 1529 1309 Sicilia.
1572 1276 1618 1308 Et
1646 1274 1813 1309 miserunt
1840 1276 1975 1309 Conra-

1189 1227 1302 1369 idino
1348 1334 1426 1358 cent
1431 1336 1487 1358 um
1545 1323 1660 1359 millia
1706 1325 1934 1358 Florenorum
1961 1347 1972 1362 ,

1190 1373 1279 1418 qui
1308 1384 1379 1407 erat
1418 1374 1622 1419 juvenculus
1660 1376 1755 1408 XVI.
1783 1387 1973 1409 annorum.

1191 1422 1293 1468 Qui
1331 1424 1489 1458 recedens
1525 1423 1566 1459 de
1603 1424 1816 1459 Alemannia
1853 1434 1974 1459 contra

1191 1474 1441 1511 {voluntatem
1494 1473 1614 1508 matris
1639 1498 1648 1512 ,
1709 1474 1803 1509 filiae
1865 1475 1973 1510 Ducis

1191 1514 1404 1562 iAustriae,
1441 1523 1601 1559 transivit
1642 1524 1679 1559 in
1728 1524 1889 1568 Italiam,
1938 1526 1973 1560 δε

1192 1569 1379 1621 pervenit
1417 1575 1616 1618 Veronam,
1663 1574 1812 1610 sociatus
1854 1575 1974 1610 decem

1220 1623 1377 1659 millibus
1423 1626 1698 1660 Germanorum.
1753 1627 1807 1660 Ex
1849 1625 1975 1673 quibus

1192 1674 1326 1731 elegit
1353 1673 1421 1709 tria
1449 1674 1564 1709 millia
1592 1676 1626 1708 δε
1654 1674 1892 1722 quingentos
1921 1689 1976 1711 ce-

1219 1728 1302 1760 teris
1330 1723 1474 1758 remiffis
1503 1725 1539 1759 in
1576 1725 1822 1760 Germaniam.
1866 1725 1976 1761 Dein-

1218 1774 1259 1809 de
1287 1774 1450 1809 tranliens
1473 1787 1531 1822 per
1552 1774 1715 1818 Papiam,
1743 1774 1781 1811 &
1807 1778 1976 1820 januam,

1220 1838 1278 1873 per
1307 1824 1420 1867 Pisas,
1464 1837 1522 1872 per
1550 1827 1671 1864 Senas,
1714 1827 1874 1873 pervenit
1904 1829 1974 1861 Ro—

1219 1889 1273 1910 nai
1280 1889 1337 1910 m.
1365 1874 1439 1920 Qui
1468 1875 1597 1922 ubique
1624 1885 1781 1923 receptus
1807 1876 1877 1912 fuit
1900 1889 1973 1911 ma-

1189 1899 1345 1974 lgiiiilice
1381 1934 1561 1972 tamquam
1608 1928 1820 1972 Imperator.
1874 1925 1971 1962 Idem

1188 1949 1358 2072 llpostea
1357 1977 1505 2010 Carolus
1546 1976 1705 2012 recedens
1741 1976 1783 2012 de
1819 1976 1973 2017 Tuscia,

1219 2026 1377 2075 pervenit
1405 2026 1442 2060 in
1480 2026 1678 2074 Apuliam,
1715 2026 1856 2062 dimisso
1892 2027 1974 2062 Ma—

1151 2073 1193 2111 Ε“
1218 2076 1367 2112 rescalco
1394 2075 1454 2112 suo
1481 2076 1518 2112 in
1519 2039 1676 2112 pTuscia
1696 2077 1737 2112 ad
1757 2078 1973 2113 obviandum

1216 2126 1441 2163 Conradino.
1478 2126 1552 2172 Qui
1581 2128 1767 2174 procedens
1803 2129 1845 2164 ab
1873 2127 1974 2163 Urbe

1218 2191 1298 2213 cum
1326 2190 1453 2226 magno
1480 2177 1637 2213 exercitu
1664 2180 1917 2214 Germanorum
1938 2179 1971 2212 &

1220 2230 1388 2264 Italorum
1402 2252 1410 2267 ‚
1433 2227 1580 2263 sociatus
1597 2241 1676 2264 cum
1698 2229 1856 2265 Domino
1877 2231 1973 2265 Hen-

1219 2279 1314 2318 rico,
1342 2279 1402 2326 qui
1431 2278 1579 2314 habebat
1604 2279 1828 2328 octingentos
1868 2279 1972 2315 fortes

1219 2329 1352 2365 milites
1380 2328 1576 2377 Hispanos,
1604 2330 1721 2366 noluit
1740 2329 1850 2366 facere
1877 2329 1971 2364 viam

1218 2393 1279 2429 per
1319 2380 1580 2428 Campaniam,
1620 2380 1705 2428 quia
1745 2380 1844 2416 sensit
1878 2378 1972 2426 quod

1221 2430 1329 2478 paffus
1365 2430 1539 2479 Ceperani
1574 2440 1648 2466 erat
1683 2431 1769 2466 bene
1795 2429 1971 2465 munitus.

1220 2480 1283 2517 Sed
1311 2480 1395 2515 fecit
1425 2480 1518 2515 viam
1546 2481 1640 2516 inter
1679 2488 1814 2515 montes
1855 2481 1973 2526 Apru—

1219 2531 1290 2570 tii‚
1318 2532 1351 2566 8<
1379 2531 1593 2577 Campaniae
1621 2543 1680 2578 per
1721 2530 1859 2565 Vallem
1887 2529 1974 2566 Cel—

1877 2581 1929 2616 lae
