2216 3105
458 240 549 292 5ss

760 226 1693 282 BENVENUTIIMOLENSIS

1875 240 1966 289 552

399 283 524 321 felicia
566 284 746 331 incidisti,
791 288 918 337 quibus
954 303 1016 326 nos
1044 303 1163 326 omnes
1202 296 1232 330 Α
1262 289 1364 332 saris,
1396 291 1545 336 Caesari,
1566 291 1608 325 (9¹
1627 303 1704 339 quae
1726 289 1804 336 sunt
1823 292 1907 336 Dei,
1937 294 2028 332 Deo.

399 346 498 371 nunc
526 335 685 374 viventes
712 337 750 373 in
778 339 902 375 misera
926 341 1029 376 Italia
1052 341 1163 388 possu-

403 397 481 422 mus
506 386 688 424 invidere?
717 389 792 437 Ipse
820 401 924 438 ergo,
950 391 1013 439 qui
1035 391 1162 439 potest,

396 437 528 474 mittat
553 438 682 474 amodo
710 440 895 482 Veltrum‚
923 455 1026 489 quem
1050 451 1088 477 tu
1109 442 1163 477 vi-

403 486 483 523 disti
523 487 561 524 in
600 489 745 530 somno,
786 489 810 525 sl
837 499 955 527 tamen
997 505 1162 542 umquam

405 546 572 575 venturus
599 539 643 574 est
659 565 669 575 .
1080 558 1084 562 Ἴ

453 589 986 633 ΕόευαΖ--ο·,-»----

403 639 478 675 Hei
508 641 613 675 Poeta
633 646 799 688 aggravat
821 641 995 677 miseriam
1018 642 1163 679 Italiae.

405 690 501 734 Quia
536 689 559 724 fi
589 690 693 724 Italia
720 690 818 725 olimv
852 691 922 727 fuit
963 694 1117 740 oppressa
1145 707 1163 728 a

405 739 566 774 Barbaris
609 738 680 786 post
720 739 910 787 Imperium
955 744 1162 778 translatum
1206 745 1230 778 Β

402 788 442 826 in
469 788 680 830 Graeciam,
708 799 825 826 tamen
854 791 977 828 habuit
1004 794 1163 841 aliquan-

404 839 450 875 do
476 841 690 876 relevantem
718 841 752 876 &
791 840 1037 878 reformantem
1067 857 1163 880 eam.

405 889 507 926 Dicit
537 900 652 940 ergo:
695 892 746 926 che
780 893 870 927 val?
909 892 1002 941 quasi
1039 893 1163 940 dicat,

404 940 517 977 nihil.

453 1012 470 1018 -
497 1012 513 1018 -
540 1013 556 1017 -
583 1013 599 1018 —
623 993 731 1037 perch&
750 992 777 1028 εἰ
800 993 994 1041 racconciaffe
1012 994 1038 1029 il
1052 995 1140 1040 freno

453 1042 662 1085 GIustt‘niane
679 1064 1038 1072 ---------

402 1092 512 1136 Justus
534 1094 728 1140 Imperator
751 1095 1024 1143 gubernaculum
1053 1094 1091 1131 ἃ
1112 1109 1164 1130 re-

403 1142 522 1191 gimen
550 1143 706 1191 Legibus
733 1143 844 1184 fecit,
883 1158 969 1192 quae
997 1145 1164 1181 constrin-

403 1202 491 1241 gunt
517 1193 703 1229 hominum
725 1195 840 1243 vita53
869 1196 903 1230 &
929 1196 1056 1235 armis,
1082 1196 1164 1243 quia

403 1244 737 1280 liberavit'Ita'liam
770 1245 811 1281 de
839 1245 999 1282 manibus
1025 1247 1164 1281 Gotho-

402 1306 479 1329 rum
494 1321 508 1339 ‚¹
550 1302 590 1330 ut
635 1296 753 1344 pulcre
804 1295 969 1340 scribitur
1015 1295 1162 1332 Paradisi

402 1346 510 1381 Canta
540 1346 603 1380 VI.

454 1415 640 1423 -----
662 1397 697 1441 se
714 1397 749 1431 la
761 1396 845 1442 sella
868 1398 884 1431 ἒ
906 1399 1012 1432 vota?

386 1445 570 1492 Scilicet,
598 1446 739 1486 sessore,
767 1446 871 1486 idest,
912 1446 935 1481 fi
963 1447 1064 1482 Sedes
1092 1448 1162 1482 Im-

401 1496 492 1544 perii
529 1506 622 1533 caret
658 1497 899 1544 Imperatore,
947 1497 1008 1544 qui
1036 1497 1098 1532 stat
1126 1497 1162 1532 in
1188 1526 1189 1535 ἶ

401 1547 592 1583 Germania
606 1572 616 1586 ‚
633 1556 671 1582 ut
687 1546 803 1582 statim
821 1546 975 1594 patebit.
991 1548 1036 1581 Et
1049 1546 1159 1582 dicit:

452 1597 548 1643 Senz’
560 1596 617 1642 effi>
632 1597 703 1640 sora
722 1597 756 1630 la
775 1610 935 1643 vergogna
957 1610 1061 1631 meno.

402 1647 512 1692 mest,
549 1646 758 1682 verecundia
798 1645 889 1682 foret
938 1645 1055 1681 minor
1096 1645 1162 1681 fine
1185 1641 1241 1680 ¹1>

400 1697 477 1746 ipso
503 1697 642 1733 fraeno.
677 1695 808 1731 *Simile
849 1695 938 1731 dicit
980 1691 1187 1741 Bachonusj'

400 1748 442 1784 de
472 1746 662 1785 Romanis,
692 1746 784 1794 quod
813 1745 834 1780 fi
863 1745 1003 1781 fuissent
1032 1745 1187 1793 semper}

401 1798 512 1841 fervi,
541 1804 579 1832 ut
608 1797 717 1831 multi¹
742 1795 903 1834 barbari,
942 1795 1057 1844 minus
1086 1808 1160 1830 mo-

399 1848 481 1884 leste
517 1846 696 1882 ferendum
725 1845 819 1891 ,esset
836 1864 866 1880 .*
898 1847 964 1880 Et*
990 1845 1160 1881 continuo

399 1897 540 1936 invehit
586 1893 729 1942 'contra'
765 1895 913 1931 pastores
963 1894 1160 1940 Ecclesiae,

399 1948 460 1997 qui
488 1960 560 1983 non
590 1946 801 1996 permittunt
830 1948 1079 1994 Imperatorem
1107 1960 1159 1981 re·-

399 2011 503 2050 gnare
531 1997 568 2034 in
597 1997 720 2033 Italia.
749 1995 850 2032 Dicit
877 2008 997 2044 ergoz·
1080 2016 1084 2017 ν

450 2049 547 2089 Abi,
570 2058 664 2096 gente
689 2066 1049 2074 ---------
1182 2043 1187 2091 J

399 2089 508 2139 I'deffi
536 2099 696 2134 dolenter
721 2096 832 2133 refero
848 2124 858 2141 ‚
881 2110 968 2146 gens
996 2094 1159 2132 Sacerdo-
1195 2094 1222 2127 E

398 2150 503 2186 talis.
524 2150 529 2165 ²
546 2152 593 2184 Et
629 2161 698 2184 non
723 2147 830 2192 [dicas
848 2174 858 2190 ‚
899 2160 983 2194 gens
1013 2146 1135 2182 Italica
1148 2159 1161 2190 ‚j

399 2201 485 2238 ficut
500 2199 649 2248 ‘quidam
671 2207 874 2246 exponunt,
901 2199 936 2232 &
956 2197 1154 2242 nonvbene:

535 2265 552 2276 -·
578 2270 594 2276 -
620 2251 672 2284 che
689 2249 825 2291 dovresti
843 2246 916 2294 effer
931 2248 1047 2283 divom
1057 2272 1068 2287 ,

400 2301 564 2340 Scilicet,
606 2301 706 2344 Deo,
744 2300 779 2334 δ(
809 2310 930 2333 vacare
964 2296 1158 2345 spirituali-

401 2351 483 2392 bus,
520 2353 553 2386 δι
583 2348 791 2399 temporalia
825 2347 1006 2384 dimittere
1043 2350 1158 2396 Impe-

401 2400 533 2437 ratori.
561 2400 664 2436 Unde
689 2399 802 2435 dicit:

453 2453 485 2486 E
505 2451 618 2495 lasciar
631 2450 722 2496 seder
740 2448 852 2493 Cesdre
870 2448 905 2482 in
924 2448 960 2483 la
977 2447 1073 2491 sella.

402 2515 491 2551 quae
518 2499 563 2536 est
590 2509 698 2536 vacua
725 2499 868 2535 sessore.
899 2500 1016 2538 Nota,
1049 2511 1156 2546 quum

402 2552 496 2588 dixit
521 2549 703 2588 Christus:
734 2550 873 2585 Reddite
892 2562 969 2597 quae
981 2549 1059 2594 sunt
1077 2554 1157 2584 Cae·
1237 2563 1241 2591 ῃ

1184 1867 1187 1930 ἕ

1184 1931 1187 1996 J

1184 2000 1187 2040 ι

1267 339 1357 388 quafi
1386 341 1500 376 dicat:
1531 341 1554 376 s1
1583 355 1653 377 non
1682 340 1867 387 visaliter
1889 340 2026 377 intelli-

1267 403 1346 439 gere
1382 390 1419 426 &
1457 405 1630 430 exponere
1670 391 1761 428 illud
1789 391 1924 427 dietum
1953 393 2027 426 Do-

1269 442 1357 477 mini
1384 441 1460 485 Jesu
1487 443 1637 479 Christi.
1673 445 1721 479 Et
1748 442 1825 478 heic
1853 451 1959 485 nota,
1988 449 2027 477 ut

1269 491 1409 536 videas,
1450 493 1544 540 quod
1583 495 1688 529 Po‘e'ta
1735 493 1818 542 juste
1869 493 2028 539 increpat

1271 542 1491 590 prohibentes
1520 546 1769 592 Imperatorem
1801 543 1866 578 effe
1881 542 1932 583 bin
1956 544 2027 578 Ita-

1270 593 1338 628 lia.
1379 594 1484 638 Quod
1520 594 1558 629 in
1586 595 1868 631 MCCXCVIII.
1897 593 2027 628 Alber-

1271 652 1325 678 tus
1353 645 1434 678 Dux
1464 644 1643 692 Auſtriae,
1682 644 1862 693 Rodulphi
1899 642 2027 680 Caesa-

1269 693 1316 728 ris
1345 693 1623 741 primogenitus,
1664 704 1821 741 peremto
1858 693 2027 740 Adulpho

1269 742 1404 781 eleeto,
1441 742 1478 777 in
1516 743 1674 790 proelio,
1711 741 1867 778 succeffit
1906 743 1963 777 illi
1991 743 2029 778 in

1273 795 1413 841 Regno.
1441 791 1517 837 Qui
1543 806 1635 829 anno
1662 792 1820 842 sequenti
1846 790 1939 827 misit
1960 793 2028 828 Le-

1270 853 1369 892 gatos
1406 843 1446 879 ad
1486 843 1729 883 Bonifacium‚
1772 842 1968 892 significans
1996 841 2029 878 se

1271 894 1363 929 vell-‘e
1388 893 1510 930 venire
1538 894 1578 929 ad
1606 895 1726 930 Sedem
1764 892 2028 942 Apostoficam.

1270 943 1487 990 suscepturus
1514 944 1555 980 de
1583 957 1679 981 more
1705 946 1905 981 Coronam.
1935 942 2030 988 Qui·

1271 995 1333 1030 bus
1363 997 1453 1043 Papa
1494 994 1697 1040 respondit,
1739 994 1832 1044 quod
1860 994 2028 1029 Albertus

1270 1057 1341 1080 non
1369 1055 1443 1081 erat
1469 1045 1601 1081 eleE’tus
1640 1045 1828 1093 legitime,
1867 1045 1901 1079 &
1937 1042 2031 1091 quod

1271 1105 1344 1131 erat
1371 1095 1536 1143 indignus
1564 1096 1741 1146 Imperio,
1767 1094 1850 1143 quia
1871 1092 2030 1129 adversus

1273 1148 1402 1195 Regem
1433 1148 1627 1182 Dominum
1656 1146 1753 1183 suum
1783 1145 1915 1181 bellum
1936 1143 2027 1192 injur

1269 1196 1314 1232 ste
1342 1206 1523 1240 moverat,
1550 1196 1589 1232 &
1617 1195 1811 1245 proditorie
1838 1195 1941 1231 illum
1969 1206 2028 1228 oce

1269 1247 1421 1283 ciderat.
1450 1250 1496 1283 Et
1524 1247 1641 1283 sedens
1668 1256 1820 1283 armatus
1846 1245 1884 1281 in
1911 1243 2000 1279 solio
2017 1270 2027 1285 ,

1270 1296 1307 1333 &
1333 1297 1413 1333 ense
1440 1298 1574 1333 ciffus
1591 1322 1602 1337 ,
1630 1299 1664 1333 8<
1692 1298 1820 1334 habens
1847 1295 1884 1330 in
1908 1293 2026 1342 capite

1271 1349 1455 1396 Imperiale
1500 1349 1692 1391 Diadema,
1738 1345 1926 1393 tenensque
1953 1356 2024 1378 mav

1268 1411 1352 1434 num
1380 1398 1421 1433 ad
1449 1399 1611 1446 capulum
1638 1397 1723 1434 enfis
1752 1396 1883 1434 εἰηέἶὶ,
1911 1393 2024 1429 dixit:

1274 1452 1387 1482 Nonne
1410 1462 1463 1495 ego
1494 1448 1610 1494 poffum
1645 1447 1774 1492 Imperii
1804 1446 1881 1491 jura
1920 1444 2028 1480 tueri?

1269 1500 1340 1543 Ego
1366 1498 1437 1540 sum
1460 1499 1595 1542 Caesar.
1640 1498 1757 1533 Postea
1792 1497 1868 1531 orta
1895 1494 2027 1529 discor-

1268 1547 1325 1582 dia
1352 1547 1445 1582 inter
1480 1561 1557 1582 eum
1587 1548 1621 1581 &
1661 1546 1865 1593 Philippum
1895 1546 2027 1592 Regem

1269 1597 1455 1641 franciae,
1481 1596 1684 1632 Bonifacius
1705 1596 1788 1632 fecit
1809 1594 1928 1630 foedus
1947 1606 2026 1628 cum

1269 1647 1443 1690 Alberto,
1480 1648 1514 1682 δ(
1554 1646 1666 1693 ipsum
1690 1686 1693 1688 ,
1715 1653 1924 1681 vocaverat.
1973 1644 2027 1678 Eo

1268 1707 1424 1745 tempore
1461 1707 1581 1745 captus
1617 1695 1661 1732 est
1696 1695 1734 1731 in
1770 1694 1828 1730 sua
1864 1693 2027 1730 Civitate

1269 1746 1474 1794 Anagniae.

1317 1796 1450 1831 Gnarda
1468 1794 1616 1837 com'ella
1626 1794 1711 1840 fiera
1727 1795 1743 1829 ὲ
1758 1795 1847 1838 satta
1863 1794 1943 1838 fella
1958 1793 2026 1829 &a

1269 1846 1361 1882 Heic
1391 1848 1496 1881 Pc'e'ta
1523 1845 1663 1882 invehit
1688 1845 2024 1880 contra-Albertum

1270 1895 1521 1945 praedif'tum5
1566 1895 1627 1943 qui
1676 1894 1833 1942 neglexit
1874 1892 2025 1936 venire,

1238 1978 1240 1984 ⁴
1269 1959 1374 1991 quum
1399 1946 1527 1994 poffet,
1555 1946 1596 1980 ad
1620 1944 1838 1980 liberandum
1863 1942 2025 1979 Italiam.

1238 1991 1240 2016 1
1267 1995 1400 2031 ordina
1430 1995 1473 2030 fic
1500 1995 1664 2038 literam,
1700 1992 1739 2030 &
1768 1993 1930 2030 descende
1968 1992 2022 2027 in=

1268 2045 1340 2088 fra,
1368 2044 1406 2081 &
1433 2044 1553 2080 dicas:

1321 2100 1346 2129 Ο
1373 2096 1511 2131 ,alberto
1537 2094 1668 2139 Tedesco
1683 2114 1823 2122 -----

1268 2145 1390 2183 Elefte
1417 2148 1612 2193 Imperator
1627 2172 1637 2188 ,

1319 2217 1332 2222 -
1355 2216 1371 2222 ·-
1391 2216 1406 2222 -
1427 2209 1450 2222 -·
1470 2194 1707 2231 ch’abbana'oni

1318 2246 1443 2290 Coste‘n‘,
1463 2266 1620 2273 -----

1267 2296 1376 2341 Idest,
1405 2296 1544 2333 Italiam
1561 2323 1571 2340 ‚

1318 2368 1480 2377 -----
1504 2346 1549 2382 ch’
1565 2347 1582 2381 ὲ
1611 2346 1700 2391 satta
1736 2345 1891 2381 indomita
1915 2359 1931 2379 e
1957 2344 2021 2389 sel-

1370 2398 1492 2444 vaggr'a
1509 2421 1519 2436 ‚

1269 2447 1378 2492 Idest,
1404 2448 1546 2484 rebellis
1565 2475 1576 2491 ‚
1612 2446 1651 2483 ὅ(
1679 2445 1880 2483 inobediens
1908 2443 2022 2489 Imp&

1270 2497 1345 2543 rio,
1381 2498 1463 2547 quia
1500 2511 1570 2535 non
1599 2496 1720 2534 venisti
1757 2495 1796 2531 ad
1833 2495 1932 2530 illam
1962 2493 2020 2527 do*

1270 2549 1457 2597 mandam‚·
1485 2559 1512 2573 '³
1870 2596 1900 2629 F
1925 2596 1943 2616 J

1896 2620 1898 2623 ,
1945 2606 1965 2621 a„
