2216 3105
280 203 365 245 357
468 246 531 282 Ad
559 247 641 291 Vers.
667 257 728 293 40.

271 299 400 333 Mentre
436 296 465 330 1'0
500 298 632 332 andava
651 322 662 337 ‚
700 297 753 344 gli
787 298 868 332 occhi
906 298 979 333 miei

422 362 455 382 m
482 361 543 382 uno

320 401 406 433 Furo
432 399 579 440 [contrari
592 413 613 442 ,⁶
638 420 811 426 ------

220 448 358 485 Auctor
378 449 543 485 describit
566 463 673 485 unum
695 451 900 486 modernum
923 448 978 485 in-

219 499 387 535 famatum
406 500 567 548 singulari
585 501 764 537 lenocinio
780 501 871 536 circa
888 510 978 536 tem-

219 564 303 600 pora
323 551 510 586 Autstoris.
539 551 597 586 Ad
618 553 715 599 cujus
736 551 978 600 cognitionem

220 601 264 636 est
291 601 467 637 sciendum
485 630 495 646 ,
532 602 625 650 quod
653 603 712 638 iste
740 602 808 638 fuit
835 602 976 650 quidam

219 651 329 687 Miles
367 653 595 689 Bononiensis
631 653 672 689 de
700 653 979 689 Caccianimicis

222 702 263 737 de
292 703 474 748 Bononia,
502 704 559 739 vir
585 703 726 751 quidem
754 704 906 743 nobilis,
934 704 1003 739 li-‘

222 753 370 797 beraHs,
409 753 447 790 &
475 755 675 801 placibilis.
711 755 786 801 Qui
823 764 980 804 tempore

221 802 282 839 suo
310 803 379 840 fuit
406 805 507 841 valde
535 816 657 853 potens
684 807 722 842 in
751 805 911 842 Bononia
931 805 982 841 fa-

221 867 305 890 vore
342 856 563 892 Marchionis
601 857 767 900 Estenfis,
809 857 871 905 qui
913 856 982 892 fuit

220 906 304 941 Azo
340 906 408 942 ΙΙῘ.
437 907 497 954 qui
527 907 625 954 geffit
652 921 818 957 magnum
848 908 980 943 bellum

225 969 303 991 cum
333 958 635 998 Bononienfibus,
671 959 713 994 de
749 972 820 1005 quo
848 958 984 994 dicetur

226 1008 425 1054 Purgatorii
453 1008 560 1044 Cant.
583 1012 627 1044 V.
655 1012 702 1045 Et
729 1009 881 1045 tamdem
904 1022 984 1057 pro-

226 1057 364 1092 curavit
399 1058 460 1094 fibi
504 1059 613 1095 facere
651 1073 811 1109 magnam
851 1069 982 1108 partem

225 1106 263 1142 in
293 1109 472 1144 Bononia.
500 1112 600 1156 Quae
628 1121 753 1146 vocata
780 1111 825 1146 est
851 1111 896 1146 ob
917 1110 983 1145 hoc

225 1161 308 1193 Pars
349 1161 572 1196 Marchiana.
614 1161 676 1197 Iste
716 1174 798 1210 ergo
839 1161 949 1196 Miles
974 1185 984 1200 ,

226 1208 370 1245 nomine
398 1212 610 1251 Veneticus,
649 1212 772 1247 habuit
799 1225 903 1247 unam
932 1211 985 1246 so-

134 1288 141 1293 s
195 1294 203 1299 ,
226 1272 340 1294 rorem
381 1261 674 1304 pulcherrimam,
711 1275 815 1308 quam
853 1262 985 1297 condu-

225 1308 281 1344 xit
309 1309 349 1343 ad
380 1309 599 1346 serviendum
628 1312 835 1348 Marchioni
863 1313 983 1348 Azoni

225 1358 267 1394 de
308 1359 365 1394 sua
406 1361 524 1406 pulcra
567 1362 735 1409 persona,
779 1372 816 1398 ut
858 1362 984 1398 fortius

225 1421 481 1456 promereretur
506 1412 654 1460 gratiam
680 1413 772 1460 ejus.
803 1412 885 1448 Ideo
908 1415 984 1448 Au-

225 1459 302 1496 ξὶοι·
330 1461 415 1496 bene
442 1461 551 1497 solvit
579 1462 638 1497 fibi
660 1463 702 1498 de
724 1462 789 1498 tali
818 1463 984 1499 servitio.

471 1514 534 1548 ,Ad
562 1514 645 1558 Vers.
676 1525 732 1559 51.

276 1565 339 1597 Ma
366 1563 416 1597 che
442 1563 470 1597 ti
496 1578 585 1598 mena
604 1579 624 1599 a
642 1565 669 1598 si
691 1565 850 1611 pungenti
868 1565 986 1610 Salse?
1005 1591 1007 1598 ,

224 1611 283 1648 Ad
322 1613 598 1662 intelligentiam
628 1615 729 1664 hujus
758 1616 906 1659 literae,
944 1624 1007 1651 ut=

226 1662 366 1707 videas,
405 1673 492 1711 quot
529 1665 607 1700 sunt
643 1668 781 1701 occulta
810 1664 846 1701 &
884 1666 985 1703 inco—

226 1713 324 1760 gnita
361 1713 398 1748 in
428 1714 490 1749 isto
518 1716 651 1757 Libro,
690 1718 774 1751 volo
802 1725 836 1752 te
873 1717 982 1759 scire,

226 1763 319 1810 quod
356 1764 466 1806 salsae
502 1765 547 1800 est
585 1765 725 1812 quidam
764 1768 860 1802 locus
899 1768 1007 1804 benex

226 1826 399 1849 concavus
437 1813 476 1850 ὃ(
511 1815 668 1851 declivus
705 1827 801 1852 extra
839 1817 983 1853 Civita-

225 1871 319 1905 tem.
357 1863 395 1901 &
432 1879 537 1914 prope
565 1867 724 1902 Sanctam
764 1868 915 1904 Mariam
947 1869 981 1903 in

226 1915 383 1958 Μοηΐε,
425 1916 460 1950 in
503 1931 606 1964 quem
654 1917 810 1954 solebant
857 1919 981 1967 projici

228 1978 371 2014 corpora
397 1966 651 2012 desperatorum
666 1997 675 2012 ‚
703 1969 958 2005 foeneratorum
975 1996 982 2008 ‚

227 2014 265 2051 ἃ
293 2017 440 2052 aliorum
474 2018 744 2055 infamatorum.
782 2020 890 2056 Unde
918 2021 1008 2066 ali-¹¹

225 2067 363 2115 quando
400 2067 519 2104 audivi
556 2083 678 2115 pueros
715 2072 895 2107 Bononiae
930 2068 1008 2108 di—{

228 2127 343 2153 centes
371 2131 477 2153 unum
507 2120 607 2155 alteri
637 2120 677 2155 ad
706 2122 979 2171 improperium:

226 2172 316 2203 Tuus
351 2179 444 2215 pater
478 2170 544 2212 fuit
579 2170 737 2218 projeflus
771 2175 815 2207 ad
849 2174 983 2216 Salsas.

226 2218 286 2254 Ad
315 2218 525 2266 pronofitum
554 2234 636 2269 ergo
661 2221 798 2257 Auflmr
825 2225 903 2258 vult
930 2223 984 2258 di—

227 2282 329 2305 cere:
369 2269 442 2316 Qui
479 2270 576 2307 ducit
612 2281 646 2307 te
673 2272 712 2306 ad
743 2274 882 2308 Vallem
911 2282 981 2309 tam

226 2319 421 2360 infamem,
460 2321 544 2357 ficut
580 2322 623 2357 est
661 2323 776 2358 Vallis
813 2323 981 2359 salsarum

228 2371 317 2413 apud
356 2372 509 2407 Patriam
547 2371 668 2409 tuam?
707 2375 789 2410 Non
817 2388 899 2424 ergo
927 2389 983 2410 ca-

226 2422 302 2470 pias
342 2422 420 2458 heic
459 2424 568 2469 salsas
609 2438 672 2472 pro
711 2424 855 2473 sapore,
899 2425 983 2461 ficut

227 2474 466 2510 communiter
500 2488 621 2511 omnes
657 2484 859 2523 exponunt.
900 2476 982 2524 quia

225 2525 429 2571 metaphora
457 2526 540 2562 effet
565 2526 636 2562 alia
662 2539 683 2563 a
708 2525 908 2576 proposito,
944 2537 982 2563 ut

225 2585 286 2623 per
311 2575 344 2614 se
369 2584 486 2626 patet.

1012 249 1049 282 A

571 186 822 231 COMMEN
826 188 874 231 T.
904 187 968 231 IN
997 185 1128 230 DAN
1136 185 1224 228 TIS
1237 184 1493 235 ‚COMOEQ

1331 247 1393 278 Ad
1422 243 1503 287 Vers.
1534 253 1592 288 55.
1705 201 1754 241 33

1133 298 1166 330 Io
1190 295 1241 337 sui
1266 295 1365 333 colui,
1393 299 1445 328 che
1473 296 1505 328 la
1532 293 1659 335 Ghisola
1687 295 1790 333 bella.

1081 345 1218 381 scilicet
1246 344 1396 380 sororem
1425 357 1561 383 meam,
1587 344 1731 379 nomine
1750 343 1839 380 Ghi-

1081 396 1217 439 solam,
1259 409 1346 445 quae
1390 395 1580 430 vocabatur
1621 396 1740 443 pulcra
1780 408 1840 441 per

1081 448 1329 483 excellentiam
1343 474 1351 482 .
1368 446 1501 490 Quales
1521 445 1649 480 multas
1667 444 1742 480 vidi
1765 446 1840 479 Do-

1081 497 1195 533 minas
1228 498 1408 533 Bononiae
1436 497 1477 532 de
1505 495 1612 531 domo
1648 496 1713 530 illa
1738 508 1839 530 exce-

1080 548 1200 585 dentes
1227 558 1356 584 ceteras
1383 548 1420 583 in
1448 545 1712 596 pulcritudine.

1131 600 1281 645 Conduffi
1306 613 1326 634 a
1356 600 1415 644 sar
1451 600 1484 633 la
1518 598 1629 645 voglia
1654 598 1707 632 del
1743 599 1838 632 Mar-

1181 651 1291 695 chefe:

1081 700 1225 736 Scilicet
1258 700 1395 736 Azonis
1432 701 1497 735 111.

1080 751 1214 788 stenfis.
1251 754 1297 787 Et
1325 752 1432 791 vide,
1468 751 1562 799 quod
1593 750 1680 785 dicit
1708 749 1840 798 simpli-

1081 802 1169 838 citer
1193 803 1247 837 del
1282 802 1467 847 Marchese.
1506 802 1602 848 Quia
1639 814 1699 846 per
1723 801 1840 835 excel—

1080 853 1251 893 lentiam,
1279 854 1419 900 quando
1445 852 1577 888 dicitur
1604 852 1771 890 Marem,
1799 849 1838 887 &

1080 911 1150 939 n'on
1179 903 1393 953 exprimitur
1419 916 1570 945 nomen,
1601 902 1704 937 debet
1732 902 1839 936 intel-

1079 955 1144 1003 ligi
1175 955 1216 990 de
1241 955 1426 989 Marchione
1453 953 1596 996 Estmfi,
1624 952 1760 987 ratione
1781 966 1840 1001 ge—

1080 1006 1277 1042 nerofitatis
1298 1004 1336 1041 &
1359 1004 1580 1052 Principatus
1605 1004 1764 1049 antiqui.
1793 1005 1839 1038 Et

1081 1056 1141 1091 iste
1169 1059 1250 1092 Azo
1277 1056 1345 1092 fuit
1373 1055 1505 1091 summe
1533 1053 1761 1102 magnificus,
1800 1052 1838 1090 &

1082 1106 1336 1155 pulcherrimus
1363 1119 1526 1154 corpore.
1556 1106 1638 1140 Ideo
1668 1106 1753 1140 bene
1779 1104 1839 1140 de-

1083 1157 1158 1193 buit
1190 1158 1378 1193 convenire
1414 1169 1495 1192 cum
1533 1155 1767 1204 pulcherrirna
1797 1155 1837 1190 ad

1081 1208 1357 1258 extinguendum
1400 1206 1578 1242 flammam
1614 1206 1766 1241 ardentis
1803 1219 1838 1241 a·

1081 1259 1188 1294 moris
1217 1259 1286 1294 sui.
1313 1261 1360 1294 Et
1386 1257 1476 1293 dicit
1503 1256 1716 1293 Veneticus:

1131 1313 1224 1344 Come
1249 1310 1302 1343 che
1323 1309 1414 1353 suom'
1441 1309 1474 1343 la
1495 1308 1617 1352 fioncia
1644 1308 1791 1343 novella.

1081 1359 1424 1406 Quomodocumque
1469 1358 1612 1394 historia
1656 1358 1718 1393 ista
1767 1371 1838 1393 non

1082 1411 1200 1458 pulcra
1235 1419 1415 1458 narretur3
1453 1408 1520 1444 hoc
1556 1423 1618 1458 pro
1655 1418 1755 1445 tanto
1782 1409 1838 1444 di-

1081 1461 1157 1499 cit,
1194 1459 1287 1508 quod
1324 1459 1458 1495 diversa
1495 1469 1568 1494 erat
1603 1459 1696 1495 fama
1734 1459 1835 1508 hujus

1081 1510 1165 1546 faffli
1194 1511 1231 1546 in
1260 1512 1388 1559 vulgo.
1426 1509 1556 1558 Aliqui
1593 1510 1688 1546 enim
1716 1509 1839 1546 mitius

1535 698 1757 734 Marchionis
1793 700 1838 733 E-

1056 1591 1058 1598 λ
1081 1563 1264 1608 loquentes
1292 1561 1477 1600 dicebant,
1512 1560 1605 1607 quod
1633 1560 1691 1595 ista
1721 1562 1839 1609 pulcra

1081 1611 1150 1648 fuit
1178 1612 1314 1648 seduffla
1334 1613 1367 1646 δε
1397 1611 1568 1647 ίύδῐτεξὶα
1596 1610 1714 1646 fraude
1742 1625 1839 1659 prae-

1083 1672 1135 1698 ter
1154 1662 1404 1699 conscientiam
1433 1661 1550 1698 fratris
1577 1661 1649 1697 sui.
1679 1661 1758 1697 Alii
1780 1675 1839 1697 ve*

1082 1727 1121 1749 ro
1157 1714 1348 1753 dicebant,
1391 1714 1484 1761 quod
1525 1712 1639 1748 dicius
1675 1712 1840 1748 Marchio

1084 1764 1286 1813 incognitus
1308 1773 1446 1800 mutato
1473 1763 1595 1800 habitu
1623 1763 1694 1799 ivit
1722 1764 1840 1799 Bono-

1083 1815 1202 1858 niam,
1240 1813 1279 1850 ἃ
1315 1815 1450 1850 intrans
1486 1814 1629 1850 domum
1667 1813 1761 1849 istius
1789 1813 1840 1849 sui

1084 1865 1212 1905 amici,
1240 1865 1474 1901 manifestavit
1501 1864 1534 1900 se
1558 1864 1596 1901 δε
1625 1864 1759 1901 causam
1789 1864 1840 1900 sui

1084 1916 1277 1952 adventus.
1305 1919 1352 1951 Et
1380 1915 1571 1951 Veneticus
1599 1916 1761 1963 quamvis
1790 1915 1839 1950 es-

1084 1966 1133 2002 set
1160 1967 1201 2002 de
1228 1966 1528 2009 Caecianimicis‚
1559 1966 1709 2001 nescivit
1738 1965 1838 2000 istum

1085 2017 1295 2053 familiarem
1323 2017 1511 2052 inimicum
1539 2016 1713 2064 dejicere.
1750 2018 1841 2051 Vult

1085 2081 1167 2116 ergo
1209 2067 1401 2103 Veneticus
1440 2068 1554 2103 dicere
1595 2080 1666 2102 uno
1706 2067 1837 2102 verbo:

1085 2118 1270 2166 Quidquid
1298 2118 1455 2163 dicatur,
1486 2131 1550 2166 ego
1581 2130 1643 2165 pro
1669 2117 1718 2152 rei
1747 2117 1840 2152 veri-

1085 2179 1157 2205 tate
1192 2168 1244 2205 fui
1281 2168 1437 2205 conscius
1473 2168 1575 2218 hujus
1611 2167 1662 2204 rei
1695 2169 1730 2203 &
1767 2168 1842 2203 cul—

1087 2220 1234 2270 pabilis.

1135 2273 1169 2305 E
1195 2285 1254 2305 non
1281 2270 1350 2318 pur’
1366 2271 1394 2305 ῐο
1421 2292 1566 2298 -----

1086 2323 1191 2357 Nunc
1230 2322 1291 2357 iste
1334 2322 1527 2358 Veneticus
1563 2321 1663 2356 venit
1697 2320 1737 2356 ad
1774 2320 1840 2356 ali—

1084 2386 1187 2417 quam
1216 2372 1476 2408 excusationem
1506 2372 1578 2409 sui.
1615 2372 1710 2418 Quia
1739 2373 1839 2416 culpa

1084 2422 1122 2458 &
1164 2422 1309 2459 infamia
1347 2423 1488 2459 videtur
1523 2423 1664 2466 minor,
1701 2422 1838 2469 quando

1057 2484 1066 2487 “
1084 2474 1127 2510 est
1155 2473 1316 2509 consueta
1343 2475 1377 2509 8<
1406 2474 1629 2516 communis,
1666 2473 1771 2508 etiam
1800 2471 1837 2505 in

1083 2525 1284 2562 enormibus
1324 2523 1363 2563 &
1398 2524 1437 2561 in
1472 2524 1638 2562 omnibus
1677 2520 1838 2609 crgmini-

1727 2585 1788 2617 us,
