2216 3105
406 235 491 284 675
695 220 1151 267 BENVENUTI
1197 220 1641 264 JMOLENSJS
1833 228 1919 281 676

345 296 462 323 tenter
489 284 699 333 acquisivit.
738 284 853 333 Hujus
881 282 975 317 filius
1004 282 1103 316 Atho

343 336 502 379 Castrum
531 336 698 372 Canoffae
726 334 999 381 inexpugnabile
1020 345 1102 366 con-

345 387 438 422 didit
465 386 502 422 in
530 385 718 423 Comitatu
749 384 907 433 Regino,
945 383 1003 417 ubi
1043 395 1104 429 po-

345 437 413 473 stea
449 437 641 474 Mathildis
684 436 780 480 saepe
818 446 949 469 moram
992 431 1103 474 fecit,

344 489 379 524 8(
409 490 520 524 multa
548 489 598 523 ibi
628 487 813 536 magnifice
841 486 938 534 egit.
968 485 1021 518 Ex
1052 485 1102 517 A-

345 538 455 574 thone
483 549 583 574 natus
604 538 648 573 est
674 536 899 578 Thedaldus,
930 535 1101 569 virtutum

345 599 565 639 paternarum
596 589 778 629 imitator,
816 585 872 620 cui
904 587 993 632 Papa
1021 596 1105 617 con-

346 639 443 675 ceffit
469 639 670 677 Civitatem
701 637 895 672 ferrariae.
928 637 979 669 Ex
1009 635 1105 668 The-

346 689 450 725 daldo
478 701 593 726 autem
624 698 723 723 natus
744 687 787 722 est
815 687 969 731 inclytus
1000 684 1106 718 Boni-

345 739 456 775 sacius
475 767 484 780 ,
523 741 580 774 cui
610 748 706 786 pater
733 736 879 783 reliquit
908 734 1103 769 thesaurum

345 791 379 825 &
408 789 606 825 dominium
638 799 825 834 magnum.
863 785 934 820 Hic
963 783 1106 819 Bonifa-

347 840 422 876 cius
459 840 586 876 claruit
624 837 759 887 magnis
799 834 1012 875 virtutibus.
1052 834 1107 869 vir

346 891 524 931 strenuus,
563 890 722 935 sapiens,
759 888 796 923 in
834 886 999 922 omnibus
1028 898 1106 932 pro—

348 942 450 977 vidus
469 969 478 985 ‚
506 943 538 977 8<
568 939 748 976 liberalis.
775 937 850 983 Qui
878 950 920 972 ex
951 936 1108 971 Beatrice

348 1006 457 1028 uxore
485 990 684 1040 probissima
721 989 842 1037 genuit
875 987 1107 1023 Mathildim.

348 1045 395 1078 Et
421 1053 577 1078 mortuus
599 1044 706 1076 Anno
729 1038 876 1075 Domini
904 1039 1030 1073 MLII.
1060 1037 1109 1071 se-

348 1095 466 1142 pultus
494 1093 538 1129 est
567 1092 758 1129 Nlantuae.
790 1088 865 1124 Post
894 1101 996 1136 quem
1025 1100 1109 1121 con-

351 1144 410 1192 jux
449 1144 522 1192 ejus
559 1141 696 1192 egregia
734 1139 923 1175 Comitiffa
963 1138 1109 1173 Beatrix

349 1195 447 1231 vixit
486 1193 584 1229 annis
624 1194 736 1227 XXV.
765 1189 802 1226 ὅ(
842 1199 979 1224 mortua
1020 1188 1109 1236 jacet

351 1245 434 1281 Pifis
452 1273 460 1280 .
497 1242 690 1279 Mathildis
718 1253 833 1276 au‘em
867 1239 1008 1274 illustris
1037 1241 1109 1273 Co—

351 1296 480 1332 mitiffa
502 1294 683 1330 succedens
708 1290 927 1340 parentibus,
948 1289 1108 1324 omnium

351 1344 749 1392 majorum‘claritatem
779 1341 965 1389 superans,
994 1340 1029 1374 in
1060 1339 1109 1374 fe-

351 1398 469 1434 mineo
498 1397 578 1432 sexu
609 1394 756 1430 virtutes
784 1394 817 1427 &
849 1404 959 1426 mores
990 1390 1109 1425 viriles

351 1461 470 1497 gerens
490 1475 500 1491 ,
537 1446 626 1482 faeta
658 1444 702 1480 est
740 1441 958 1478 famofiffima
987 1441 1109 1475 multis

350 1501 387 1534 in
430 1499 557 1546 Regnis
600 1495 688 1544 apud
729 1494 860 1528 multos
905 1491 1110 1538 Principes,

350 1549 442 1584 inter
470 1561 556 1595 quos
584 1546 726 1593 quidam
757 1543 854 1578 illius
883 1541 1021 1590 nuptias
1052 1554 1110 1587 pe—

350 1600 531 1635 tiverunt.
564 1595 755 1634 Mathildis
784 1602 899 1628 autem
929 1590 1110 1639 magnani-

349 1662 403 1685 ma
436 1658 581 1683 matrem
617 1643 802 1680 Ecclefiam
842 1642 973 1690 semper
1009 1642 1107 1676 inde-

349 1699 428 1735 feffe
466 1697 622 1733 defendit
661 1706 782 1730 contra
821 1695 1016 1728 Henncum
1047 1693 1108 1725 IV.

349 1751 410 1797 qui
439 1749 549 1791 impie
577 1746 721 1781 vexavit
753 1746 879 1791 Papam
898 1770 906 1784 ‚
944 1741 981 1777 ἅ
1019 1741 1109 1776 schi-

348 1802 420 1835 sma
450 1797 628 1846 peffimum
659 1795 770 1833 fecit,
813 1803 928 1827 creato
956 1792 1107 1838 quodam

349 1849 533 1895 Antipapa
579 1847 728 1882 Giberto
752 1871 760 1878 .
812 1843 918 1888 Quod
968 1841 1108 1876 duravit

348 1901 481 1942 XXIV.
504 1898 624 1933 annis.
653 1898 728 1932 Nec
752 1907 842 1928 mors
866 1892 1107 1940 superveniens

348 1950 466 1999 potuit
508 1948 620 1996 ipsum
665 1960 683 1981 a
725 1943 868 1989 perfidia
911 1955 1072 1977 revocare
1097 1969 1106 1977 .

348 2002 495 2047 Propter
522 2000 615 2046 quod
653 1994 846 2033 Mathildis
875 1993 1010 2037 magnis
1042 1992 1107 2028 flu-

347 2050 461 2086 &ibus
498 2051 655 2096 agitata,
693 2047 848 2082 animum
889 2044 1020 2091 semper
1055 2053 1108 2079 te-

349 2102 428 2137 nuit
455 2099 715 2136 inconcussum.
745 2099 797 2131 Eo
825 2095 991 2143 siquidem
1017 2105 1107 2129 tem-

350 2165 431 2200 pore
460 2150 610 2186 Mantua
641 2149 769 2183 nobilis
795 2148 827 2181 8<
853 2156 975 2193 potens
1000 2144 1108 2180 Civi-

349 2211 400 2237 tas
429 2201 518 2236 faeta
547 2199 609 2234 sibi
637 2199 776 2234 rebellis
794 2222 804 2237 ,
842 2197 873 2231 se
901 2196 998 2231 dedit
1037 2198 1107 2229 lm-
1131 2197 1133 2200 ’

351 2251 500 2299 peratori
519 2277 527 2286 .
565 2253 612 2285 Er
641 2249 699 2284 diu
729 2248 765 2283 in
795 2246 1018 2282 contumacia
1045 2246 1107 2281 fle-

349 2302 419 2336 tit.
449 2302 603 2336 Ferraria
631 2301 737 2334 etiam
767 2297 896 2333 defecit
914 2325 923 2339 ‚
952 2296 1004 2332 sed
1034 2296 1107 2331 cito

349 2351 476 2386 rediit.
512 2353 557 2385 Et
595 2350 666 2398 post
703 2350 812 2384 multa
850 2347 937 2396 gesta
975 2347 1107 2382 vic’trix

350 2400 537 2436 Comitifl'a
556 2425 566 2439 ,
607 2400 759 2435 tamdem
789 2399 858 2447 post
889 2399 1018 2432 XXIV.
1047 2410 1108 2432 an—

351 2464 414 2486 nos
456 2450 578 2484 cuneta
621 2450 755 2497 magnis
793 2449 926 2483 viribus
967 2447 1108 2483 reduxit

352 2502 392 2537 ad
421 2499 656 2535 obedientiam
697 2500 811 2534 suam.
850 2499 955 2534 Licet
991 2508 1106 2533 autem

352 2550 542 2588 Mathildis
568 2551 666 2584 rebus
692 2550 826 2585 bellicis
848 2547 1033 2597 magnifice
1052 2548 1107 2583 in-

355 2601 532 2639 tenderet,
560 2599 670 2649 magis
700 2610 815 2635 tamen
843 2601 1018 2647 obsequiis
1041 2601 1106 2634 Re-

1130 283 1175 324 *A
1218 281 1363 328 ligionis
1389 282 1421 315 &
1452 282 1550 316 Fidei
1580 281 1636 329 pie
1662 281 1830 322 vacabat,
1860 282 1971 317 multa

1217 331 1347 367 donans
1377 334 1604 379 pauperibus.
1634 331 1841 367 Monasteria
1870 337 1972 369 nobi-

1218 383 1265 417 lia
1294 382 1403 422 tecit,
1440 396 1526 430 quae
1556 384 1690 430 magnis
1727 383 1866 418 dotavit
1893 384 1972 428 opi-

1218 432 1298 468 bus.
1322 433 1504 482 Refugium
1529 433 1694 481 singulare
1714 436 1890 469 Romanae
1909 437 1976 469 Ec-

1218 482 1359 533 clefiae3
1388 497 1476 519 unue
1498 484 1534 519 ὅ(
1563 487 1787 520 Normannos
1817 496 1975 522 potenter

1217 535 1352 579 expulit
1380 562 1390 577 ,
1432 548 1492 582 qui
1536 537 1572 568 in
1612 535 1860 582 praejudicium
1900 535 1974 570 san-

1217 583 1385 619 Ehffimae
1405 587 1580 620 Romanae
1602 585 1793 628 Ecdeme,
1816 589 1973 634 Regnum

1219 638 1371 681 Apuliae
1388 635 1604 673 invaserant,
1621 637 1654 669 8<
1674 637 1848 671 vastabant
1866 638 1974 672 Cam-

1220 698 1357 732 panam
1373 711 1380 718 .
1404 686 1524 718 Fertur
1546 694 1660 718 autem
1684 686 1870 721 Comitissa
1891 687 1975 722 haee

1219 735 1370 769 habu-Re
1415 747 1526 768 virum
1571 747 1694 781 genere
1734 737 1947 770 Germanum
1965 762 1976 780 ‚

1219 798 1320 832 quem
1344 798 1360 818 a
1391 783 1422 819 se
1451 784 1693 831 sequestravit,
1721 786 1803 832 quia
1825 799 1894 820 non
1916 799 1977 833 po-

1219 845 1308 870 terat
1325 834 1529 882 cognoscere
1550 848 1623 869 eam
1637 859 1647 874 ‚
1665 844 1702 870 ut
1719 837 1856 871 dicetur
1871 837 1977 872 Cant.

1221 887 1282 920 VI.
1314 887 1419 920 Parad
1441 884 1484 921 fi.
1516 887 1563 920 Et
1590 886 1704 920 nobili
1731 887 1978 935 indignatione

1221 936 1392 983 percuffa,
1421 937 1536 971 noluit
1564 941 1604 971 de
1632 946 1747 972 cetero
1775 937 1899 985 subjici
1922 937 1975 972 vi·-

1220 1000 1276 1021 r0.
1316 987 1393 1021 Alii
1432 996 1547 1021 tamen
1589 986 1763 1027 scribunt,
1801 988 1893 1034 quod
1933 1001 1975 1023 ex

1218 1037 1297 1072 viro
1326 1037 1446 1086 genuit
1475 1036 1615 1072 filium:
1656 1037 1710 1072 sed
1747 1048 1888 1086 propter
1914 1038 1977 1072 do-

1218 1089 1308 1122 lores
1339 1099 1453 1134 partus
1483 1089 1598 1123 noluit
1628 1088 1736 1135 postea
1758 1088 1835 1123 viro
1864 1088 1977 1123 admi-

1219 1138 1326 1173 steri.
1364 1139 1447 1173 Fuit
1485 1139 1544 1173 ista
1571 1137 1761 1174 Comitiffa
1791 1148 1911 1185 potens
1940 1138 1977 1174 in

1220 1188 1418 1236 principatu
1436 1216 1443 1224 .
1482 1190 1620 1225 Habuit
1648 1190 1742 1224 enim
1781 1189 1839 1224 sub
1867 1188 1977 1224 ditio-

1220 1253 1261 1274 ne
1283 1239 1338 1274 sua
1359 1239 1545 1275 Mantuam
1561 1268 1570 1282 ,
1596 1242 1752 1276 Parmam
1768 1267 1777 1281 ,
1805 1239 1976 1285 Regium,

1221 1289 1402 1325 Mutinam
1421 1318 1429 1333 ‚
1473 1292 1664 1326 Ferrariam
1692 1318 1700 1326 .
1745 1291 1827 1325 Fuit
1869 1290 1976 1325 etiarn

1220 1341 1387 1383 literata,
1424 1342 1457 1376 8<
1496 1355 1655 1387 magnam
1695 1341 1885 1377 Librorum
1916 1340 1978 1375 ha-

1221 1391 1298 1426 buit
1335 1391 1472 1438 copiam
1493 1418 1501 1426 .
1539 1392 1621 1427 fuit
1650 1405 1793 1439 corpore
1829 1393 1978 1431 decora,

1220 1441 1308 1476 facie
1338 1442 1480 1483 hilaris,
1511 1443 1655 1488 pecunia
1682 1442 1857 1477 liberalis„
1888 1441 1978 1476 Lin-

1219 1504 1320 1538 guam
1343 1491 1500 1526 Italicam
1515 1515 1525 1529 ‚
1546 1492 1792 1526 Germanicam
1808 1515 1818 1529 ‚
1835 1489 1873 1525 &
1891 1492 1978 1525 Gal-

1219 1542 1324 1575 licam
1357 1541 1441 1575 bene
1473 1540 1599 1575 novit.
1637 1541 1808 1576 Tamdem
1852 1541 1979 1575 Domi·

1188 1617 1189 1629 ,
1219 1604 1264 1625 no
1303 1592 1378 1625 Deo
1414 1590 1653 1638 omnipotenti
1693 1591 1786 1626 Patri
1817 1590 1854 1626 δι
1884 1592 1979 1625 Filio

1219 1640 1256 1676 ἃ
1298 1641 1445 1688 Spiritui
1484 1641 1609 1676 δεηξὶο
1646 1641 1772 1675 devote
1815 1641 1978 1680 spiritum

1219 1691 1372 1725 reddidit
1394 1693 1501 1724 Anno
1529 1691 1660 1736 gratiae
1691 1692 1847 1726 MCXV.
1871 1689 1980 1724 Anno

1219 1740 1343 1775 aetatis
1382 1740 1457 1775 suae
1487 1743 1617 1776 LXIX.
1650 1744 1844 1788 imperante
1882 1742 1980 1775 Hen-

1219 1791 1292 1826 rico
1316 1793 1358 1825 V.
1380 1791 1524 1826 Sedente
1555 1792 1709 1826 Paschall
1743 1793 1828 1837 Papa
1858 1791 1902 1827 ll,
1934 1794 1982 1827 Et

1220 1841 1351 1888 sepulta
1389 1841 1433 1876 est
1470 1842 1506 1876 in
1537 1843 1647 1877 nobili
1688 1840 1905 1876 Monasterio
1944 1855 1980 1876 a-

1220 1892 1286 1939 pud
1319 1891 1470 1934 Padum,
1499 1894 1602 1940 longe
1623 1906 1640 1927 a
1662 1894 1810 1927 Mantua
1835 1894 1874 1926 X.
1897 1892 1981 1927 mil-

1221 1943 1355 1984 liariis,
1394 1943 1430 1978 in
1461 1942 1615 1989 sepulcro
1643 1943 1763 1991 grandi
1793 1956 1835 1978 ex
1865 1944 1980 1977 alaba-

1222 1993 1315 2028 stro.
1358 1993 1518 2039 Reliquit
1560 2003 1675 2028 autem
1715 1992 1775 2028 fibi
1819 1994 1980 2028 heredem

1222 2042 1408 2078 Ecclesiam
1440 2046 1657 2087 Romanam,
1686 2057 1791 2090 quum
1823 2048 1980 2084 amplum

1189 2113 1191 2148 }
1224 2094 1476 2148 patrlmonium
1508 2094 1713 2134 uos-fideret.
1745 2095 1810 2129 His
1841 2094 1882 2129 fic
1905 2097 1979 2129 bre-

1224 2155 1314 2179 viter
1334 2145 1366 2179 ὅ(
1390 2144 1562 2180 succinae
1583 2145 1763 2187 colletstis,
1787 2159 1878 2179 nunc
1897 2157 1980 2180 con·-

1222 2194 1348 2233 fidera,
1385 2195 1541 2239 Lefi‘cor,
1581 2195 1600 2230 fi
1634 2198 1736 2231 Poeta
1766 2196 1876 2230 noster
1911 2197 1980 2230 ele-

1222 2245 1419 2294 gantiffime
1456 2247 1656 2282 introduxit
1693 2247 1788 2282 istam
1827 2246 1979 2282 Mathil-

1222 2299 1318 2340 dim,
1346 2311 1433 2345 quae
1456 2298 1556 2333 ducit
1580 2298 1690 2346 ipsum
1722 2298 1756 2332 in
1782 2297 1980 2332 Paradisum

1223 2347 1451 2388 deliciarum,
1475 2350 1508 2384 8<
1535 2348 1682 2384 ostendit
1704 2348 1887 2383 Ecclesiam
1916 2347 1980 2382 Dei

1224 2398 1472 2439 militantem,
1513 2399 1549 2435 in
1588 2400 1684 2447 cujus
1726 2398 1908 2434 servitium
1945 2398 1978 2431 8<

1225 2448 1391 2484 honorem
1422 2461 1493 2486 tam
1523 2450 1708 2498 magntfice
1738 2449 1911 2485 militavit
1942 2447 1980 2482 in

1226 2498 1326 2543 vita,
1363 2502 1397 2535 δ(
1435 2501 1471 2536 in
1511 2511 1624 2537 morte
1665 2503 1801 2536 Petrum
1844 2497 1978 2533 Princi-

1226 2563 1303 2598 pem
1332 2551 1432 2599 liujus
1461 2551 1630 2587 Ecclesiae
1658 2551 1743 2586 fecit
1769 2549 1930 2623 heredema
1947 2573 1956 2581 .

1868 2602 1926 2633 24„
