2216 3105
244 240 324 290 565
528 227 830 271 coMMENT.
858 228 925 271 ιΝ
951 224 1178 275 DANJTJS
1204 222 1447 267 COMOED.
1663 233 1746 279 566

183 306 262 330 cum
299 295 455 326 mortuus
492 287 537 322 est
566 289 666 322 VIII.
693 286 752 321 die
778 289 939 322 Novem·
979 293 1006 327 Α
1043 298 1150 334 quens
1173 285 1207 320 8<
1234 279 1351 341 phares
1377 285 1526 318 Batones
1550 281 1689 318 fuerunt
1714 282 1805 318 sem-

182 343 251 381 bris
292 341 398 374 Anno
440 337 589 373 Domini
617 338 938 376 MCCLXXXV„

182 395 214 430 &
243 391 393 439 sepultus
420 387 614 423 honorifice
640 388 679 424 in
706 388 912 423 Barcellona
931 415 938 422 .

183 441 366 489 Philippus
394 438 507 475 amifit
531 439 668 475 classem
689 438 782 474 suam
797 462 806 477 ,
834 451 939 486 quam

183 491 352 540 Rogerius
371 490 419 536 *de
446 489 570 535 Leria,
606 488 862 526 valentiffimus
887 491 941 524 A-

184 542 365 591 miraglius
409 540 530 576 Donni
574 540 669 577 Petri
716 540 861 576 veniens
900 540 941 575 de

183 592 326 635 Sicilia,
354 604 433 627 cum
461 591 562 626 classe
588 590 737 636 invasu,
763 591 796 626 8<
821 590 942 626 incen-

186 644 258 683 dit.
281 644 504 690 Quapropter
525 641 710 691 Philippus
730 641 853 678 videns
872 640 941 677 for-

186 703 308 730 tunam
336 692 398 729 fibi
425 691 625 736 adversam,
662 701 817 728 cremato
843 691 944 727 navi—

187 745 270 794 gio,
297 757 371 792 quo
395 742 566 778 viaualia
585 744 834 791 portabantur,
861 755 945 778 con-

189 794 282 844 cepit
324 802 463 829 tantum
505 792 685 834 dolorem,
726 792 821 842 quod
847 791 947 828 infir-

188 853 304 881 matus
331 844 377 880 est
403 843 444 879 ad
471 853 620 879 mortem
636 871 646 879 .
672 846 727 880 Ex
748 858 818 893 quo
839 846 946 880 Fran-

126 920 130 924 -
190 895 223 932 ci
251 894 418 944 compulsi
451 893 527 930 sunt
555 895 733 939 recedere,
770 903 947 943 portantes

191 948 322 994 Regem
362 958 482 981 eorum
519 945 779 982 infirmantem.
814 944 949 993 Magna

189 1010 266 1045 pars
295 995 468 1032 exercitus
496 996 601 1043 periit
629 996 747 1037 fame,
774 998 808 1032 &
837 997 948 1045 peste.

193 1049 240 1082 Et
282 1049 356 1082 Rex
395 1048 515 1082 Petrus
553 1055 635 1083 ante
673 1057 823 1084 mortem
851 1047 950 1083 reha-

196 1096 273 1132 buit
314 1096 512 1132 Gerundam
531 1124 541 1132 .
580 1098 766 1135 Exercitus
793 1097 950 1145 Philippi

194 1146 330 1196 fugiens
359 1147 457 1183 venit
486 1147 763 1196 Perpinianum,
790 1148 850 1184 ubi
876 1151 951 1184 Rex

195 1197 374 1246 expiravit
399 1197 456 1233 die
482 1198 530 1235 II.
552 1198 740 1236 OE‘tobris.
766 1201 813 1235 Et
840 1199 951 1247 sepul-

194 1257 252 1284 tus
292 1248 336 1283 est
372 1248 461 1294 apud
516 1249 682 1285 sanetum
724 1250 952 1296 Dionyfiurn.

195 1298 334 1334 Deinde
361 1297 472 1334 fastus
491 1298 535 1334 est
558 1301 632 1335 Rex
656 1300 840 1348 Philippus
859 1300 954 1336 filius

195 1350 269 1395 ejus
286 1374 298 1391 ,
339 1349 400 1394 qui
439 1349 686 1397 agnominatus
712 1350 759 1386 est
785 1350 953 1394 Pulcher,

196 1411 275 1434 cum
324 1397 457 1446 Regina
502 1398 661 1442 Johanna
708 1400 750 1436 de
798 1404 955 1437 Navarra

197 1461 304 1484 uxore
333 1447 411 1484 sua.
456 1451 560 1484 Nunc
586 1450 628 1483 ad
655 1449 817 1486 literam.
854 1450 957 1486 Dicit

196 1497 393 1533 Sordellus:
423 1501 458 1532 Ε
483 1499 555 1544 quel
580 1500 732 1543 Nasetto,
762 1500 846 1535 idest
873 1500 957 1535 Phi-

195 1548 310 1595 lippus
339 1546 519 1584 Nasellus.
546 1549 676 1596 Aliqui
697 1559 815 1586 tamen
835 1559 958 1587 textus

195 1598 345 1634 habent:
375 1599 529 1643 Nasuto,·
553 1598 608 1634 sed
636 1601 752 1649 male3

247 1669 434 1676 -----
460 1651 513 1684 che
533 1649 644 1693 stretto
669 1666 689 1686 a
715 1651 839 1694 consilio

248 1702 316 1733 Par
341 1711 394 1733 con
420 1700 528 1743 colui,

200 1747 283 1784 idest
310 1748 471 1795 loquitur
496 1762 575 1784 cum
604 1749 692 1790 illo,
719 1750 758 1787 in
780 1751 876 1788 sensu
895 1766 961 1800 op-

201 1797 334 1845 pofito,
371 1799 426 1834 vel
451 1800 567 1843 parta,
604 1799 687 1836 idest
704 1828 716 1844 ,
743 1801 884 1838 videtur
908 1802 960 1838 ibi

201 1848 240 1884 in
277 1847 373 1884 sensu
413 1848 550 1886 diviso.
586 1850 644 1886 Est
683 1860 802 1888 tamen
841 1852 960 1888 eadem

202 1898 394 1935 sententia„

338 1971 354 1976 -
380 1971 395 1976 —
423 1949 520 1985 ch'ha
548 1953 574 1985 si
602 1952 736 1998 benigno
761 1954 900 1997 asperto.

204 2000 266 2036 Iste
292 2009 366 2036 erat
393 2001 622 2038 Guillielrnus
652 2005 727 2039 Rex
764 2007 961 2045 Navarrae,

204 2050 298 2086 filius
327 2051 410 2087 boni
439 2052 542 2100 Regis
570 2053 769 2090 Thebaldi.

256 2102 342 2135 Μονὶ
353 2102 535 2148 fuggemlo‚
552 2116 566 2136 e
586 2103 781 2147 disfiorando
797 2105 822 2139 il
836 2105 965 2152 Giglio.

207 2150 350 2199 Signum
389 2154 523 2200 Regum
556 2153 747 2194 franciae,
783 2154 867 2191 idest
896 2155 964 2191 mi-

207 2202 388 2241 norando,
417 2203 500 2249 quia.
528 2202 715 2252 Philippus
750 2204 810 2241 iste
838 2204 963 2241 fecerat

206 2253 375 2300 majorem
417 2262 622 2301 apparatum
663 2263 784 2291 contra
827 2258 963 2305 Arago-

207 2303 324 2341 niam,
362 2303 466 2351 quarn
500 2317 665 2352 umquam
702 2305 832 2354 aliquis
869 2320 965 2354 prae-

207 2353 418 2389 decefforum
448 2353 609 2390 suorum.
644 2357 691 2390 Et
716 2355 805 2393 istud
834 2357 963 2392 bellum

207 2403 274 2439 fuit
304 2417 383 2439 cum
412 2404 538 2453 majori
573 2405 755 2443 amiffione
781 2406 965 2443 hominum

207 2455 239 2490 8<
267 2468 459 2501 equorum,
478 2457 512 2491 &
537 2455 692 2505 impensa
720 2458 966 2505 pecuniarum,

206 2506 311 2551 quam
350 2520 518 2554 umquam
560 2520 620 2554 per
655 2507 774 2555 aliqua
810 2518 966 2556 tempora

207 2554 246 2590 in
281 2558 403 2607 Regno
441 2557 606 2594 franciae
626 2585 639 2594 .
673 2561 768 2596 Nam
804 2562 880 2596 Rex
916 2558 970 2595 se·

1045 350 1104 384 per
1129 333 1243 385 postea
1270 346 1308 369 in
1335 332 1490 368 debitis.
1528 332 1610 368 Ideo
1638 341 1804 368 notanter

1047 389 1152 423 Poeta
1187 383 1309 421 dixit:
1345 396 1361 418 e
1395 382 1587 428 disfiorandn
1615 383 1639 416 il
1666 384 1775 431 Giglio
1792 409 1804 420 .

1047 437 1146 474 Dicit
1173 447 1280 483 ergo:

1095 487 1257 522 Guardate
1282 486 1342 529 la,
1371 497 1449 520 cume
1469 483 1502 526 fi
1528 482 1615 519 batte
1641 483 1667 517 il
1693 493 1804 530 petto,

1046 537 1166 574 dolens
1202 537 1244 573 de
1280 536 1342 572 suo
1377 534 1575 572 infortunio
1596 561 1606 578 ,
1646 531 1686 569 &
1727 532 1805 569 filio

1048 587 1180 626 vitioso
1203 587 1305 623 fimul
1329 599 1410 622 cum
1434 584 1614 636 praedici«)
1635 584 1804 621 Guilliel-

1048 653 1128 676 mo.
1154 638 1257 675 Unde
1283 636 1397 673 dicit:

1099 689 1235 726 L'altro
1269 690 1379 723 vedere
1394 712 1406 728 ,
1442 687 1493 723 che
1525 687 1569 723 ha
1598 686 1684 731 fatto
1717 699 1739 722 a
1773 686 1808 721 la

1146 740 1285 788 guancia

1101 794 1152 827 De
1178 793 1211 825 la
1231 791 1293 837 sua
1317 789 1427 836 palma
1446 788 1630 837 fivspiranda
1655 788 1731 822 leno
1747 814 1756 823 .

1051 842 1221 880 Scilicet,
1265 839 1517 876 Guillielmum
1566 838 1780 887 praediaum
1798 863 1809 878 .

1053 893 1137 941 quia
1171 891 1306 927 scilicet
1332 891 1371 926 in
1407 904 1494 939 gena
1529 889 1748 928 reclinabat,
1776 890 1811 923 δε

1054 942 1217 992 pausabat
1243 942 1283 978 in
1318 942 1462 989 palma,
1496 939 1583 976 ficut
1616 940 1653 975 in
1692 939 1810 978 lecto,

1054 993 1137 1042 quia
1172 992 1246 1041 ipse
1270 992 1380 1028 etiam
1406 990 1547 1027 dolebat
1574 990 1617 1026 de
1645 989 1812 1038 Philippo

1055 1057 1183 1093 genero
1218 1042 1278 1079 suo
1310 1041 1470 1082 vitioso.
1504 1041 1592 1077 licet
1626 1053 1697 1075 non
1735 1049 1812 1075 tan—

1055 1104 1157 1130 tum.
1193 1096 1240 1129 Et
1269 1093 1448 1132 declarat,
1482 1092 1546 1140 qui
1582 1090 1722 1126 fuerunt
1758 1089 1815 1126 isti

1056 1145 1125 1182 duo
1153 1147 1285 1193 Reges,
1310 1143 1457 1179 dicens:

1106 1197 1210 1230 Padre
1235 1214 1424 1221 -----

1057 1245 1215 1285 scilicet,
1242 1244 1428 1292 Philippus
1457 1242 1645 1281 Naseuus.

1108 1318 1125 1323 -
1193 1317 1210 1322 -
1236 1317 1253 1322 -
1279 1309 1294 1329 e
1320 1298 1449 1329 sancero

1058 1346 1193 1382 scilicet
1228 1345 1460 1381 Guillielmus
1499 1347 1577 1381 Rex
1617 1346 1815 1385 Navarrae.

1059 1397 1154 1433 socer
1182 1395 1339 1444 Philippi
1369 1395 1486 1432 Pulcri
1521 1407 1606 1431 tunc
1633 1395 1814 1443 viventis;

1109 1469 1125 1474 -
1152 1468 1171 1475 -
1194 1468 1212 1474 -
1237 1468 1255 1473 -
1274 1446 1332 1491 son
1358 1447 1411 1480 del
1436 1447 1501 1481 mal
1525 1447 1562 1481 di
1589 1447 1751 1481 Francia.

1059 1496 1165 1536 idest,
1202 1495 1361 1544 Philippi
1399 1496 1518 1531 Pulcri
1553 1496 1665 1536 mali,
1704 1496 1818 1532 immo

1061 1547 1195 1596 peffimi
1221 1547 1384 1582 omnium
1420 1548 1556 1596 Regum
1585 1549 1818 1583 francorum.

1062 1598 1147 1634 Ideo
1170 1597 1259 1633 dicit
1276 1610 1287 1632 t

1111 1652 1221 1683 Sanno
1246 1648 1280 1683 la
1305 1647 1382 1682 vita·
1399 1647 1461 1692 sua
1486 1668 1504 1674 -
1529 1668 1546 1675 -
1572 1668 1589 1675 -
1614 1668 1631 1676 -

1063 1699 1170 1739 idest,
1194 1697 1295 1734 illius
1321 1698 1407 1734 mali
1435 1698 1540 1747 Regis
1556 1724 1568 1734 .

1115 1771 1131 1776 -
1200 1768 1216 1775 -·
1242 1770 1259 1775 -
1284 1749 1415 1793 viziata
1441 1762 1457 1783 e
1482 1750 1594 1784 larda.

1065 1798 1186 1835 Multa
1207 1798 1245 1835 &
1265 1798 1423 1834 enormia
1442 1798 1594 1834 crimina
1614 1798 1711 1835 istius
1740 1798 1823 1835 Phi-

1066 1850 1157 1898 lippi
1180 1857 1372 1898 tanguntur
1398 1847 1490 1885 infra
1509 1850 1617 1885 Cant.
1636 1851 1716 1885 XX.
1741 1849 1824 1885 Ideo

1067 1899 1156 1936 dicit
1174 1913 1182 1935 ;

1118 1953 1152 1986 Ε
1186 1949 1301 1997 quindi
1335 1949 1426 1985 viena
1451 1948 1478 1984 'l
1511 1949 1606 1994 duat,
1633 1949 1689 1985 cbe-
1713 1949 1749 1993 st
1775 1951 1827 1998 gli

1168 2002 1299 2038 lancia.

1069 2050 1178 2090 idest,
1205 2050 1309 2087 dolor
1333 2050 1416 2087 ferit
1442 2050 1484 2086 ad
1510 2050 1657 2088 vivum.

1121 2102 1228 2148 2ωεί,
1254 2103 1308 2136 che
1330 2113 1389 2148 par
1416 2123 1430 2128 -
1457 2122 1475 2128 -
1499 2123 1517 2129 -
1542 2122 1561 2129 -

1072 2154 1164 2189 l-Ieic
1198 2151 1375 2188 Sordellus
1409 2153 1572 2189 nominat
1606 2151 1707 2189 fimul
1743 2151 1828 2189 duos

1073 2203 1161 2239 alios
1183 2204 1295 2251 Reges
1317 2202 1500 2238 modernos
1520 2202 1725 2239 Occidentis
1745 2217 1830 2239 con-

1074 2263 1348 2302 temporaneos.
1383 2256 1546 2299 Quorum
1581 2263 1727 2301 uterque
1763 2253 1831 2291 fuit

1076 2303 1351 2344 valentiffimus,
1374 2305 1406 2340 &
1435 2303 1575 2340 fuerunt
1600 2304 1638 2339 in
1665 2303 1741 2340 vita
1768 2305 1831 2340 ho-

1074 2355 1138 2390 stes
1174 2354 1335 2390 acerrimi
1357 2381 1366 2390 .
1404 2354 1548 2391 Scilicet
1584 2357 1732 2390 Donnus
1770 2357 1833 2391 Pe*

1076 2415 1149 2441 trus
1186 2407 1263 2441 Rex
1291 2407 1523 2454 Aragonum,
1559 2404 1598 2441 &
1627 2406 1776 2442 Carolus
1806 2407 1832 2441 L

1077 2455 1134 2492 cui
1161 2455 1292 2503 eripuit
1327 2456 1511 2497 Siciliam,
1547 2469 1612 2501 pro
1636 2469 1706 2503 qua
1741 2470 1832 2492 more

1076 2516 1156 2542 tuus
1176 2506 1221 2542 est
1239 2505 1311 2554 ipse
1333 2508 1475 2550 Petrus,
1495 2507 1529 2541 ὃς
1552 2507 1737 2554 Philippus
1758 2509 1831 2543 Na„

1077 2556 1209 2602 sellus,
1243 2566 1281 2593 ut
1316 2566 1414 2606 patet
1449 2570 1492 2593 ex
1526 2557 1598 2605 jam
1624 2557 1727 2594 dietis
1745 2569 1769 2641 ;Γ
1794 2556 1830 2594 8(

1713 2620 1747 2656 ip
1765 2619 1784 2642 e
