2216 3105
290 218 372 260 293
581 202 882 245 COMMENT.
916 204 979 246 IN
1008 204 1233 249 DaNFJS
1259 204 1501 247 COMOED.
1712 223 1796 261 294

233 263 394 297 voluerat
427 274 506 296 eum
543 260 637 308 sequi
656 288 666 304 ‚
709 261 847 308 quando
890 263 982 310 p1ius
1023 267 1050 300 Α
1096 263 1158 298 Sed
1187 276 1227 298 ne
1257 264 1439 310 procedam
1468 262 1609 298 obscure
1636 264 1673 298 in
1702 265 1853 299 tra‘statu

233 312 364 347 trafflus
391 310 501 347 fuerat
528 311 569 346 ad
600 313 791 356 paparum.
828 314 874 346 Et
909 313 966 347 bre
969 335 984 339 -

234 362 344 396 viter.
381 362 464 410 Ejus
500 361 591 396 fama
627 361 749 396 diffusa
787 375 845 409 per
872 371 983 397 totam

234 411 372 447 Italiam
392 437 402 451 ‚
439 410 477 448 &
506 412 656 459 ejusdem
686 412 783 446 Ordo
811 411 986 447 transcen-

232 462 287 498 dit
326 463 468 510 Alpes,
510 461 699 508 multisque
741 462 986 497 conventibus

233 512 371 548 suorum
401 516 560 548 Fratrum
588 512 744 551 reliffkis,
773 512 895 548 multis
918 514 986 547 cla-

232 562 305 598 ruit
332 562 546 606 miraculis,
574 572 715 610 propter
745 576 832 610 quae
861 563 984 597 merita

233 613 358 661 dignus
398 613 533 649 exstitit
578 612 782 648 Sanffiorum
828 614 988 660 catalogo

233 664 429 699 numerari.
469 666 569 699 Patet
596 677 678 710 ergo
705 677 747 698 ex
777 663 829 698 his
858 663 961 698 diffiis
978 688 988 701 ,

232 714 326 761 quod
355 727 426 748 non
460 714 500 749 fit
537 714 690 749 standum
717 713 880 760 opinioni
912 715 990 748 vul—

233 764 290 813 gi.
308 766 400 800 Nam
430 777 537 800 vanae
557 778 660 799 voces
689 764 787 812 vulgi
815 777 883 798 non
913 763 989 798 sunt

234 814 424 850 audiendae
444 842 453 850 .
496 818 570 850 Nec
612 815 678 850 Vir
722 813 989 861 sapientissimus

233 867 366 900 Dantes
392 865 579 900 credendus
599 865 664 909 est,
693 864 818 899 Virum
850 863 990 899 fanestis-

234 915 358 951 fimum
385 916 556 951 damnasse
584 916 624 950 ad
652 915 858 961 opinionem
890 913 988 956 vulgi

234 965 369 1013 ignari.
398 965 489 1011 Quis
517 979 598 1013 ergo
626 964 730 1000 fuerit
758 964 817 999 iste
844 963 991 998 tristiffi—

236 1029 334 1053 mus,
371 1015 452 1049 dico
479 1016 638 1054 brevius,
675 1014 861 1050 secundum
900 1014 991 1061 judi-

238 1065 332 1099 cium
361 1065 569 1108 meliorum,
598 1065 690 1113 quod
718 1064 786 1100 fuit
813 1063 921 1098 Esau.
958 1064 992 1099 I-

237 1115 282 1150 ste
310 1114 403 1150 enim
432 1114 517 1150 fecit
541 1128 700 1162 magnam
722 1113 967 1150 refutationem
982 1138 991 1153 ‚

237 1165 377 1212 quando
406 1165 626 1200 renuntiavit
661 1165 781 1199 omnia
818 1164 993 1211 primoge-

235 1215 313 1250 nita
341 1214 396 1249 sua
425 1215 523 1250 fratri
553 1215 680 1258 Jacob,
711 1214 781 1250 ἃς.
810 1215 845 1250 Si
874 1223 991 1248 tamen

235 1265 315 1311 quis
344 1264 432 1298 velit
458 1264 606 1299 omnino
634 1264 777 1299 refistere
799 1263 836 1298 ὃ(
858 1264 993 1307 dicere,

236 1313 432 1349 Amstorem
461 1313 673 1348 intellexisse
700 1313 741 1348 de
769 1312 993 1356 Coelestino,

238 1363 370 1398 audebo
411 1362 527 1398 dicere
562 1363 659 1410 (nifi
696 1363 901 1398 temerarius
937 1363 993 1398 vi-

237 1413 342 1461 dear)
381 1413 474 1459 quod
511 1412 684 1448 honestius
711 1414 743 1447 &
773 1412 924 1448 sanetius
952 1413 993 1448 de

236 1463 316 1498 viro
343 1463 409 1498 vili
438 1464 472 1498 δε
501 1463 645 1505 voraci,
673 1463 778 1510 quam
806 1463 847 1498 de
875 1462 993 1497 saneto

236 1514 270 1548 &
299 1512 477 1555 animoso,
505 1513 672 1560 loquutus
700 1512 829 1548 fuerit.
866 1515 913 1547 Et
941 1522 995 1548 ta—

235 1576 314 1598 men
345 1576 405 1611 pro
425 1562 648 1599 excusatione
668 1563 836 1598 Au5³coris
856 1563 970 1598 dicam
984 1591 994 1607 ,

238 1613 330 1660 quod
359 1613 513 1648 nondum
544 1622 616 1648 erat
652 1612 715 1648 fibi
747 1622 830 1648 nota
858 1613 995 1648 Sanffi-

237 1672 290 1697 tas
318 1662 493 1697 hominis.
531 1665 672 1698 Fecerat
700 1663 794 1699 enim
822 1662 996 1699 Coelesti-

239 1725 303 1747 nus
343 1712 644 1747 renuntiationem
683 1722 856 1748 recentem
904 1713 994 1748 forte

239 1775 299 1810 per
327 1761 530 1804 biennium,
558 1771 744 1809 antequam
770 1763 907 1798 Auffior
934 1763 993 1798 ista

239 1811 476 1858 descripserit,
504 1813 537 1846 δε
565 1812 721 1847 nondum
749 1821 822 1848 erat
849 1814 993 1849 canoni-

239 1871 356 1897 zatus.
387 1863 478 1896 Nam
507 1862 723 1898 Coelestinus
750 1863 862 1910 postea
890 1877 994 1899 cano-

180 1938 181 1941 *
238 1912 375 1947 nizarus
403 1910 472 1946 fuit
499 1926 517 1947 a
545 1913 729 1948 Clemente
758 1915 848 1961 Papa
869 1917 912 1949 V.
936 1915 994 1949 sub

237 1964 347 1997 Anno
386 1961 532 1997 Domini
573 1964 821 1998 MCCCXIIL
858 1966 996 2000 Praete—

194 2012 197 2038 ἶ
241 2026 297 2047 rea
339 2011 475 2047 Auffior
516 2021 589 2048 erat
628 2013 737 2048 iratus
779 2014 994 2055 Bonifacio‚

242 2062 377 2096 auSlori
419 2062 521 2097 exilii
567 2064 600 2097 δε
642 2063 852 2111 expulsionis
894 2066 994 2113 ejus.

242 2112 314 2157 Qui
337 2112 553 2147 coelestinus
573 2113 762 2148 donaverat
788 2113 908 2162 sponte
934 2115 994 2161 ipfi

242 2157 427 2196 Bonifacio
440 2162 610 2197 summum
625 2163 897 2200 Pontificatum.
914 2165 995 2200 Un-

180 2256 186 2263 o
242 2212 283 2246 de
322 2212 459 2247 Aufflor
494 2212 683 2259 saepissime
718 2213 807 2249 dicit
842 2215 883 2249 de
919 2216 994 2263 ipso

243 2262 429 2297 Bonifacio
469 2275 594 2310 magna
629 2264 742 2306 mala,
779 2264 840 2311 qui
876 2265 919 2300 de
945 2266 993 2301 rei

167 2310 185 2340 Ἴ
240 2313 392 2347 veritate
428 2312 496 2347 fuit
533 2315 777 2361 magnanimus
815 2324 994 2361 peccator.

183 2377 186 2381 ·
241 2364 296 2397 De
338 2364 434 2410 cujus
471 2361 570 2411 gestis
611 2362 721 2399 multa
761 2358 921 2401 dicentur
956 2366 994 2401 in

187 2441 189 2443 .
241 2413 365 2448 multis
393 2413 481 2448 locis
509 2412 546 2448 &
575 2413 773 2460 Capitulis.

342 2466 403 2498 Ad
427 2467 521 2499 Cant.
550 2466 587 2499 V.
616 2464 710 2507 Infer.
733 2465 814 2524 Ver[
834 2478 894 2513 79.

292 2514 330 2549 Si
356 2515 430 2557 tosto
456 2527 535 2548 come
549 2512 573 2547 ’l
599 2524 694 2549 vento
713 2530 734 2550 a
753 2517 805 2550 noi
829 2517 857 2551 ti
879 2516 994 2564 piega.

1097 313 1176 348 istor
1179 326 1236 347 um
1258 313 1404 347 duorum
1435 312 1644 360 spirituum,
1672 314 1715 348 est
1743 314 1852 349 scien-

1097 363 1202 404 dum,
1238 362 1331 409 quod
1359 363 1395 397 in
1425 362 1539 397 nobili
1569 362 1751 409 provincia
1780 366 1851 399 Ro-

1099 412 1296 448 mandiolae
1323 412 1360 447 in
1382 412 1544 448 Civitate
1572 412 1757 452 Arimini,
1794 416 1853 457 Jo-

1098 464 1226 497 hannes
1268 465 1453 498 Scancatus
1494 461 1537 497 fic
1578 462 1853 502 denominatus,

1098 513 1159 560 qui
1188 522 1261 548 erat
1289 513 1375 548 mire
1404 513 1572 556 claudus,
1604 512 1698 548 filius
1730 513 1855 548 Domi-

1100 564 1136 598 ni
1173 562 1376 598 Malatestae
1413 563 1587 603 Senioris,
1624 563 1686 610 qui
1723 563 1855 612 primus

1100 612 1284 661 acquisivit
1327 613 1524 649 dominium
1567 613 1758 653 Arimini,
1801 614 1856 649 vir

1101 677 1244 711 corpore
1272 664 1457 702 deformis,
1495 664 1549 698 sed
1587 664 1706 699 animo
1743 664 1855 699 audax

1100 715 1134 748 S:
1163 713 1282 752 ferox,
1312 715 1447 760 accepit
1473 714 1511 749 in
1540 728 1684 749 uxorem
1713 715 1854 749 Franci-

1102 764 1189 799 scam
1220 764 1331 800 filiam
1363 764 1510 799 Domini
1547 764 1721 800 Guidonis
1750 767 1855 800 Vete-

1102 815 1148 849 ris
1176 814 1216 849 de
1256 817 1421 853 Polenta,
1461 814 1610 850 Domini
1648 817 1855 860 Ravennae,

1104 865 1295 899 Dominam
1338 866 1494 911 pulcram
1533 878 1676 911 corpore
1716 863 1754 901 ὅτ,
1795 878 1856 900 va-
1912 871 1915 874 ⁴

1103 928 1206 963 gam.
1244 918 1283 949 In
1313 914 1409 950 istam
1437 914 1560 950 exarsit
1591 917 1715 950 Paulus
1752 915 1857 950 frater

1103 964 1190 999 diffi
1227 965 1419 1008 Johannis,
1457 964 1563 1000 homo
1601 979 1743 1012 corpore
1781 966 1857 1014 pul-

1103 1014 1184 1049 cher
1210 1016 1243 1049 &
1274 1015 1429 1063 politus,
1467 1015 1603 1050 deditus
1642 1015 1752 1062 magis
1779 1016 1856 1050 otio

1103 1078 1206 1111 quam
1235 1065 1368 1101 labori.
1396 1067 1516 1110 Quum
1544 1079 1626 1113 ergo
1654 1066 1740 1100 diffi
1771 1067 1859 1102 Pau-

1104 1116 1156 1149 lus
1177 1116 1210 1149 8<
1236 1114 1416 1150 Francisca
1446 1117 1730 1150 conversarentur
1760 1115 1857 1151 fimul

1105 1164 1172 1199 fine
1199 1163 1393 1210 suspicione
1412 1174 1591 1212 tamquam
1618 1165 1780 1213 cognati,
1809 1167 1858 1201 le-

1105 1217 1231 1261 gebant
1267 1214 1370 1250 semel
1407 1215 1444 1249 in
1473 1228 1606 1250 camera
1642 1215 1745 1263 ipsius
1785 1218 1858 1251 Do-

1106 1265 1221 1300 minae
1248 1264 1285 1299 in
1314 1279 1384 1300 uno
1412 1265 1523 1300 Libro
1551 1265 1688 1313 vulgari
1717 1265 1758 1301 de
1785 1268 1859 1301 Ta—

1108 1315 1186 1349 bula
1214 1315 1383 1357 rotunda,
1412 1316 1451 1349 in
1478 1328 1548 1362 quo
1575 1315 1742 1362 scriptum
1763 1325 1857 1359 erat,

1106 1364 1200 1412 quod
1228 1366 1458 1400 Lanzalottus
1486 1366 1575 1400 olim
1603 1374 1721 1413 captus
1750 1367 1794 1401 est
1822 1380 1857 1401 a—

1107 1426 1202 1448 more
1232 1414 1385 1461 Reginae
1412 1415 1611 1459 Ginevrae,
1648 1417 1680 1450 δ(
1710 1429 1857 1463 quomo—

1107 1463 1151 1497 do
1179 1477 1238 1510 per
1265 1463 1458 1498 mediatum
1498 1465 1687 1504 Persicum,
1725 1466 1860 1501 scilicet

1107 1514 1298 1548 Galaotum
1320 1513 1518 1559 Principem
1548 1515 1741 1550 Insularum
1762 1518 1860 1552 Lon-

1107 1563 1339 1611 ginquarum,
1377 1564 1558 1612 conjun&i
1586 1564 1663 1600 sunt
1691 1565 1789 1601 fimul
1818 1566 1859 1601 ad

1107 1613 1354 1649 conferendum
1391 1614 1432 1649 de
1468 1628 1586 1650 amore
1622 1629 1741 1650 eorum
1769 1643 1777 1651 .
1814 1619 1860 1651 Et

1107 1664 1284 1710 quomodo
1325 1665 1557 1700 Lanzalottus
1595 1666 1727 1701 virtute
1768 1666 1862 1701 istius

1108 1714 1311 1749 collationis
1332 1715 1476 1761 cognito
1498 1715 1773 1763 amor0101gne,
1795 1716 1862 1751 fuit

1108 1763 1326 1799 exosculatus
1363 1766 1404 1799 ab
1441 1764 1513 1812 ipsa
1552 1745 1707 1812 Reginae:
1740 1769 1862 1811 Quum

1108 1827 1190 1862 ergo
1230 1814 1399 1860 praediffi
1441 1817 1591 1850 Paulus
1603 1814 1641 1851 δε
1683 1816 1838 1851 Francis<
1833 1830 1863 1852 a

1110 1864 1339 1912 pervenissent
1376 1864 1417 1899 ad
1453 1864 1587 1901 dietum
1626 1866 1776 1914 passum,
1813 1867 1865 1902 ira

1110 1914 1165 1949 vis
1185 1914 1280 1950 istius
1300 1914 1470 1950 τνεξὶᾶωε
1489 1916 1578 1950 vicit
1600 1916 1741 1959 ambos,
1770 1916 1861 1964 quod

1111 1965 1281 2000 continuo
1310 1964 1463 2011 depofito
1491 1966 1602 2001 Libro
1634 1976 1863 2014 pervenerunt

1111 2015 1151 2050 ad
1179 2014 1358 2057 osculum,
1395 2016 1428 2049 &
1457 2015 1498 2050 ad
1526 2025 1663 2054 cetera,
1700 2030 1787 2063 quae
1815 2016 1863 2052 le-

1111 2073 1291 2112 quuntur.
1327 2066 1425 2099 Haec
1463 2073 1578 2100 autem
1615 2065 1653 2100 in
1690 2066 1787 2101 brevi
1824 2066 1865 2101 fi-

1113 2114 1279 2163 gnificata
1306 2114 1457 2158 Johanni
1488 2129 1546 2163 per
1575 2129 1681 2150 unum
1712 2115 1865 2151 familia-

1113 2178 1185 2201 rem
1225 2165 1347 2200 fuere.
1385 2166 1522 2200 Ambos
1564 2165 1663 2201 simul
1699 2166 1735 2200 in
1772 2166 1866 2202 di6³ta

1113 2229 1271 2255 camera,
1299 2215 1357 2251 ubi
1386 2226 1642 2254 convenerant,
1671 2216 1866 2253 mastavit.

1112 2268 1172 2300 Ad
1192 2269 1289 2301 Cant.
1311 2268 1365 2301 VI.
1391 2266 1510 2309 Infern
1534 2267 1617 2306 Vers.
1641 2270 1698 2310 58.
1719 2267 1864 2313 &seqq.

1163 2318 1196 2351 Io
1211 2317 1262 2360 gli
1282 2316 1406 2363 rispost'.
1422 2317 1514 2350 ciacc
1516 2330 1532 2349 o
1551 2317 1576 2349 il
1591 2327 1625 2349 tu
1627 2315 1777 2362 'affmno
1794 2324 1826 2354 (y
1819 2327 1865 2351 c.

1113 2366 1170 2401 Ad
1202 2366 1303 2414 hujus
1339 2366 1388 2402 rei
1418 2365 1659 2414 cognitionem
1687 2366 1733 2400 est
1770 2380 1864 2412 prae-

1111 2415 1285 2451 sciendum
1308 2441 1318 2456 ‚
1360 2416 1452 2463 quod
1494 2416 1675 2451 Florentia
1714 2426 1787 2451 erat
1827 2417 1864 2451 in

1111 2467 1236 2513 majori
1266 2466 1349 2501 flore
1384 2468 1416 2501 &
1447 2468 1627 2510 porentia,
1656 2468 1758 2511 quam
1788 2479 1864 2500 um-

1111 2530 1215 2564 quam
1242 2516 1376 2557 fuerit‚
1400 2516 1439 2553 in
1465 2515 1630 2555 MCCC.
1658 2529 1727 2563 quo
1738 2517 1863 2600 &Anno

1675 2568 1734 2601 Au
1773 2578 1814 2600 or
