2216 3105
277 265 361 306 777

271 311 341 342 Era
365 307 424 354 gr'd
448 307 571 353 grande
586 326 768 344 -----

220 359 256 393 ὃ(
284 357 394 393 adhuc
421 356 525 393 hodie
552 356 622 392 est:

274 429 291 435 -
317 430 334 435 -
361 429 378 434 -
403 429 419 434 -
446 421 462 442 e
484 407 541 454 gr'd
568 420 661 442 erano
686 407 779 442 tratti

275 462 321 494 A
341 460 370 493 le
395 460 497 492 curule
527 458 545 475 *
573 458 659 497 Stil,
688 456 733 495 &⁸
760 456 955 503 ⁸fsrrr'guccx'.

225 508 331 547 Idest,
371 509 438 556 jam
477 518 574 543 erant
614 508 767 556 promoti
799 509 836 542 ad
866 507 983 555 digni-

224 568 314 595 tates
350 560 380 594 8<
422 559 597 607 honoresg
637 558 728 606 quod
767 559 886 594 innuit
924 556 982 593 sub

225 609 370 645 nomine
398 608 586 645 Curulium
605 636 613 644 .
650 610 797 645 Curules
825 608 919 644 enim
948 622 982 644 e-

225 669 303 696 rant
331 660 418 695 olim
460 663 592 695 Romae
628 659 745 701 sedes,
783 660 819 694 in
857 660 982 705 quibus

223 710 388 746 sedebant
428 710 653 759 Magistratus
691 710 801 746 funffi
840 709 982 745 honori—

226 761 311 804 bus,
339 760 423 795 ficut
453 762 548 809 saepe
576 771 671 808 patet
693 761 782 809 apud
811 760 980 797 Livium:

275 815 302 844 Ο
328 812 413 857 quali
441 832 715 838 -------

225 861 318 897 Heic
336 861 569 909 Cacciaguida
587 862 771 911 conjungit
786 862 884 898 simul
901 862 984 897 duas

226 911 395 947 Familias
433 925 550 947 eorum
576 940 585 954 ,
623 913 682 960 qui
721 913 862 949 fuerunt
898 912 984 948 socii

224 961 262 998 in
302 961 493 997 altitudine
531 963 632 998 status
669 967 700 999 ὅ(
739 963 859 999 ruinae
883 991 892 999 .
938 966 985 999 Et

225 1011 306 1059 quia
336 1012 389 1047 isti
418 1016 557 1048 luerunt
585 1014 766 1062 magnifici
803 1015 956 1050 multum
975 1042 985 1058 ‚

223 1064 401 1097 exclamat
430 1064 662 1099 admirative:

275 1117 301 1146 Ο
327 1114 418 1159 quali
443 1114 517 1147 vidi
544 1115 634 1160 qud,
662 1117 713 1150 che
733 1116 790 1160 son
818 1116 947 1160 disfattt'

277 1166 339 1197 Per
364 1166 411 1196 lor
436 1164 601 1209 superbia,
619 1193 629 1210 ,
657 1187 842 1193 -----

224 1213 282 1250 Isti
312 1212 388 1248 sunt
415 1214 564 1256 Uberti,
592 1229 738 1262 quorum
770 1216 982 1264 principium

224 1263 294 1299 fuit
332 1264 506 1300 Dominus
549 1267 710 1303 Farinata
754 1268 795 1302 de
836 1267 984 1303 Ubertis

224 1314 385 1363 princeps
428 1316 540 1351 Partis
581 1318 784 1353 Gibellinae
822 1317 858 1354 in
902 1320 984 1353 Flo-

223 1365 360 1404 rentia,
388 1365 449 1413 qui
478 1365 534 1402 sua
564 1367 745 1414 prudentia
765 1370 796 1403 8<
828 1369 985 1416 probita-

224 1424 260 1450 te
281 1416 432 1451 multum
454 1419 670 1454 exaltaverat
694 1422 847 1455 Domum
869 1419 961 1455 suam
976 1447 985 1454 .

224 1467 361 1501 Tamen
385 1492 397 1506 ,
437 1477 478 1503 ut
515 1467 605 1503 dicit
641 1469 804 1511 Αυξὶοτ,
845 1469 985 1505 fuerunt

224 1516 355 1560 expulfi
386 1516 544 1561 superbiai
572 1517 650 1558 sua,
679 1518 721 1553 de
749 1532 898 1565 quorum
923 1533 983 1554 ex-

223 1563 378 1612 pulsione
415 1564 549 1600 difflum
578 1565 622 1600 est
659 1565 696 1601 in
735 1568 901 1604 Inferno.
938 1571 984 1604 Et

223 1615 314 1650 forte
339 1615 488 1651 avaritia
516 1615 609 1651 nihil
636 1617 769 1665 profuit
797 1618 878 1655 fibi.
908 1622 983 1654 Un-

222 1664 266 1699 de
293 1664 376 1699 dum
403 1674 561 1712 tempore
588 1667 801 1713 expulsionis
828 1670 985 1706 Gibelli—

223 1713 261 1749 ni
290 1714 488 1750 recedentes
515 1717 746 1758 pervenissent
774 1719 816 1754 ad
844 1722 983 1762 lov-um,

223 1766 287 1813 qui
314 1764 446 1800 dicitur
472 1766 507 1800 la
533 1769 608 1800 Stea
625 1793 634 1808 ,
663 1767 768 1815 longe
795 1781 813 1802 a
841 1770 984 1804 Civita-

223 1824 281 1855 te‚
302 1815 478 1852 Dominus
499 1816 664 1851 Farinata
684 1817 879 1864 praediE’tus
900 1832 981 1854 con-

225 1866 433 1913 querebatur
471 1868 506 1901 &
547 1868 791 1908 exclamabat,
832 1869 981 1904 dicens:

223 1917 282 1951 beu
309 1917 402 1952 amici
428 1917 510 1961 mei,
535 1919 630 1953 amici
657 1919 716 1953 mei
727 1920 741 1952 s
775 1920 880 1954 Tunc
911 1922 985 1954 Do-

225 1967 341 2002 minus
369 1967 494 2003 Musca
527 1968 733 2018 respondit:
772 1983 883 2017 quaere
919 1969 982 2005 tibi

223 2017 259 2053 in
286 2017 400 2063 bursa.

275 2089 292 2095 -
317 2090 332 2095 -
359 2090 376 2096 -
402 2091 419 2096 —
445 2084 460 2103 e
486 2071 516 2103 le
538 2071 626 2113 palle
651 2071 778 2105 cl’oro.⁸

226 2119 319 2155 Heic
347 2117 511 2154 describit
549 2120 759 2155 Lambertos
787 2121 829 2156 ab
857 2122 988 2157 Arma-

225 2177 304 2205 tura
331 2170 363 2204 8<
395 2168 533 2204 florenti
564 2169 648 2206 statu
668 2198 679 2214 ,
706 2170 846 2206 dicens:

276 2220 412 2256 Fiort'an
441 2220 599 2266 Fiorenza
619 2221 652 2255 in
672 2221 750 2255 tuni
777 2221 789 2255 ἱ
809 2221 881 2267 suoi
902 2234 986 2270 gran

324 2271 425 2315 fatti.

225 2324 275 2358 Et
313 2335 358 2358 ex
398 2322 466 2358 hoc
507 2322 675 2372 colligere
715 2332 814 2371 potes
840 2348 851 2363 ,
892 2323 986 2371 quod

225 2373 412 2410 Lamberti
436 2373 575 2410 fuerunt
600 2373 793 2410 nobiliores
813 2373 985 2417 Ubemis,

226 2425 260 2459 δε
298 2423 448 2466 ceteris,
491 2424 654 2473 quamvis
691 2424 755 2460 alii
792 2425 895 2460 aliter
931 2425 985 2460 di-

227 2484 326 2512 cant.
355 2474 451 2519 Quia
478 2475 517 2511 in
535 2476 701 2512 omnibus
720 2474 856 2523 magnis
883 2475 984 2510 fabiis

225 2525 510 2574 praeferebantur
532 2526 688 2577 .‘Quod
732 2526 839 2573 poffet
882 2525 986 2561 facile

227 2576 365 2627 probari
394 2590 437 2612 ex
465 2577 589 2614 multis
625 2576 829 2626 privilegiis
856 2577 890 2612 8<
919 2578 988 2612 Ec—

328 2631 419 2663 Tom.
445 2631 508 2664 ΙΙΙ.

306 2682 327 2717 3
345 2684 418 2718 sitii

570 247 817 288 COMMEN
826 247 872 290 T.
902 246 968 289 IN
997 243 1129 287 DAN
1136 242 1224 284 TIS
1251 241 1493 283 COMOED.

1020 303 1050 336 A

1096 301 1205 338 clefiis
1246 301 1545 336 Lambertorum.
1586 296 1651 334 Sed
1691 296 1854 332 omnibus

1096 351 1227 389 omiffis
1271 351 1440 399 singulare
1481 349 1613 397 signum
1652 345 1854 383 nobilitatis

1096 417 1215 440 eorum
1242 411 1335 445 erat,
1364 401 1456 447 quod
1483 400 1613 435 mortui
1642 398 1854 446 sepelieban-

1097 463 1154 490 tur
1174 455 1319 502 Equites
1341 451 1495 487 sedentes
1514 451 1551 485 in
1573 463 1662 497 equo
1685 447 1854 497 brungio.

1148 507 1219 540 Cos)
1246 504 1352 545 {ac-ean
1379 521 1653 529 -------

1097 556 1188 592 Heic
1216 552 1455 602 Cacciaguida
1483 550 1647 587 describit
1666 562 1769 585 unam
1792 561 1856 583 no-

1097 606 1241 641 tabilem
1273 603 1458 640 Familiam
1476 630 1488 648 ,
1518 614 1623 650 quam
1652 598 1856 649 magnificat

1097 671 1115 692 a
1154 657 1288 691 duobus
1306 683 1315 699 ,
1354 654 1490 690 scilicet
1517 667 1536 688 a
1565 650 1705 687 florenti
1743 650 1855 691 statu,

1095 709 1129 743 8<
1158 707 1308 755 quodam
1338 704 1501 753 singulari
1540 701 1761 750 Privilegio.
1797 699 1856 735 Ad

1097 758 1189 805 quod
1229 757 1403 793 sciendum
1441 754 1511 793 est,
1555 753 1647 801 quod
1685 751 1740 787 isti
1777 750 1856 786 sunt

1098 807 1328 846 Visdmnini,
1367 805 1426 853 qui
1465 805 1758 852 quandocumque
1796 813 1855 836 va—

1097 869 1152 895 cat
1179 858 1409 907 Episcopatus
1438 854 1660 892 Florentiae,
1690 853 1768 888 sunt
1795 864 1856 886 oe·-

1096 909 1260 949 conomi,
1297 907 1405 951 idest,
1441 904 1717 955 dispensatores.
1753 901 1857 938 Dicit

1096 974 1177 1010 ergo
1195 973 1204 995 ε
1764 967 1766 969 ’

1148 1012 1220 1046 Cos>
1242 1011 1353 1055 sacean
1381 1032 1398 1037 -
1424 1031 1440 1036 -
1467 1030 1483 1035 -
1509 1029 1527 1034 -

1098 1062 1264 1105 Scilicet,
1292 1061 1376 1095 sicut
1404 1057 1612 1101 Lamberti,
1649 1055 1732 1104 quia
1761 1053 1857 1089 scili—

1098 1122 1152 1147 cet
1180 1112 1229 1147 ita
1259 1110 1430 1147 florebant
1458 1109 1497 1145 in
1525 1107 1691 1144 omnibus
1719 1104 1856 1153 magnis

1096 1162 1198 1199 fatffis
1226 1161 1449 1197 Florentiae:

1147 1235 1162 1240 -
1190 1235 1205 1240 -
1233 1234 1249 1240 -
1277 1234 1292 1240 -
1319 1212 1346 1246 li
1370 1211 1468 1256 padri
1493 1210 1530 1244 di
1556 1210 1679 1252 coloro,

1096 1264 1181 1300 idest
1198 1293 1207 1307 ‚
1237 1261 1506 1312 praedecessores
1533 1258 1828 1296 visdominorum
1845 1263 1862 1291 ε’

1146 1316 1210 1349 che
1230 1315 1351 1358 sempre
1377 1331 1694 1339 --------

1146 1366 1185 1400 Si
1205 1365 1307 1409 fanno
1329 1363 1428 1410 graffi
1446 1363 1562 1405 stando
1589 1375 1609 1396 a
1636 1359 1812 1402 confiftoro,

1095 1415 1177 1462 quia
1217 1425 1300 1450 tunc
1328 1414 1458 1449 vivunt
1495 1411 1676 1462 pinguiter
1703 1407 1856 1458 expensis

1095 1465 1347 1514 Episcopatus:

1146 1537 1162 1543 -
1188 1537 1205 1542 —
1232 1537 1248 1542 —
1275 1537 1291 1542 -
1312 1515 1433 1560 sempre
1466 1515 1518 1550 che
1552 1514 1586 1548 la
1613 1512 1716 1555 nostra
1745 1510 1859 1556 Chiesa

1196 1580 1298 1601 'Uaca-

1096 1616 1261 1659 Scilicet,
1290 1615 1530 1664 Episcopalis.
1564 1615 1626 1649 Ista
1654 1613 1749 1648 enim
1779 1614 1854 1647 Do-

1097 1680 1173 1702 mus
1200 1677 1318 1702 tantae
1347 1665 1534 1715 dignitatis
1570 1663 1664 1712 quafi
1700 1662 1831 1698 defecit
1851 1689 1859 1697 .

1095 1720 1234 1753 Tamen
1263 1731 1304 1752 ex
1334 1730 1371 1752 ea
1399 1715 1511 1751 faSkae
1547 1715 1627 1750 sunt
1654 1713 1741 1749 duae
1768 1714 1858 1748 aliae

1097 1770 1259 1807 Domus,
1296 1766 1458 1810 scilicet,
1498 1766 1557 1802 illi
1593 1765 1634 1800 de
1671 1765 1705 1798 la
1742 1762 1858 1806 Tosa,

1096 1818 1129 1851 &
1159 1818 1323 1852 Aliotti:

1148 1866 1188 1901 L’
1203 1868 1388 1900 oltrecutata
1415 1884 1647 1891 ------

1098 1915 1190 1952 Heic
1211 1915 1447 1963 Caeciaguida
1468 1922 1641 1950 memorat
1661 1912 1766 1948 aliam
1794 1914 1860 1948 Fa—

1099 1967 1236 2002 miliam
1259 1965 1476 2001 numerosam
1497 1965 1620 2007 valde,
1642 1977 1746 2012 quam
1769 1964 1861 1999 mul-

1099 2017 1272 2065 tipliciter
1309 2015 1459 2052 infamat
1485 2016 1527 2051 ab
1556 2014 1812 2057 extraneitate‚
1841 2027 1861 2049 a

1100 2067 1267 2105 vilitate,
1295 2068 1328 2102 δε
1357 2080 1377 2102 a
1405 2065 1614 2102 crudelitate
1631 2093 1640 2100 .
1678 2065 1736 2101 Ad
1765 2064 1858 2112 quod

1099 2118 1144 2154 est
1172 2117 1429 2165 praesciendum
1446 2145 1456 2159 ,
1485 2116 1577 2165 quod
1605 2115 1658 2151 isti
1688 2126 1861 2151 vocantur

1101 2168 1287 2208 Adimari,
1322 2167 1360 2204 ἃ
1398 2168 1470 2203 alio
1498 2167 1643 2204 nomine
1669 2165 1860 2202 Cavicciu—

1101 2220 1125 2255 li
1140 2247 1151 2262 ,
1177 2233 1220 2255 ex
1248 2219 1376 2267 quibus
1403 2218 1473 2253 fuit
1494 2231 1583 2254 unus
1603 2217 1749 2253 nomine
1770 2218 1861 2252 Buc-

1100 2270 1259 2306 caccinus
1272 2294 1283 2310 ‚
1299 2282 1404 2318 quem
1422 2271 1552 2305 Dantes
1568 2268 1759 2304 offenderat
1771 2278 1862 2303 tem-

1102 2335 1205 2370 pore,
1233 2334 1304 2368 quo
1332 2330 1405 2356 erat
1432 2319 1469 2355 in
1498 2319 1606 2356 statu.
1642 2321 1761 2365 Quare
1798 2318 1861 2354 ille

1101 2372 1174 2419 post
1199 2371 1350 2407 exilium
1379 2370 1550 2407 Austoris
1585 2368 1793 2416 impetravit
1822 2367 1860 2404 in

1100 2422 1294 2459 Communi
1323 2422 1414 2457 bona
1441 2422 1514 2471 ejus
1532 2446 1543 2461 ,
1569 2422 1602 2457 &
1632 2421 1766 2468 semper
1790 2417 1859 2454 fuit

1101 2473 1162 2509 fibi
1191 2473 1351 2512 infestus,
1382 2471 1420 2509 ἃ,
1448 2472 1537 2508 rotis
1563 2471 1700 2507 viribus
1727 2470 1858 2517 semper

1101 2524 1238 2559 obstitit
1278 2523 1512 2559 Consortibus
1548 2521 1586 2558 &
1622 2521 1778 2560 amicis,
1815 2533 1856 2556 ne

1101 2574 1486 2661 Affioffiseseretu‘
1505 2573 1547 2610 ad
1567 2573 1718 2622 patriam
1731 2599 1742 2608 .
1761 2573 1860 2615 Qua—

1773 2633 1810 2657 re
