2216 3105
358 218 437 258 323

297 360 369 396 tius
396 361 563 407 Imperii.

303 561 461 598 accensus
489 562 734 610 indignatione
761 564 794 597 8<
823 563 899 603 ira,

304 662 437 696 tionem
466 675 543 697 curn
581 662 731 697 Ecclesia
769 674 888 698 contra
925 663 977 698 se.

306 774 363 797 cus
391 774 411 795 v
415 762 550 797 oluerat
590 761 652 797 fibi

307 810 470 855 Siciliae,
506 811 588 847 dum
625 811 697 860 ipse
733 813 799 848 iret
842 814 932 849 ultra
970 826 1062 848 mare

308 861 346 897 in
366 861 521 907 Syriam
541 864 588 898 Et
604 863 777 906 breviter,
794 863 905 912 ipsum
923 872 1062 909 captum

694 762 860 809 surripere
902 766 1060 812 Regnum

310 912 456 948 tradidit
484 913 634 957 carceri,
675 927 753 949 cum
795 914 928 949 duobus
957 914 1063 956 filiis,
1093 926 1095 931 ·

312 962 371 997 ubi
409 962 501 998 inter
536 973 673 999 catenas
709 966 742 999 8<
782 965 892 1000 multa
928 965 1065 999 incom—
1094 975 1096 984 *

312 1012 414 1048 moda
443 1023 599 1049 mortuus
627 1014 690 1049 est.
731 1014 811 1049 Alii
839 1024 955 1050 tamen
985 1013 1067 1048 scri-

313 1063 421 1106 bunt,
467 1064 559 1110 quod
610 1064 805 1100 fridericus
851 1063 1068 1112 poenitentia

312 1113 434 1148 duRus
463 1113 554 1149 misst
583 1128 644 1162 pro
680 1113 778 1157 filio,
818 1124 856 1150 ut
899 1114 1068 1150 concilia-

313 1172 365 1198 ret
393 1163 502 1210 ipsum
533 1163 614 1199 s1bi.
652 1164 714 1200 Sed
753 1165 947 1204 Henricus,
986 1164 1067 1199 dum

315 1213 497 1249 duceretur
523 1215 559 1249 in
590 1215 668 1254 via,
711 1215 866 1258 timens,
904 1228 945 1250 ne
975 1224 1070 1262 pater

667 203 1066 247 L31?D0lfl?DJIJOE⁹

297 260 438 306 clefiae‚
476 273 563 308 quae
591 260 703 309 ipsum
732 263 904 311 pupillum
933 266 1056 299 educa·
1085 268 1137 310 sA!
1167 262 1252 297 tinis
1289 265 1330 298 de
1367 264 1493 299 Aretio

296 321 416 350 verat,
453 312 486 346 &
515 323 737 359 promoverat
765 313 804 348 ad
834 316 972 348 culmen
1000 323 1055 348 to-
1084 318 1086 358 ξ
1134 313 1138 363 l
1167 324 1254 351 nus,
1283 313 1338 348 vir
1365 314 1637 354 valentissimus,
1675 314 1823 351 faciebat
1867 328 1923 350 ca-

605 365 651 398 Et
679 377 786 411 quum
816 365 971 412 precibus
1000 364 1054 398 ni·
1085 364 1087 371 ⁸

298 409 351 445 hil
375 410 538 459 proficere
559 413 688 461 posset,
710 414 826 462 coepit
848 428 926 449 eum
949 413 1055 449 etiam
1085 429 1087 445 π

301 460 383 508 juste
409 461 609 511 increpare,
646 473 685 499 ut
713 477 790 499 eum
819 465 861 499 ab
889 464 1057 499 obstinata
1087 490 1088 503 ,

300 511 492 558 pertinacia
508 522 709 549 revocaret.
732 514 926 549 fridericus
941 523 1057 549 autem

941 563 1058 610 coepit
1087 561 1089 599 ἓ

302 610 486 660 suspicari,
528 626 570 648 ne
598 612 691 648 filius
729 612 855 648 faceret
900 615 1091 667 conjura-3

1015 665 1060 697 Et

305 711 472 759 imposuit
500 711 560 747 fibi
589 711 695 756 falso,
723 712 816 759 quod
843 712 901 748 iste
930 712 1060 748 Henri-
1090 718 1144 763 LE!

1078 202 1102 244 Ι

314 1264 487 1300 crudelius
517 1265 679 1300 trafflaret
700 1278 801 1309 eum,
829 1266 925 1313 cujus
951 1265 1069 1300 crude-
1097 1263 1099 1288 ἶ

315 1313 453 1349 litatem
491 1315 560 1362 jam
606 1314 688 1351 satis
735 1315 845 1350 fuerat
885 1319 1100 1363 expertus‚}

317 1365 564 1412 praecipitavit
606 1364 637 1400 se
664 1365 763 1400 fimul
793 1378 870 1400 cum
913 1379 1003 1412 equo
1030 1365 1071 1400 de
1099 1369 1100 1375 ¹

317 1415 467 1461 quodam
497 1415 722 1454 Ponte‚'five
754 1415 855 1454 saxo,
891 1416 924 1450 δε
954 1414 996 1449 sic
1017 1415 1071 1449 in-
1099 1417 1100 1433 ³

318 1464 470 1500 feliciter
497 1465 687 1512 exspiravit
699 1492 706 1500 .

749 1465 854 1510 Quod
891 1464 912 1499 si
952 1455 1101 1499 veruml'¹

317 1515 382 1553 est,
412 1524 528 1563 patet,
557 1515 649 1562 quod
677 1515 851 1550 Henricus
878 1514 922 1550 est
950 1514 1073 1549 simili·
1100 1515 1101 1556 ξ

317 1573 370 1600 ter
397 1578 475 1600 cum
506 1567 609 1599 Petro
635 1564 677 1599 de
713 1565 838 1600 Vineis
874 1563 1073 1599 arborifica-
1100 1568 1102 1584 ²

319 1623 373 1650 tus
410 1615 446 1650 in
490 1614 549 1649 ista
585 1614 689 1649 silva.
736 1617 782 1650 Et
819 1614 840 1649 si
880 1614 1073 1650 Fridericus

320 1664 390 1712 ipse
417 1664 641 1700 innocentem
670 1664 782 1700 filium
812 1664 898 1700 falso
925 1664 1074 1699 infama-

320 1723 394 1750 tum
438 1714 642 1757 damnavit,
679 1725 811 1762 quanto
848 1715 958 1762 magis
995 1727 1073 1749 eum

319 1765 578 1800 Cancellarium
617 1765 701 1800 bene
738 1765 779 1800 de
816 1763 848 1799 se
885 1763 1073 1799 meritum?

319 1817 397 1859 Jure
433 1814 543 1862 igitur
579 1815 774 1850 Fridericus
814 1813 921 1849 alium
960 1813 1073 1849 filium
1103 1823 1106 1828 '

321 1865 459 1901 invenit
488 1865 660 1900 crudelem
689 1865 725 1900 in
754 1873 866 1899 morte
894 1863 978 1907 sua,
1015 1864 1076 1910 qui

319 1924 391 1950 tam
420 1915 568 1950 crudelis
597 1914 706 1950 fuerat
734 1914 770 1950 in
799 1914 973 1963 primum,
1001 1915 1077 1949 Mi-

321 1964 486 2001 thridatis
515 1965 619 2014 Regis
647 1966 831 2013 exemplo.

558 2018 621 2051 Ad
649 2016 730 2060 Vers.
760 2018 841 2051 118.

372 2067 456 2113 ‚Quel
465 2065 604 2111 dinanzi
612 2090 622 2105 ‚
638 2065 680 2099 or’
691 2067 804 2100 accam·
815 2093 824 2108 ‚
836 2065 948 2100 accorri
962 2075 1079 2099 morte:
1107 2074 1109 2084 ’

422 2119 454 2150 E
468 2115 491 2149 l'
508 2117 608 2155 altro,
629 2116 678 2151 cui
693 2128 814 2162 pareva
828 2116 939 2149 tardar
948 2126 1054 2162 troppo
1067 2139 1078 2154 ,

422 2168 570 2200 Gridava
596 2185 956 2192 ---------

323 2215 415 2251 Heic
436 2215 573 2250 Αυξὶοι·
588 2215 735 2251 ostendit
746 2240 756 2254 ,
777 2214 954 2262 quomodo
970 2213 1002 2249 se
1018 2213 1079 2249 ha-

324 2267 471 2300 buerunt
489 2265 542 2300 isti
561 2265 628 2300 duo
645 2265 838 2313 fugientes,
855 2278 941 2300 unus
960 2263 1029 2309 post
1044 2277 1079 2298 a-

325 2317 435 2350 lium.
452 2317 497 2350 Et
510 2315 623 2363 primo
635 2314 675 2350 de
690 2315 822 2363 primo.
838 2314 896 2350 Ad
909 2315 1005 2361 cujus
1022 2327 1080 2349 co-

324 2364 521 2415 gnitionem
547 2364 591 2400 est
625 2364 777 2400 breviter
802 2363 1080 2410 praesciendum,

324 2395 418 2463 quod
453 2416 489 2451 in
526 2416 842 2451 MCCLXXVHI.
884 2414 1079 2450 Florentini

326 2479 406 2501 cum
433 2466 513 2501 aliis
540 2465 660 2501 Terris
697 2464 867 2508 Guelphis
908 2464 1081 2503 Tusciae,

327 2515 512 2557 videntes,
539 2515 633 2565 quod
659 2515 874 2553 Guiltelmus
901 2515 943 2551 de
971 2516 1082 2552 Uber-

1146 201 1555 248 IMOLENSIS
1782 221 1864 263 324

1518 290 1528 303 ,
1571 263 1636 300 Em
1644 263 1762 312 scopus
1799 262 1922 300 Areti-

1169 371 1229 409 put
1256 363 1292 398 in
1323 366 1449 399 Arc-tio
1477 378 1555 400 cum
1579 365 1778 412 sequacibus
1800 366 1923 401 Gibel-

1168 412 1251 447 linis
1278 413 1318 448 de
1346 414 1496 458 Tuscia,
1524 415 1565 450 de
1594 416 1855 459 Romandiola,
1883 415 1925 450 de

1138 463 1350 512 Marchia,
1392 466 1425 499 3<
1467 465 1508 500 de
1537 468 1699 514 Ducatu3
1738 466 1798 512 qui
1842 479 1924 500 con-

1170 514 1308 560 gregata
1334 524 1435 562 gente
1456 516 1599 562 equestri
1626 515 1662 551 ὅς
1687 516 1827 563 pedestri
1855 516 1926 551 bel-

1170 562 1363 610 ligerabant
1391 564 1489 611 super
1528 564 1752 601 Comitaturn
1784 568 1929 601 Floren-

1171 611 1240 647 tiae
1267 612 1305 647 &
1335 616 1519 649 Senatum·
1559 616 1838 651 deliberaverunt
1875 629 1929 651 re-

1172 660 1277 697 sistere
1305 663 1467 698 audaciae
1494 665 1748 709 Aretinorum,
1790 665 1828 701 ἅ
1857 667 1931 700 col-

1171 712 1330 759 legerunt
1356 725 1477 748 omnes
1505 713 1596 749 vires
1623 713 1721 749 suas.
1750 717 1826 750 Nec
1854 727 1932 749 urn-

1173 775 1275 808 quam
1318 762 1469 798 fecerant
1514 772 1651 799 tanturn
1707 773 1931 813 apparatum,

1142 849 1145 856 ,
1174 812 1350 869 postquam
1379 826 1454 861 pars
1481 814 1640 862 Guelpha
1663 814 1822 864 viguerat
1851 817 1933 850 Flo-

1174 862 1323 898 rentiae.
1365 863 1573 900 Habuerunt
1615 865 1708 900 enim
1763 867 1932 901 MMDC.

1143 915 1145 935 ¹
1174 912 1329 959 equites,
1366 915 1399 948 8<
1443 914 1626 950 duodecim
1680 929 1725 950 m!
1720 915 1794 950 ¹llia
1836 915 1934 964 pedi-

1175 972 1270 996 tum.
1299 965 1344 997 Et
1372 963 1524 998 tamdem
1553 964 1698 1012 profeE‘ci
1722 965 1818 1017 super
1846 968 1935 1000 Are-

1176 1012 1288 1051 tium,
1317 1022 1479 1059 ceperunt
1508 1013 1644 1062 aliquot
1685 1013 1857 1054 Cistella,
1897 1014 1935 1051 &

1177 1075 1253 1109 prae
1258 1064 1358 1110 cipue
1385 1063 1611 1103 Laterinam,
1641 1065 1700 1100 ubi
1721 1074 1793 1100 erat
1815 1067 1937 1113 Lupus

1146 1138 1147 1152 ἢ
1176 1112 1216 1147 de
1247 1113 1393 1149 Lbet-tis
1420 1113 1653 1162 Capitaneus.
1697 1115 1771 1161 Qui
1816 1115 1937 1150 videns

1177 1162 1208 1198 se
1245 1164 1530 1203 circumvallari,
1576 1165 1728 1201 reddidit
1769 1167 1935 1200 Terram.

1147 1231 1149 1246 ,·
1178 1215 1223 1248 Et
1251 1227 1358 1261 quum
1389 1216 1539 1250 multum
1568 1214 1806 1263 increparetur
1832 1229 1849 1250 a
1874 1215 1939 1250 Gi-

1178 1264 1341 1304 ballistis,
1370 1265 1461 1313 quod
1490 1265 1613 1301 viliter
1649 1266 1682 1301 se
1717 1266 1940 1304 reddiderat,

1179 1314 1359 1350 excusavit
1402 1315 1434 1350 se
1470 1315 1660 1351 scommate
1700 1315 1844 1364 lepido,
1886 1315 1940 1350 di-

1181 1377 1280 1399 cens:
1311 1368 1406 1410 ,Quod
1433 1369 1541 1412 Lupus
1567 1379 1627 1399 non
1655 1377 1721 1400 erat
1742 1366 1856 1410 solitus
1868 1365 1938 1407 sta-

1150 1429 1151 1435 *
1181 1427 1211 1447 re
1238 1415 1396 1458 inclusus.
1438 1415 1584 1450 Interim
1614 1425 1785 1451 venerunt
1813 1418 1941 1450 Senen-

1182 1463 1230 1498 ses
1247 1477 1324 1498 cum
1339 1466 1480 1500 CCCC.
1493 1465 1669 1511 equitibus
1681 1491 1690 1504 ,
1707 1467 1739 1500 ὃ(
1755 1467 1942 1500 ΜΜΜΜ.

1183 1513 1379 1561 peditibus,
1421 1513 1457 1549 ἃ
1487 1515 1705 1550 vastaverunt
1735 1515 1823 1550 bona
1851 1515 1943 1550 circa

1184 1563 1368 1599 Aretium.
1412 1565 1475 1599 Sed
1512 1565 1548 1599 in
1595 1565 1730 1612 vigilia
1773 1565 1944 1613 Baptistae

1183 1613 1272 1648 fasta
1300 1613 1343 1648 est
1372 1613 1498 1649 furiosa
1536 1615 1714 1662 tempestas
1751 1628 1829 1650 cum
1869 1624 1943 1650 tur-

1184 1664 1264 1698 bine
1293 1677 1399 1709 aquae
1427 1663 1464 1699 Se
1493 1664 1693 1711 grandinis,
1736 1678 1823 1712 quae
1853 1666 1943 1699 mul-

1183 1722 1258 1747 tum
1287 1714 1434 1748 offendit
1462 1714 1653 1749 exercitum
1674 1741 1683 1757 ‚
1725 1713 1758 1749 ὃς
1789 1714 1945 1750 maxime

1185 1763 1388 1806 Senensem,
1429 1764 1611 1798 lacerando
1641 1765 1815 1799 violenter
1843 1763 1880 1800 &
1910 1778 1946 1800 a-

1185 1812 1370 1860 sportando
1399 1826 1457 1861 per
1484 1820 1593 1849 aerem
1627 1815 1847 1861 papiliones,
1891 1824 1947 1850 tu-

1185 1863 1304 1911 guria,
1340 1864 1374 1898 δε
1411 1863 1479 1898 alia
1520 1865 1698 1899 tentoria:
1742 1864 1835 1913 quod
1878 1864 1949 1899 fuit

1156 1917 1159 1959 l
1187 1913 1369 1961 augurium
1398 1913 1576 1959 proximae
1598 1914 1734 1962 stragis.
1765 1918 1855 1950 Nam
1878 1924 1948 1950 ter-

1189 1964 1238 1999 tia
1265 1963 1321 1998 die
1365 1962 1520 2010 sequenti
1563 1965 1760 2000 florentini
1808 1966 1949 2000 levave-

1190 2022 1271 2048 runt
1298 2026 1480 2061 campum,
1508 2012 1545 2049 ὃ(
1574 2013 1759 2050 suadebant
1796 2014 1950 2050 Senensi-

1159 2077 1161 2098 ἕ
1192 2064 1275 2106 bus,
1303 2072 1341 2098 ut
1369 2064 1528 2098 venirent
1557 2064 1692 2103 secum,
1734 2065 1816 2113 quia
1844 2066 1952 2100 effent

1193 2113 1360 2149 tutiores.
1400 2114 1560 2149 Senenses
1588 2115 1763 2163 indignati
1792 2115 1824 2150 se
1852 2128 1952 2162 repu-

1193 2172 1306 2198 tantes
1344 2173 1533 2212 potentes,
1579 2164 1719 2200 iverunt
1757 2179 1815 2213 per
1857 2166 1951 2200 viam

1195 2213 1345 2249 reEtam.
1371 2216 1615 2250 Tamen’cum
1643 2215 1694 2251 eis
1721 2215 1790 2251 ivit
1819 2215 1952 2251 Comes

1196 2264 1397 2299 Alexander
1433 2264 1474 2300 de
1513 2267 1688 2304 Romena,
1736 2264 1826 2313 Cap3
1834 2276 1951 2301 taneus

1197 2314 1295 2350 illius
1323 2314 1434 2363 ligae.
1461 2317 1565 2351 Tunc
1592 2315 1780 2364 Capitanei
1809 2315 1952 2357 Aretii‚

1198 2364 1259 2412 qui
1287 2365 1400 2413 plures
1427 2375 1524 2401 erant
1551 2365 1588 2402 ὅ(
1618 2366 1740 2414 probi,
1767 2367 1799 2401 &
1823 2363 1952 2410 praeci-

1199 2428 1264 2472 pue
1292 2417 1486 2451 Boncomes
1512 2416 1608 2452 filius
1635 2415 1792 2452 Comitis
1819 2412 1954 2448 Guido-

1201 2465 1254 2500 nis
1291 2466 1331 2501 de
1367 2465 1622 2505 Montefeltro‚
1664 2468 1696 2500 8<
1742 2463 1954 2499 Guilielmus

1201 2515 1242 2551 de
1271 2515 1370 2552 Pazis
1397 2515 1528 2555 Miles,
1556 2514 1821 2564 praesentientes
1833 2511 1955 2597 sreces-

1849 2572 1905 2598 um
