2216 3105
282 250 386 327 „637-
413 321 430 326 -
455 320 472 326 -
498 312 513 333 e
538 298 573 332 di
600 298 731 341 παριῇ,

233 352 469 399 Imperatore,
497 358 593 397 patre
618 347 843 384 Clementiae
872 348 990 384 uxoris

233 413 349 437 meae.
394 403 441 436 Ec
481 409 586 440 nota,
629 399 722 446 quod
768 399 916 434 Carolus
962 400 990 434 I.

234 452 345 487 adhuc
373 451 527 498 sperabat
555 449 622 484 alia
651 449 718 484 duo
747 451 888 496 Regna,
926 449 990 484 sci—

234 502 319 537 licet
353 499 807 547 Constantinopolitanum‚
844 498 882 534 δε
912 513 989 534 cum

233 552 299 587 illo
329 550 716 597 Hierosolymitanum,
753 549 892 596 dequo
919 559 991 584 erat

235 603 304 649 jam
332 602 496 637 titulatus
514 628 522 640 .
565 600 626 636 nisi
669 600 784 636 fuisset
811 600 902 635 mala
930 600 991 635 do—

234 652 386 688 minatio
403 680 412 694 ,
441 661 479 687 ut
506 651 619 687 statim
647 650 827 699 sequitur:

283 707 325 738 Se
351 703 436 737 mala
457 701 598 745 fignoria
624 721 809 728 -----

235 754 327 788 Heic
356 752 543 787 Martellus
571 750 662 798 quasi
692 750 887 786 incidenter
913 759 990 785 tan-

233 803 288 851 git
330 801 527 837 mirabilem
565 802 705 837 Siciliae
742 802 991 839 rebellionem,

236 865 308 888 tam
339 852 507 888 memoria
547 853 651 899 quam
680 851 911 886 admiratione
938 851 992 886 di—

237 915 365 951 gnamg
395 916 482 949 quae
511 901 662 937 breviter
690 901 921 950 subtangenda
949 900 993 936 est

237 964 313 989 tum
342 953 382 988 ad
412 953 620 1000 posterorum
657 954 888 1009 exemplari,
916 961 992 986 tum

239 1004 278 1039 ad
306 1003 649 1038 commendationem
692 1002 793 1038 unius
823 1000 891 1037 viri
920 1015 993 1037 ma-

238 1053 418 1103 gnanimi.
446 1053 617 1097 johannes
645 1066 727 1110 ergo
754 1053 795 1088 de
825 1051 992 1096 Procida,

239 1117 326 1152 quae
353 1103 398 1138 est
426 1117 530 1152 parva
569 1103 680 1139 Insula
708 1103 745 1138 in
783 1102 870 1137 mari
900 1104 993 1138 Nea-

239 1154 422 1203 politano,
463 1155 550 1189 olim
591 1153 759 1189 Notarius
794 1152 993 1191 Manfiedh

238 1205 294 1239 vir
323 1204 552 1252 sagaciffimus
580 1204 791 1247 hominum,
819 1203 931 1238 taelus
959 1216 993 1238 a·

238 1255 329 1290 troci
358 1255 486 1303 injuria
518 1254 658 1289 vesanae
699 1253 859 1289 libidinis
889 1256 993 1288 Fran-

239 1318 356 1341 corum
387 1306 423 1340 in
453 1318 560 1340 uxore
588 1304 670 1347 sua,
710 1317 781 1339 rem
812 1304 995 1352 prudenter

239 1355 492 1399 dissimulavit,
512 1355 645 1390 simula:
651 1357 668 1389 a
683 1355 886 1402 aliquandiu
901 1354 993 1400 prius

238 1407 378 1453 publice
406 1405 603 1454 dementiag
634 1404 671 1440 &
692 1405 824 1440 servata
845 1403 994 1440 occasio—

236 1469 279 1491 ne
308 1456 475 1499 temporis
504 1469 580 1491 cum
611 1454 814 1502 quibusdam
839 1454 996 1489 Proceri=

238 1506 299 1540 bus
327 1506 468 1539 Siciliae
497 1505 619 1538 habuit
647 1504 855 1538 clandestina
884 1505 995 1538 collo-

235 1554 344 1602 quia.
386 1557 432 1589 Et
460 1553 544 1588 licut
571 1563 644 1589 erat
674 1553 728 1588 vir
757 1553 924 1598 prudens,
961 1554 991 1588 ὃ(

236 1615 360 1649 potens
396 1604 431 1640 in
470 1618 572 1651 opere
608 1606 641 1640 ὃ(
681 1604 862 1647 sermone,
898 1613 994 1639 totus

238 1654 409 1690 Mercurii
453 1654 568 1693 filius,
619 1657 810 1690 multorum
859 1654 994 1690 animos

238 1705 278 1738 :id
309 1703 357 1738 sui
387 1703 596 1751 propositum
626 1704 835 1739 inclinavit.
864 1706 911 1739 Et
934 1718 994 1739 vo-

239 1755 311 1789 lens
341 1753 493 1801 incipere
522 1767 539 1788 a
568 1753 703 1799 capite,
742 1754 856 1800 primo
884 1755 995 1789 acces—

239 1803 279 1838 sit
307 1804 345 1838 ad
377 1804 565 1839 Nicolaum
597 1805 723 1851 Papam
756 1805 818 1838 Ill.
847 1804 888 1839 de
922 1804 994 1839 Ur—

239 1853 340 1897 sinis,
369 1867 471 1902 quem
500 1853 671 1889 sentiebat
693 1853 816 1889 habere
837 1854 992 1889 animum

239 1903 397 1939 infestum
426 1914 546 1940 contra
573 1906 767 1953 Carolum3
810 1906 844 1939 &
881 1904 992 1952 ipsum

238 1967 387 2002 pronum
414 1954 451 1990 in
480 1954 572 1990 suam
602 1954 755 1990 feliciter
782 1954 892 1990 traxit
922 1954 996 1990 sen-

237 2003 409 2049 tentiam,
464 2005 588 2053 magna
628 2005 786 2053 potentia
833 2006 994 2053 linguae,

237 2054 293 2090 sed
331 2056 461 2101 majore
502 2057 688 2103 pecuniae.
736 2058 782 2090 Et
823 2057 994 2091 continuo

238 2106 349 2140 laetus
376 2104 414 2141 &
442 2106 618 2154 impiger,
660 2106 812 2141 reversus
840 2107 877 2141 in
906 2106 995 2141 Sici-

238 2155 323 2190 liam
353 2154 532 2191 consocios
560 2155 808 2199 confirmavit,
845 2154 883 2191 &
919 2156 994 2191 ani-

239 2205 401 2240 mosiores
422 2205 594 2245 reddidit,
622 2206 792 2253 recipiens
814 2219 831 2240 a
853 2205 993 2254 singulis

237 2255 463 2291 instrumenta
491 2269 570 2291 cum
599 2257 731 2291 anulis.
762 2256 927 2292 Reversus
953 2258 993 2292 acl

237 2308 389 2349 Papam,
426 2306 548 2349 dixit,
585 2306 678 2353 quod
716 2307 782 2341 tria
809 2318 907 2342 erant
935 2320 993 2342 ne-

236 2357 374 2392 cessaria
402 2356 443 2391 ad
472 2367 542 2391 tam
571 2357 670 2391 ardui
697 2357 811 2403 operis
840 2360 994 2405 comple-

235 2417 424 2450 mentum,
467 2406 601 2442 scilicet
638 2406 818 2443 consensus
857 2409 928 2455 ejus
956 2408 994 2443 in

235 2457 396 2504 scriptis,
426 2457 572 2505 pecunia
592 2485 602 2501 ,
629 2456 667 2492 &
695 2471 777 2506 gens
806 2457 993 2495 militaris.

234 2510 283 2543 Et
309 2521 416 2555 quum
445 2507 577 2543 auxilia
606 2509 805 2555 excogitata
845 2509 994 2544 indicas—

235 2558 305 2599 set,
333 2559 488 2593 obtentis
516 2558 628 2595 literis
657 2572 676 2594 a
698 2561 807 2608 Papa.
836 2559 994 2596 transvo-

335 2613 422 2645 Tvm.
452 2611 512 2645 HI.

586 238 886 282 COMMENT.
916 240 979 284 IN
1007 236 1233 284 DANTJS
1260 230 1502 278 COMOED.

1029 304 1062 338 A
1103 296 1193 333 lavit
1220 296 1261 331 ad
1290 297 1430 330 Petrum
1469 297 1597 342 Regem
1629 294 1855 340 Aragonumj

1711 241 1793 287 698

1101 347 1276 394 quondam
1314 344 1491 380 Manfredi
1533 357 1695 392 generum
1723 369 1733 383 ,
1781 343 1854 379 avi—

1102 399 1183 434 dum
1213 396 1382 439 ultionis,
1411 395 1543 430 virtute
1572 394 1704 433 animi,
1741 396 1771 429 δε
1803 396 1857 432 ui-

1102 450 1196 484 ribus
1224 446 1401 494 corporis,
1429 446 1519 480 nulli
1549 443 1608 479 suo
1632 454 1788 492 tempore
1809 446 1857 481 se-

1102 499 1273 534 cundum.
1300 496 1371 533 Cui
1398 495 1519 531 omnia
1538 495 1699 556 exposuit
1729 506 1857 541 pertra-

1102 549 1213 585 &ata.
1255 551 1301 583 Et
1343 547 1509 596 promissa
1538 545 1681 593 pecunia
1709 558 1769 592 pro
1798 559 1859 581 ne-

1102 600 1201 648 gotio
1238 598 1486 653 adimplendo,
1523 609 1601 632 cum
1640 596 1753 631 literis
1793 599 1859 633 Re-

1101 651 1155 698 gis
1182 648 1397 685 continuatis
1427 647 1470 682 D}
1477 647 1542 682 etis
1570 647 1639 696 jam
1662 648 1782 694 plenus
1803 647 1859 695 spe

1102 701 1273 744 johannes
1311 699 1551 747 magnanimus
1590 697 1790 746 properavit
1818 697 1859 733 ad

1104 753 1352 798 Imperatorem
1369 740 1821 792 (Σοῃῖὶῑιηῐίηοροίἱτὸῃυῑη
1847 776 1859 793 ,

1104 814 1199 849 cujus
1236 814 1287 835 res
1324 800 1516 848 agebatur.
1561 799 1656 843 Quia
1708 797 1859 835 Carolus

1104 851 1172 898 jam
1202 864 1324 899 magna
1352 851 1471 889 classe,
1499 851 1531 883 δ(
1558 848 1740 884 numeroso
1760 863 1859 885 exer-

1103 901 1175 936 citu
1213 900 1404 948 Imperium
1447 901 1519 947 ejus
1548 902 1689 947 parabat
1715 900 1861 935 invade—

1103 965 1158 990 re,
1187 950 1224 986 δε
1254 951 1408 998 sperabat
1436 950 1592 985 auferre.
1622 950 1702 984 Ideo
1731 951 1860 992 Johan-

1103 1014 1160 1036 nes
1187 1001 1229 1037 de
1256 1001 1411 1036 habenda
1454 1000 1597 1046 pecunia
1627 999 1736 1035 faetus
1765 999 1861 1036 secu-

1103 1065 1184 1089 rus,
1212 1052 1253 1086 ad
1284 1054 1411 1099 Regem
1443 1053 1645 1098 Aragonurn
1675 1050 1718 1085 est
1748 1064 1861 1087 rever-

1102 1101 1176 1141 sus,
1203 1103 1236 1136 8:
1266 1115 1343 1137 cum
1372 1102 1438 1136 illo
1466 1100 1684 1148 composuit,
1721 1114 1764 1136 ne
1791 1103 1862 1138 Ca·-

1102 1153 1196 1188 rolus
1224 1149 1358 1199 aliquid
1387 1151 1640 1199 suspicaretur,
1683 1160 1721 1186 ut
1763 1151 1795 1187 se
1823 1152 1862 1187 in

1103 1202 1262 1237 Africam
1313 1212 1434 1237 contra
1485 1201 1733 1250 Carthaginem
1783 1216 1863 1238 cum

1102 1252 1259 1288 exercitu
1288 1253 1378 1288 velle
1407 1252 1457 1287 ire
1479 1252 1648 1300 fingeret3
1679 1251 1715 1287 ἅ
1739 1251 1780 1288 fic
1803 1267 1864 1289 au·-

1103 1303 1245 1338 xiliares
1274 1303 1503 1338 mercenarios
1543 1301 1580 1338 &
1609 1302 1765 1339 subditos
1794 1304 1863 1340 mi-

1103 1354 1183 1388 lites
1214 1364 1430 1400 procuraret.
1471 1355 1560 1400 Papa
1588 1354 1747 1388 omnium
1778 1368 1862 1389 con-

1104 1403 1191 1439 scius
1221 1404 1361 1451 parabat
1388 1403 1445 1438 illi
1483 1404 1635 1439 favorem
1682 1404 1740 1440 sub
1778 1404 1865 1441 fi&o

1104 1456 1220 1489 colore
1249 1454 1346 1488 Fidei
1376 1453 1612 1489 Christianae.
1652 1456 1745 1503 Rege
1774 1465 1864 1491 tam-

1103 1505 1181 1539 dem
1212 1505 1327 1539 versus
1356 1503 1513 1539 Africam
1545 1504 1764 1545 transeunte.
1805 1508 1866 1549 Jo-

1104 1554 1233 1590 'nannes
1260 1554 1395 1589 rediens
1423 1555 1459 1589 in
1497 1555 1682 1599 Siciliam,
1720 1556 1865 1601 effecit,

1104 1605 1196 1652 quod
1225 1618 1276 1639 res
1304 1614 1404 1639 tanto
1432 1606 1548 1640 labore
1576 1604 1613 1640 &
1638 1605 1759 1641 sudore
1782 1620 1867 1642 con·

1105 1665 1202 1702 cepta
1232 1655 1476 1699 produceretur
1503 1656 1539 1690 in
1567 1657 1695 1691 lucem'
1725 1658 1757 1691 ἃ
1789 1670 1866 1705 par-

1104 1715 1178 1741 tum
1198 1731 1206 1740 .
1237 1706 1338 1740 Unde
1366 1705 1498 1747 Siculi,
1537 1707 1779 1754 praeordinata
1808 1708 1866 1743 die

1103 1757 1134 1790 ὃς
1165 1756 1249 1790 hora
1276 1768 1396 1790 omnes
1424 1756 1583 1792 Gallicos
1624 1757 1867 1793 indifferenter

1105 1805 1368 1840 trucidaverunt
1396 1805 1463 1841 fine
1493 1806 1754 1856 ῐηίἶενὶςοιάἰα;
1796 1807 1867 1843 im·-

1106 1868 1163 1889 mo
1191 1854 1305 1889 sumre
1333 1855 1525 1890 inhumano
1554 1856 1589 1891 in
1619 1858 1772 1892 nondum
1802 1871 1865 1894 na·

1105 1914 1159 1940 tos
1188 1905 1374 1940 crudeliter
1401 1904 1592 1941 saevientes
1621 1906 1724 1942 sciffis
1767 1921 1864 1955 prae-

1105 1955 1312 2009 guanti'pus,
1340 1954 1452 1990 foetus
1481 1956 1521 1990 vd
1553 1956 1630 1991 saxa
1659 1956 1865 1999 allileiunt‚

1106 2019 1148 2040 ne
1184 2005 1243 2040 odi
1246 2005 1302 2040 osa
1339 2005 1389 2040 eis
1431 2005 1564 2041 soboles
1605 2006 1783 2056 supereffet
1825 2009 1866 2045 in

1109 2059 1249 2103 Regno.
1291 2057 1339 2091 Et
1380 2069 1458 2091 ecce
1502 2059 1564 2092 Pet
1568 2071 1622 2092 rus
1664 2072 1710 2113 ex
1741 2060 1865 2108 pelago

1107 2106 1249 2141 Africae
1286 2119 1362 2141 cum
1392 2107 1556 2143 omnibus
1593 2108 1685 2156 copi
1679 2108 1704 2144 is
1736 2111 1866 2146 Panor-

1108 2170 1203 2192 mum
1233 2156 1425 2203 applicuit.
1463 2157 1519 2193 Sic
1556 2157 1666 2206 igitur
1693 2160 1866 2203 Johannes

1109 2207 1196 2243 mira
1224 2217 1297 2242 arte
1324 2208 1356 2241 8<
1386 2221 1453 2243 non
1486 2208 1616 2244 credita
1653 2210 1784 2258 eripuit
1813 2211 1867 2247 Si-

1108 2258 1230 2293 ciliam
1267 2259 1420 2301 carolo,
1457 2261 1566 2294 Anno
1608 2259 1867 2301 sextodecimo,

1110 2308 1286 2356 postquam
1316 2318 1473 2344 tenuerat
1501 2310 1599 2345 illam
1629 2311 1783 2347 nobilem
1808 2314 1868 2347 ‘ln-

1110 2358 1243 2393 sulam.
1286 2360 1352 2393 Pro
1390 2372 1456 2406 qua
1494 2359 1648 2396 habenda
1683 2361 1772 2397 olim
1812 2371 1869 2398 tot

1109 2408 1147 2444 ἅ
1175 2418 1272 2444 tanta
1300 2410 1432 2456 proelia
1460 2410 1548 2459 gesta
1577 2410 1652 2446 sunt
1680 2411 1774 2448 inter
1797 2415 1867 2448 Ro-

1110 2473 1202 2494 mam
1230 2460 1264 2494 8<
1292 2459 1473 2496 Africam.
1514 2463 1616 2497 Nunc
1657 2462 1703 2498 est
1730 2462 1869 2499 descen-

1110 2510 1260 2544 dendum
1289 2510 1328 2544 ad
1358 2511 1513 2546 literam.
1561 2512 1660 2548 Dicit
1688 2512 1866 2550 Carolus:

1109 2561 1243 2596 nobilis
1273 2559 1386 2596 Insula
1414 2561 1557 2598 Siciliae
1592 2565 1800 2612 pervenisset
1828 2563 1867 2600 ad

1225 2613 1252 2645 Y
1282 2623 1306 2651 if
1759 2614 1821 2649 de·-
