2216 3105
413 231 491 272 147
721 215 1122 274 ANTIQUIT.
1163 213 1392 256 MEDII
1434 214 1606 257 AEVI
1826 219 1910 272 '148

350 280 376 316 '‚,
403 281 458 309 tea
486 272 662 321 acquirere
699 276 776 310 Deo
812 275 1005 311 auxiliante
1043 288 1103 319 po-
1143 273 1177 306 A
1216 301 1239 317 ‚,
1266 272 1412 308 struere.
1450 274 1486 308 Si
1513 274 1591 321 quis
1618 281 1756 317 autern,
1787 276 1881 323 quod
1910 275 1970 310 ab-

350 348 376 367 „
403 332 522 360 terunt
540 349 550 364 ‚
592 334 733 373 tamque
769 338 889 361 eorum
932 324 1104 373 poffeffio-
1128 314 1131 342 ³
1215 351 1239 368 ,‚
1267 322 1307 358 fit
1324 351 1333 365 ‚
1371 323 1472 370 hujus
1500 323 1629 359 nostrae
1655 324 1888 360 institutionis
1910 338 1970 369 pa-

350 397 376 416 „
403 387 484 413 nes,
520 387 693 424 quamque
718 375 758 411 in
785 389 904 411 eorum
933 373 1105 423 poffeffio-
1215 400 1238 418 n
1266 373 1385 421 ginam
1424 372 1615 421 infringere
1634 400 1644 416 ,
1681 383 1740 409 aut
1776 374 1813 410 in
1849 375 1970 421 aliquo

350 449 376 468 „
404 424 506 460 nibus
534 436 791 461 commorantes
819 426 966 461 audeant
995 426 1104 460 mole-
1216 450 1239 468 ‚‚
1267 433 1434 458 temerare
1451 422 1735 471 praesumpserit,
1753 433 1890 460 centum
1905 424 1970 461 Li-

351 499 376 518 „
404 473 486 510 stare
522 477 580 510 vel
617 476 818 524 albergam,
862 484 921 511 aut
962 474 1105 522 aliquod
1215 500 1238 518 „
1268 473 1403 508 brarum
1424 472 1559 521 argenti
1589 486 1734 521 poenam
1759 484 1970 521 componat,

351 550 376 568 ,‚
403 524 564 568 fodrum,
599 527 657 561 vel
684 526 833 561 seculare
863 525 1038 560 Placitum
1066 524 1105 559 s1-
1216 550 1239 568 ‚‚
1268 524 1462 557 medietatem
1492 526 1640 558 Gamerae
1667 524 1808 564 nostrae,
1839 523 1969 559 medie-

353 601 377 620 „
404 588 448 610 ne
475 588 594 610 eorum
625 575 852 623 praescientia
879 576 913 609 δ(
942 576 1106 609 volunta-
1217 600 1240 618 ‚‚
1267 582 1376 609 tatem
1406 573 1582 621 praediElo
1603 573 1836 609 Monasterio.
1864 574 1971 619 Quod

353 652 377 670 „
407 633 440 660 te
467 625 581 668 bona,
609 626 768 660 volentes
789 624 923 670 aliquid
950 624 1105 668 auferre,

354 702 377 720 ‚‚
405 675 462 709 vel
483 675 712 722 compellere.
742 676 829 709 Item
852 673 1104 722 praecipimus,

354 753 378 770 ,.
406 733 444 760 ut
471 726 587 759 nullus
623 724 713 760 infra
740 723 944 760 Monasterii
982 724 1104 772 poffes-

353 801 377 820 ‚,
405 774 513 810 fiones
554 775 611 810 vel
653 775 751 822 juxta
788 787 907 810 eorum
951 775 1027 809 loca
1064 774 1104 808 ad

354 852 378 871 ,‚
406 825 570 860 damnum
607 824 841 868 Momsterii,
881 824 949 859 fine
986 837 1104 859 eorum

355 902 380 920 ‚,
407 874 571 910 consensu
608 874 797 910 Castellum
834 874 958 910 audeat¹
986 873 1106 909 aedifi—

355 952 378 969 „
406 938 504 970 care,
520 933 580 960 aut
595 924 750 973 aliquam
770 925 1006 962 munitionem
1024 937 1106 959 con-

1217 650 1240 668 „
1269 632 1308 658 ut
1329 622 1444 658 verius
1464 624 1643 667 credatur,
1671 624 1704 658 &
1733 623 1859 659 futuris
1881 633 1970 659 tem—

1218 700 1241 718 „
1270 673 1410 721 poribus
1447 673 1685 708 inconcussum
1712 674 1746 708 8<
1774 673 1970 709 inviolabi-

1217 750 1241 767 ‚‚
1269 724 1300 758 le
1328 724 1370 758 ab
1397 722 1560 758 omnibus
1588 723 1780 767 habeatur,
1819 736 1890 758 non
1918 723 1971 758 so-

1218 800 1241 817 „
1269 774 1341 808 lum
1370 773 1500 808 nostrae
1537 786 1658 808 manus
1695 772 1972 820 subscriptione,

1219 850 1242 867 ‚,
1270 836 1390 858 verum
1419 823 1527 858 etiam
1555 822 1662 858 nostri
1689 822 1808 871 Sigilli
1836 821 1973 868 expres-

1190 876 1196 967 Ι
1222 899 1246 917 „
1273 872 1364 909 sione
1389 872 1549 922 infigniri
1569 872 1717 909 omnino
1736 872 1974 909 decrevimus.

453 1051 477 1070 ‚‚
508 1025 651 1074 Signum
985 1023 1118 1059 Domni

798 1048 831 1074 V

804 1218 837 1254 A

457 1252 479 1270 ,‚
501 1225 659 1261 Conradi
988 1222 1226 1260 marchionis.

405 1352 429 1369 ‚‚
457 1328 499 1370 ff*
526 1327 603 1375 Ego
630 1327 806 1365 Henricus
834 1327 1039 1364 Advocatus
1068 1322 1242 1370 subscrip-fi
1259 1348 1267 1355 .

350 1452 428 1512 &‚,
455 1428 537 1512 {gg
571 1427 724 1465 Ubertus
766 1402 1007 1466 Cancellarius
1049 1425 1084 1459 δ(
1125 1421 1363 1471 Cappellanus
1404 1420 1555 1468 ejusdem
1597 1422 1818 1459 Marchionis
1861 1422 1977 1471 scripsi

411 1485 464 1512 tra
490 1490 502 1513 1
528 1491 561 1513 1.

401 1578 568 1613 Alterum
615 1577 766 1626 ejusdem
808 1575 968 1613 Conradi
1009 1576 1175 1610 Mar-’C

353 1625 490 1662 chionis
527 1627 695 1674 Diploma
732 1627 985 1676 autographum
1029 1624 1132 1660 visi—i

353 1683 409 1711 tur
449 1678 486 1711 in
528 1677 724 1713 Tabulario
770 1691 879 1726 nuper
913 1662 1132 1711 'memorati¹

351 1726 557 1762 Monasterii
602 1727 813 1763 Pistoriensis
852 1730 884 1762 S.
921 1725 1130 1761 Bartholo-·

353 1777 470 1820 maci,
507 1777 600 1824 quod
635 1777 799 1813 incolunt
835 1776 1011 1813 canonici
1040 1755 1130 1810 Re—¹

1216 1572 1352 1620 gulares
1388 1571 1638 1608 Lateranenses
1659 1598 1668 1608 .
1711 1572 1834 1608 Priora
1872 1573 1977 1608 verba

1218 1624 1261 1657 In‘
1283 1621 1404 1656 nomine
1445 1621 1516 1660 &a
1559 1631 1699 1658 exarata
1739 1622 1818 1658 sunt
1859 1622 1976 1658 literis

1217 1671 1436 1716 uncialibus,
1464 1680 1502 1706 ut
1530 1671 1567 1706 in
1590 1672 1804 1719 Diplornatis
1834 1673 1976 1720 Regiis.

1217 1721 1424 1769 Majusculis
1445 1734 1585 1768 quoque
1609 1721 1865 1757 charaeieribus
1893 1721 1978 1757 scri·
2010 1764 2023 1772 ,

1216 1781 1316 1820 ptum
1345 1770 1390 1806 est
1416 1772 1551 1818 Signum
1578 1774 1701 1805 Manus
1729 1772 1796 1810 &ss

412 1892 623 1933 Decretum
656 1888 920 1932 immunitatis
953 1891 990 1930 8<
1022 1885 1268 1943 protefflonis
1300 1884 1512 1927 conceffum
1549 1882 1757 1926 Monachis
1788 1883 1919 1927 Sanffi

646 1947 941 1990 Bartholomaei
973 1946 1201 1988 Pistorienfis
1233 1960 1255 1986 a
1288 1944 1471 1985 Conrado
1503 1946 1612 1985 Duce
1644 1946 1681 1984 8(

794 2005 1028 2048 Marchione
1059 2004 1222 2046 Tusciae
1255 2005 1374 2044 Anno
1410 2016 1534 2043 1121.

604 2126 638 2158 N
664 2123 784 2157 nomine
803 2123 939 2158 samque
958 2120 1004 2160 c-‘y‘
1024 2120 1110 2155 indi-
1152 2121 1185 2154 D

368 2140 520 2273 W
627 2174 747 2207 viduae
767 2173 960 2208 Trinitatis.
989 2171 1110 2207 Chun-

557 2223 656 2257 radus
697 2222 863 2257 Marchio
903 2221 1019 2255 divina
1054 2221 1110 2263 fa-

557 2282 651 2305 vente
685 2272 872 2306 clementia.
908 2270 947 2305 Si
975 2269 1109 2304 sanm-

354 2336 421 2356 rum
449 2323 512 2358 Dei
540 2322 605 2355 loca
632 2320 733 2363 nostra
755 2320 843 2366 justi
869 2320 1009 2367 potentia
1034 2320 1110 2364 sub-

354 2373 524 2410 levamus,
563 2372 604 2404 (9⁴
641 2383 741 2404 eorum
778 2370 926 2404 Rer‘lores
965 2369 1111 2416 oppreffos
1225 2368 1268 2401 (9⁶
1291 2367 1439 2414 potestate
1465 2367 1641 2408 Parmensis
1677 2368 1864 2408 Monasterii
1890 2369 1975 2400 San-

352 2423 482 2457 malitis}
504 2420 752 2466 substentandas,
780 2421 897 2454 culmen
917 2420 1109 2465 dignitatis,
1225 2417 1270 2452 Hi
1287 2418 1469 2462 Joharmis,
1498 2418 1543 2454 (jv
1560 2417 1657 2458 sicum
1683 2419 1723 2459 est
1742 2417 1820 2460 foris
1841 2415 1886 2453 ὅ)
1904 2427 1976 2462 pro-

353 2472 397 2511 &
421 2473 557 2516 salutem
583 2470 707 2505 animae
743 2470 859 2512 nostrae
895 2471 1112 2504 indubitanter
1139 2478 1142 2546 1
1223 2477 1260 2513 pe
1281 2467 1455 2502 Civitatem
1477 2467 1630 2508 Pistoria,
1657 2480 1723 2500 cum
1749 2466 1890 2499 omnibus
1910 2465 1977 2509 suis

350 2522 512 2567 subsistere
552 2520 700 2556 credimus
724 2546 732 2555 .
778 2520 928 2566 „Quocirca
972 2520 1107 2554 onmium
1138 2550 1141 2558 ,
1196 2525 1202 2563 1
1223 2517 1422 2564 pertinentiis
1447 2527 1513 2551 tam
1540 2517 1573 2551 in
1601 2517 1665 2563 ipso
1689 2515 1849 2551 Comitatu
1876 2515 1977 2558 Pzsto-

1814 2565 1908 2607 riensi
1915 2588 1927 2608 ,

1193 2120 1196 2134 l

1221 2119 1359 2153 sam‘lae
1392 2117 1454 2152 Dei
1489 2116 1642 2158 Ecclefiae
1678 2117 1901 2165 nostrorumque
1928 2117 1977 2162 fi-

1222 2169 1339 2203 delium
1362 2167 1571 2214 praesentium
1596 2167 1714 2211 scilicet
1740 2181 1775 2201 ac
1800 2168 1978 2211 futurorum

1224 2218 1346 2253 noverit
1384 2217 1534 2259 solertia,
1575 2218 1711 2263 qualiter
1749 2230 1803 2250 nos
1843 2216 1978 2263 receptffe

1219 2269 1279 2312 sub
1304 2266 1476 2309 defensione
1503 2267 1603 2308 nostra
1631 2267 1855 2309 Monasterium
1891 2270 1976 2302 San-

1223 2317 1269 2352 ὖῖἱ
1296 2317 1548 2355 Bartholomaei,
1577 2320 1655 2364 quod
1683 2317 1723 2359 est
1744 2318 1804 2361 sub
1827 2317 1976 2364 regimine
