2216 3105
403 228 480 268 391

338 320 479 356 fuerunt
506 336 547 358 ex
576 324 674 359 omni
703 333 825 372 parte,
861 326 894 359 &
934 325 1092 373 speciali-

337 380 392 407 ter
417 373 453 407 in
478 373 629 414 Tuscia,
657 384 696 410 ut
724 374 820 424 saepe
848 386 943 424 patet
970 376 1007 411 in
1029 376 1093 412 Li—

338 423 401 458 bro
428 423 511 460 isto.
540 427 586 460 Et
613 425 767 461 maxime
794 426 830 460 in
856 425 1019 462 Civitate
1042 429 1093 462 Α-

336 474 476 515 retina,
514 475 598 511 ficut
625 477 745 512 diebus
773 477 842 512 istis
870 478 1024 512 vidimus
1052 478 1092 512 de

337 523 453 568 faeto,
490 527 582 572 quod
612 526 707 574 saepe
735 528 948 563 mutationes
975 529 1009 562 8<
1037 528 1091 562 in-

337 576 544 612 novationes
573 577 682 611 faciae
719 576 816 611 sunt:
857 591 898 612 ex
936 591 1006 625 quo
1033 578 1091 612 de—

336 626 438 661 duffla
465 627 510 661 est
535 627 577 662 ad
605 627 875 662 desolationem,
904 630 1003 673 Quae
1032 641 1091 663 an-

336 677 434 723 tiqua
476 676 514 712 &
556 678 685 712 nobilis
727 676 870 712 Civitas
914 679 1089 725 quondam

336 740 442 762 unum
471 741 512 762 ex
551 726 723 774 capitibus
757 728 907 763 Tusciae
944 729 1091 763 habeba·
1138 725 1164 758 Β

334 786 416 816 tur,
457 777 537 812 teste
576 777 713 813 Livio.
755 778 893 813 Aueior
935 792 1016 826 ergo
1053 778 1090 813 in

336 829 517 876 juventute
554 828 610 863 sua
649 838 729 864 ante
767 828 816 864 sui
853 829 1089 874 expulfionem

334 880 375 914 de
413 881 529 914 Patria
566 878 701 914 vider-at
737 879 837 914 istum
876 881 1090 918 tumultum,

335 942 437 977 quern
475 929 602 977 reperit
639 929 759 978 aliquo
786 929 892 975 casu,
929 932 986 966 vel
1024 931 1089 966 ali-

336 993 403 1028 qua
431 980 471 1015 de
499 980 616 1015 causa.
652 981 752 1016 Dicit
779 994 861 1030 ergo

386 1052 558 1058 ------
587 1034 618 1065 E
644 1032 718 1065 vidi
741 1032 794 1077 gir
816 1033 1000 1078 gualdum,

335 1081 438 1121 idest,
468 1080 681 1126 Massnatas,
719 1082 898 1130 Brigatas,
927 1083 964 1117 in
993 1082 1089 1118 diffco

335 1133 491 1167 tumultu
520 1132 660 1177 Aretii,
689 1135 745 1168 vel
773 1133 880 1168 etiarn
909 1133 1015 1169 alibi.
1044 1135 1090 1168 Et
1119 1175 1120 1178 Ἴ

334 1183 512 1231 sequitur:
1118 1193 1164 1234 {C

386 1235 479 1268 Fe’rir
505 1233 708 1269 torniamentt'
722 1255 862 1261 -----

335 1286 426 1321 Heic
455 1284 648 1328 confidem,
685 1285 778 1332 quod
815 1285 926 1333 aliqui
955 1284 1090 1334 glorifi-
1117 1235 1120 1333 Ξ

335 1350 411 1371 care
439 1337 596 1371 volentes
624 1334 718 1370 suam
749 1336 919 1383 patriam,
947 1337 1089 1375 dicunt,
1117 1335 1119 1361 ἶ

335 1387 427 1435 quod
465 1387 523 1422 ista
560 1386 796 1421 torniamenta
823 1388 856 1421 &
885 1386 1090 1433 equisternia

335 1438 425 1474 facia
463 1437 540 1473 sunt
567 1435 686 1472 Aretii
723 1446 880 1483 ternpore
915 1436 1118 1484 Gnidonis3

335 1489 375 1524 de
412 1488 568 1524 Tarlatis
605 1487 645 1521 de
684 1489 902 1529 Petramala,
939 1486 999 1534 qui
1034 1486 1118 1534 vir}

334 1538 586 1574 valentiffimus
614 1539 761 1572 Terram
797 1536 896 1571 illam
934 1536 1089 1572 maxime
1116 1541 1117 1565 ἒ

334 1589 527 1628 exaltavit,
568 1587 606 1623 ὅ(
643 1587 830 1622 exornavit
858 1586 964 1626 viris,
1001 1578 1118 1622 viri-l

334 1641 417 1683 bus,
455 1639 585 1678 muris,
622 1637 659 1674 &
688 1638 787 1672 ornni
816 1651 917 1685 opere
946 1639 1087 1686 pulcro.
1126 1636 1159 1669 D

333 1691 401 1726 Sub
438 1703 507 1737 quo
544 1689 649 1724 multi
683 1688 750 1723 viri
789 1689 960 1723 militares
990 1702 1087 1723 exer-
1117 1693 1119 1732 ζ

335 1742 458 1777 cebant
487 1740 517 1775 se
546 1740 581 1775 in
610 1739 682 1775 istis
710 1739 808 1774 rebus
837 1738 992 1774 bellicis.
1025 1739 1086 1773 Sed

332 1791 503 1840 quidquid
541 1790 701 1828 dicatur,
739 1788 824 1824 istud
862 1789 906 1824 est
933 1789 1085 1824 alienum
1117 1777 1119 1837 Ξ

333 1856 352 1877 a
389 1841 588 1888 proposito,
626 1840 707 1888 quia
746 1839 859 1874 dicius
896 1839 1087 1887 Episcopus
1117 1839 1118 1842 ¹

331 1891 537 1941 magnificus
566 1904 635 1927 non
664 1890 790 1925 claruit
823 1899 981 1938 tempore
1009 1893 1085 1925 Au-

331 1943 460 1987 ebuis,
488 1943 600 1978 immo
629 1940 699 1989 post
718 1941 790 1990 ejus
813 1949 982 1976 mortem.
1011 1943 1086 1976 Nec

331 1993 480 2036 dubito,
517 1992 539 2028 fi
577 1992 724 2027 novisset
762 1990 848 2039 gesta
885 1991 979 2039 ejus,
1015 2004 1085 2026 non

331 2044 489 2080 tacuiss‘et
525 2043 696 2079 omnino.
735 2043 816 2077 Ideo
852 2041 956 2085 dico,
993 2041 1086 2087 quod
1116 2059 1117 2062 ¹

331 2095 469 2131 Αυέῒοι·
505 2107 572 2129 non
616 2092 720 2129 refert
761 2092 911 2140 amplius
952 2092 1084 2127 di&um
1124 2088 1152 2121 E

330 2145 426 2181 suum
465 2145 506 2180 ad
542 2144 705 2180 Aretium
730 2170 738 2186 ‚
775 2143 887 2178 immo
923 2142 965 2178 ad
1001 2143 1086 2178 alias

328 2198 478 2238 Terras,
516 2196 597 2243 quia
626 2193 763 2229 Au5³t0r
799 2202 935 2241 poterat
963 2192 1085 2228 vidisse

330 2246 391 2282 ista
419 2245 612 2293 spectacula
632 2243 855 2282 Florentiae,
883 2243 1084 2283 Bononiae,

327 2299 360 2332 8<
389 2296 501 2332 alibi.

580 2345 643 2381 Ad
670 2345 750 2389 Vers.
777 2354 838 2391 47.

378 2397 609 2435 Domandollo,
636 2394 708 2429 ond’
724 2396 752 2429 ei
772 2393 865 2440 soffia
901 2407 917 2428 e
942 2394 1013 2441 quei
1039 2394 1083 2428 νί-

423 2448 534 2496 spvse³

328 2498 436 2535 Ponit
459 2495 710 2546 responsionem
739 2495 837 2531 illius
865 2494 1080 2543 pleniorem,

329 2550 412 2598 quia
439 2549 502 2585 ille
537 2548 770 2596 interrogatus
807 2546 848 2582 de
885 2555 988 2595 gente
1024 2547 1081 2582 vel

684 211 1149 257 BENVENUTI
1186 211 1625 258 IMOLENSIS

339 269 456 306 tiones
479 297 490 315 ‚
531 271 735 317 turnultus,
773 274 806 308 8<
843 274 926 309 vani
964 273 1094 309 furores
1134 275 1165 309 A
1199 271 1241 307 de
1277 273 1416 320 patria,
1452 274 1617 310 describit
1652 274 1684 311 se
1721 289 1739 311 a

1817 233 1894 274 392

1799 287 1897 319 ente,
1934 288 1954 312 a

1201 324 1426 370 parentibus,
1455 327 1497 360 ab
1525 326 1670 370 officio,
1703 340 1741 361 ac
1769 289 1906 374 ignsuper
1933 339 1952 361 a

1201 373 1314 418 vitio,
1351 388 1421 422 quo
1457 376 1638 412 damnatus
1674 377 1737 412 est.
1774 379 1821 412 Et
1848 378 1888 412 ad
1916 390 1952 412 e-

1202 423 1392 460 videntiam
1423 425 1523 474 hujus
1550 428 1599 462 rei
1629 428 1849 476 peregrinae,
1886 440 1949 461 vo-

1199 475 1235 508 lo
1262 484 1296 510 te
1323 475 1430 519 scire,
1467 478 1581 524 quod,
1619 488 1721 523 prout
1748 479 1949 526 imaginor,

1201 527 1330 560 Dantes
1358 526 1480 561 habuit
1519 527 1662 562 Pax-isius
1699 527 1806 570 istud,
1842 541 1949 575 quum
1988 523 1992 530 '

1198 575 1278 610 effer
1306 576 1356 611 ibi
1384 577 1494 624 gratifi⁴
1522 577 1624 612 studii
1662 578 1732 625 post
1769 578 1949 626 indignam

1198 625 1432 673 expulsionem
1469 625 1587 675 suam3
1625 628 1658 662 8<
1695 629 1776 674 quia
1805 640 1949 664 notave-

1198 684 1250 709 rat
1295 675 1469 710 inauditas
1514 675 1648 711 fraudes
1688 679 1722 712 &
1765 678 1949 724 profundas

1199 724 1353 760 malitias
1395 725 1489 761 istius
1532 726 1713 769 Diaboli,
1761 727 1820 774 qui
1875 729 1950 775 plus

1197 775 1327 810 sciebat
1351 776 1449 811 omni
1478 776 1651 819 Diabolo,
1679 777 1835 812 decrevit
1862 776 1953 812 face-

1197 839 1232 861 re
1260 837 1459 874 perpetuam
1488 828 1693 863 memoriam
1721 828 1762 863 de
1781 841 1841 863 e0.
1870 827 1952 864 Un-

1197 876 1238 911 de
1266 887 1371 920 nota‚
1408 877 1501 925 quod
1537 878 1595 913 iste
1631 878 1757 913 infelix
1795 878 1862 914 fuit
1890 892 1953 914 na·-

1196 927 1295 962 tione
1323 926 1497 974 Hispanus
1525 928 1565 963 de
1595 931 1715 976 Regno
1746 931 1920 964 Navarrae
1938 957 1949 973 ‚

1196 986 1298 1012 natus
1325 991 1366 1012 ex
1396 978 1509 1013 nobili
1546 990 1676 1018 matre,
1714 977 1751 1014 &
1781 979 1949 1015 viliffimo

1197 1037 1314 1074 patre.
1346 1028 1419 1073 Qui
1448 1041 1554 1075 quurn
1584 1029 1801 1077 dilapidasset
1828 1030 1950 1064 omnia.

1196 1078 1252 1113 sua
1282 1079 1391 1121 bona,
1421 1088 1459 1114 ut
1486 1079 1613 1123 audio,
1651 1079 1804 1114 tamdem
1832 1079 1949 1120 despe-

1195 1139 1268 1164 rate
1305 1131 1429 1176 laqueo
1467 1129 1498 1164 se
1535 1129 1732 1178 suspendit,
1769 1130 1818 1165 ita
1855 1130 1948 1177 quod

1194 1179 1326 1215 dicitur
1360 1179 1600 1215 arborificatus
1637 1180 1674 1215 in
1702 1180 1835 1216 circulo
1874 1181 1950 1215 vio-

1193 1231 1368 1265 lentorum
1398 1240 1518 1266 contra
1547 1230 1602 1266 se.
1640 1230 1702 1266 Iste
1738 1244 1820 1279 ergo
1856 1231 1950 1266 filius

1195 1291 1338 1316 vocatus
1360 1281 1403 1316 est
1423 1282 1567 1316 nornine
1589 1281 1816 1330 Ciampolu5‚
1845 1295 1949 1329 quem

1193 1333 1312 1366 NIater
1339 1331 1396 1367 sua
1424 1332 1556 1367 nobilis
1585 1332 1739 1367 Domina
1771 1331 1887 1379 posuit
1907 1331 1948 1366 ad

1193 1381 1348 1417 standum
1374 1395 1452 1417 curn
1480 1382 1631 1429 quodam
1657 1381 1768 1416 nobili
1798 1381 1947 1429 hligna—

1194 1440 1251 1480 teg
1291 1432 1351 1479 qui
1381 1432 1484 1467 scivit
1511 1432 1561 1467 ita
1591 1431 1756 1479 sagaciter
1784 1431 1815 1466 se
1844 1433 1946 1467 habe-

1193 1495 1254 1523 re,
1288 1482 1378 1528 quod
1408 1481 1516 1517 fastus
1544 1482 1588 1516 est
1615 1483 1651 1517 in
1681 1482 1777 1517 brevi
1807 1482 1861 1517 illi
1890 1495 1947 1517 ca-

1192 1531 1341 1567 riffimus
1363 1559 1371 1568 .
1409 1533 1455 1566 Et
1490 1531 1533 1567 fic
1574 1532 1665 1567 fama
1707 1531 1945 1579 prosperante,

1192 1584 1225 1617 &
1267 1581 1385 1618 favore
1426 1582 1562 1617 domini
1603 1582 1844 1628 coadjuante,
1887 1582 1947 1618 iste

1192 1633 1342 1668 intravit
1361 1632 1509 1669 Curiam
1535 1633 1638 1680 Regis
1660 1632 1856 1675 Thebaldi‚
1884 1633 1946 1679 qui

1166 1693 1167 1703 ¹
1194 1685 1284 1718 ultra
1314 1686 1422 1731 Reges
1452 1685 1628 1718 Navarrae
1665 1682 1732 1717 fuit
1771 1685 1845 1717 Rex.
1882 1682 1946 1717 fin—

1193 1733 1323 1781 gularis
1366 1732 1515 1780 justitiae
1550 1731 1587 1767 ἃ
1625 1732 1860 1768 clementiae.
1900 1735 1948 1768 Et

1193 1785 1327 1818 summa
1357 1783 1544 1831 sagacitate
1574 1793 1643 1818 tam
1674 1783 1884 1818 mirabiliter
1911 1796 1947 1818 a-

1193 1834 1314 1881 deptus
1336 1833 1380 1869 est
1400 1833 1547 1882 gratiam
1570 1832 1607 1869 &
1635 1833 1789 1869 favorem
1819 1833 1946 1881 Regis,

1193 1884 1284 1931 quod
1325 1887 1398 1919 Rex
1427 1894 1601 1919 amoratus
1629 1883 1670 1918 de
1696 1897 1759 1927 eo,
1796 1884 1948 1919 cornmi-

1193 1935 1233 1969 sit
1261 1943 1372 1970 totam
1400 1933 1548 1970 Curiam
1578 1934 1758 1981 regendam
1787 1933 1946 1970 manibus

1193 1986 1285 2031 ejus.
1328 1987 1380 2019 Ita
1408 1985 1499 2032 quod
1529 1983 1727 2020 conferebat
1755 1983 1945 2027 beneficia,

1193 2034 1230 2070 ὃ(
1258 2035 1378 2070 omnia
1415 2034 1651 2070 ministrabat.
1688 2036 1792 2070 Tunc
1829 2034 1945 2077 coepit

1193 2085 1391 2121 astutiffime
1430 2086 1601 2121 barattare
1636 2084 1674 2120 ὃς
1703 2086 1943 2120 accumulare.

1192 2139 1238 2171 Et
1264 2135 1350 2172 licet
1379 2136 1474 2184 saepe
1514 2135 1612 2171 fieret
1648 2137 1786 2183 querela
1815 2136 1855 2170 de
1882 2149 1946 2178 (το,

1194 2189 1267 2222 Rex
1309 2187 1400 2222 nihil
1443 2187 1578 2222 credere
1615 2188 1778 2221 volebat.
1819 2188 1865 2220 Et
1903 2185 1945 2220 fic

1193 2238 1363 2273 crescebat
1391 2238 1560 2272 continuo
1588 2237 1726 2272 audacia
1767 2236 1946 2272 audaciffi-

1193 2301 1270 2324 mo.
1302 2291 1404 2324 Nunc
1431 2288 1472 2322 ad
1499 2288 1639 2323 literam
1656 2315 1664 2323 .
1695 2287 1794 2322 Dicit
1821 2285 1946 2322 Ciam-

1193 2341 1292 2387 polus
1321 2338 1504 2387 Vergilio:

1242 2393 1275 2424 Io
1306 2390 1358 2433 sui
1392 2390 1444 2423 dcl
1471 2394 1582 2436 Regno
1608 2389 1644 2423 di
1670 2392 1822 2423 Navarra
1848 2396 1943 2421 nato.

1192 2440 1492 2487 Hispania-habet
1513 2440 1666 2487 quinque
1692 2442 1805 2486 Regna
1832 2435 1868 2470 in
1891 2435 1943 2475 se,

1191 2491 1327 2527 scilicet
1370 2493 1525 2538 Regnum
1569 2489 1765 2529 Castellae‚
1807 2488 1944 2534 Arago-

1191 2543 1284 2578 niam
1303 2569 1313 2586 ,
1352 2544 1545 2577 Navarrarn
1562 2563 1572 2578 ‚
1613 2537 1850 2586 Portugallum
1872 2563 1880 2579 ,
1909 2537 1942 2571 ὃ(

1761 2590 1894 2622 Glana-
