2216 3105
281 218 360 258 ¹97

219 273 265 310 go
292 274 333 295 ex
355 255 557 302 Reipublicae
583 256 764 290 mentione
791 255 826 290 in
851 255 895 291 iis
921 264 973 290 ta—
1005 257 1039 290 A
1082 253 1168 302 gni,

219 311 311 346 bulis
341 318 531 353 numquam
569 307 760 353 exculpas‚
798 315 973 353 tempora—

219 361 288 394 lem
319 356 470 391 Romani
510 355 694 391 Pontificis
730 355 902 391 ditionem
932 354 971 389 si-

218 406 378 456 gnificari
395 430 405 445 ‚
436 406 497 443 uti>
521 419 632 453 neque
659 419 702 441 ex
730 405 973 441 Vulturnenfis

218 456 393 494 Coenobii
422 456 680 496 monumentis,
703 469 809 504 quum
838 456 893 490 vel
920 456 972 504 ip—

219 507 253 544 se
280 507 433 543 Antistes
462 510 668 552 Ancyranus
706 506 824 545 norit,
862 505 972 541 suam—

220 572 287 605 que
315 558 438 592 habeat
466 557 716 592 conscientiam
754 556 900 595 testem,
937 556 973 591 in

220 610 360 644 Ducatu
389 609 636 649 Beneventano
672 607 772 642 situm
811 606 908 642 fuisse
937 619 974 641 ac

220 659 285 700 effe
322 657 573 693 Monasterium
611 657 726 693 illud.
764 659 855 692 Eum
892 659 974 691 verb

220 711 398 744 Ducatum
428 717 511 743 tunc
547 707 598 744 sui
636 710 749 743 Duces
784 707 975 756 regebant,

222 759 371 795 obnoxii
409 772 468 806 per
503 758 646 806 aliquod
684 767 820 805 tempus
852 760 976 806 Augu-

223 809 304 848 stis,
342 809 395 844 sed
425 822 602 857 nunquam
624 808 848 856 Apostolicae
876 807 976 846 sedi,

222 859 285 895 nifi
314 859 385 907 post
414 861 715 894 Nortmannorum
744 858 952 894 adventum.

273 910 370 954 Quid
398 922 505 956 erg0,
540 918 657 954 petas,
685 909 889 954 Reipublicae
915 921 979 943 no-

224 960 319 996 rnine
345 960 433 995 olim
462 958 692 1006 significatum
722 958 789 993 est?
818 959 867 993 Ea
894 971 979 993 voce

226 1009 484 1058 significabatur
513 1009 759 1055 Principatus,
798 1011 979 1057 Regnum,

226 1059 443 1107 Imperium,
472 1058 609 1094 Fiscus.
639 1061 762 1116 Neque
790 1058 885 1094 aliud
913 1057 981 1093 fuit

226 1115 374 1145 Romana
400 1109 610 1155 Respublica,
638 1108 700 1144 nifi
739 1108 830 1144 ditio
867 1109 981 1157 Impe-

224 1160 352 1196 ratoris
380 1161 645 1195 Romanorum:
684 1158 776 1194 nihil
814 1159 981 1200 Monstri,

226 1209 417 1249 Exafi‘ores,
446 1208 500 1244 seu
522 1212 735 1243 Procuratores
755 1209 982 1254 Reipublicae,

226 1258 288 1294 nifi
319 1258 452 1307 publici
484 1257 657 1305 Principis
693 1257 749 1293 seu
788 1257 878 1293 Fisci
906 1258 982 1294 Mi-

225 1308 343 1348 nistri,
380 1307 449 1343 five
475 1308 504 1343 is
532 1307 750 1355 Imperator,
788 1307 855 1343 five
885 1310 982 1351 Rex,

225 1359 295 1394 five
323 1358 509 1405 Princeps,
539 1367 599 1393 aut
630 1359 710 1392 Dux
742 1356 899 1404 supremo
932 1358 982 1403 ju-

225 1423 261 1445 1e
289 1408 472 1444 dominans
500 1408 600 1444 effet.
628 1410 728 1453 Quae
750 1407 982 1443 fontaninius

225 1460 262 1508 ip
268 1459 299 1495 se
326 1459 470 1497 attulit,
507 1459 547 1493 ad
585 1458 657 1506 ejus
685 1457 892 1493 sententiam
930 1458 982 1506 ju

226 1509 413 1557 gulandam
447 1508 602 1557 apprime
639 1507 799 1548 faciunt,
837 1507 858 1542 fi
896 1521 982 1555 quae

223 1561 286 1596 ille
320 1559 496 1595 reticenda
542 1557 695 1597 censuit,
733 1571 792 1606 per
833 1572 895 1592 nos
924 1571 982 1606 ap-

223 1618 416 1659 ponantur.
445 1609 635 1657 Gregorius
663 1608 709 1644 II.
737 1611 826 1656 Papa
849 1608 979 1643 Ursum

224 1663 359 1695 Ducem
390 1659 429 1693 ad
468 1669 642 1694 certamen
681 1669 802 1694 contra
840 1661 981 1706 Lango-

225 1709 348 1744 bardos
376 1709 556 1747 hortatur,
588 1719 625 1741 ut
650 1709 694 1742 ad
725 1709 892 1755 pristinum
911 1709 981 1751 sta—

225 1771 291 1793 tum
331 1758 469 1792 Sanflae
509 1759 715 1804 Reipublicae
751 1759 784 1792 in
820 1760 982 1804 imperiali

218 1809 352 1855 servitio
375 1808 575 1842 Dominarum
597 1807 797 1854 filiorumque
817 1809 981 1850 nestrorum

225 1859 338 1894 Leonis
365 1857 411 1897 ὅγ’
437 1858 638 1900 Constantini
665 1872 844 1904 magnorum
881 1861 981 1905 Impe-

227 1920 363 1944 ratorum
391 1909 458 1955 ipsa
484 1919 639 1943 revocetur
660 1910 903 1943 Ravennatium
923 1913 949 1943 C
953 1910 981 1942 i-

226 1961 335 1998 vitas,
372 1969 407 1993 ut
441 1959 509 2003 zelo
536 1959 582 1997 ὕφ’
617 1972 718 1994 amore
745 1958 830 2003 fidei
865 1959 981 2001 nostrae

228 2010 261 2043 in
294 2009 380 2051 statu
415 2008 621 2055 Reipublicae
649 2010 692 2043 (9⁴
721 2010 884 2056 Imperiali
912 2010 980 2054 ser-

224 2060 307 2094 vitio
324 2059 419 2104 firme
442 2059 596 2106 persistere
612 2087 621 2105 ,
660 2060 793 2094 Domino
819 2071 979 2106 cooperan—

228 2120 279 2151 te,
315 2110 496 2144 valeamus.
526 2110 593 2144 Vel
630 2109 691 2158 ipfi
729 2112 882 2149 Romae,
919 2122 978 2145 ne-

226 2159 307 2194 dum
337 2159 570 2199 Exarchatui‚
609 2173 646 2194 ac
683 2169 739 2195 tot
775 2160 856 2195 aliis
894 2162 979 2195 Pro-

229 2209 357 2245 vinciis
385 2219 468 2244 tunc
504 2209 774 2246 dominabantur
802 2213 978 2246 Romano-

229 2273 305 2295 rum
348 2262 576 2307 Imperatores
614 2260 765 2295 Graeci.
802 2261 898 2306 Quid
935 2260 978 2296 est

225 2323 331 2358 ergo,
369 2309 461 2357 quod
489 2318 779 2356 contorqueamus
808 2311 979 2357 Reipubli-

225 2374 276 2395 cae
303 2373 424 2395 vocem
447 2360 486 2395 ad
515 2359 774 2407 significandum
804 2361 978 2396 Exarcha-

225 2420 323 2449 tum,
363 2413 558 2446 Romanum
589 2412 784 2450 Ducatum‚
821 2425 859 2446 ac
890 2413 979 2446 Pon-

222 2460 373 2497 tificiam
402 2459 604 2496 ditionem?
635 2462 765 2500 Porro,
793 2461 884 2508 quod
914 2461 978 2496 stu—

225 2525 328 2560 peas,
366 2513 480 2560 plures
508 2510 677 2560 Epistolas
705 2511 867 2560 Gregorii
897 2510 978 2546 Ma-

584 196 949 239 DISSERTATIO
994 192 1290 239 DECIMAOC
1300 193 1335 235 Γ
1333 194 1453 237 AVA
1461 223 1473 237 .
1706 198 1783 248 198

1212 252 1303 301 quafi
1345 253 1382 288 in
1420 253 1464 288 iis
1506 253 1618 287 Exarc
1605 248 1745 286 hatum
1785 260 1844 287 aut

1086 306 1284 339 Romanum
1322 305 1499 337 Ducatum
1536 301 1744 348 Reipublicea
1772 315 1842 336 vox

1085 353 1278 392 indicaret,
1322 352 1415 388 idem
1458 351 1616 400 Scriptor
1657 351 1839 387 laudavit:

1086 411 1241 439 attamen
1279 402 1317 438 in
1345 410 1401 438 tot
1437 402 1522 438 alias
1560 414 1630 437 non
1667 400 1843 445 incurrit,

1088 454 1214 500 quibus
1241 454 1346 502 longe
1373 452 1479 488 latius
1508 451 1714 501 protendere
1742 450 1844 499 figni-

1089 504 1290 539 ficationem
1330 503 1422 539 suam
1452 515 1522 538 vox
1560 502 1620 538 ista
1657 501 1845 549 deprehen—

1089 555 1202 590 ditur.
1233 553 1290 589 Ad
1312 553 1528 590 Mauricium
1551 552 1745 601 Augustum
1772 551 1846 586 san

1090 604 1259 640 &ciffimus
1295 605 1358 639 ille
1395 603 1561 639 Pontifex
1601 603 1722 638 scribit
1761 602 1847 649 Epi--

1089 655 1209 690 stolam
1253 656 1313 689 XI.
1351 655 1432 690 Lib.
1475 657 1519 689 V.
1561 653 1602 688 de
1644 666 1726 702 pace
1767 665 1847 688 curn

1091 705 1331 754 Langobardis
1359 705 1376 739 ὲ
1405 704 1437 739 se
1464 704 1672 752 pertrafilata
1690 731 1698 738 .
1727 705 1849 739 Ariul-

1090 756 1190 803 pbus,
1219 765 1257 791 ut
1284 754 1355 803 ipse
1383 755 1453 794 ait,
1482 765 1544 789 toto
1569 756 1655 789 eorde
1680 755 1790 788 venire
1807 756 1852 789 ad

1094 806 1331 853 Rempublieam
1355 816 1489 853 paratus
1521 805 1585 849 fuit
1613 807 1679 840 &a
1707 805 1849 850 Piiffime

1095 857 1230 891 Domino
1249 857 1405 903 suggero,
1433 866 1468 889 ut
1493 857 1532 890 de
1558 855 1699 890 utilitate
1727 856 1850 902 Reipu*

1094 907 1210 946 blicae‚
1239 904 1285 944 ψ’
1312 906 1400 950 causa
1429 906 1595 953 ereptionis
1622 906 1757 943 Italiae,
1789 919 1850 939 non

1095 957 1285 1004 quibuslibet
1322 957 1420 1000 facile
1459 969 1549 991 aures
1590 957 1738 1002 praebeat
1778 954 1849 993 &¹c.

1095 1010 1187 1042 Ante
1212 1007 1451 1049 Constantinum
1478 1006 1606 1053 Pagani
1632 1006 1664 1039 in
1694 1004 1852 1052 Republi

1096 1071 1130 1091 ca
1156 1057 1317 1103 Principes
1338 1057 1428 1101 ficere
1453 1055 1525 1094 estc.
1545 1059 1656 1090 Pacem
1675 1069 1742 1090 cum
1761 1059 1851 1091 Lan-

1092 1107 1243 1154 gobardis
1282 1107 1315 1141 in
1357 1106 1471 1150 Tuscia
1508 1106 1642 1153 positis,
1677 1105 1748 1147 fine
1787 1107 1852 1140 ullo

1097 1156 1303 1203 Reipublicae
1328 1157 1490 1203 dispendio
1510 1156 1642 1200 feceram
1659 1183 1667 1190 .
1705 1156 1787 1191 Lib.
1816 1157 1851 1193 6.

1098 1206 1201 1254 Epist.
1233 1208 1289 1243 16.
1318 1206 1357 1241 acl
1386 1206 1546 1242 eumdem
1575 1207 1846 1254 Imperatorem:

1098 1260 1185 1292 Deus
1212 1258 1276 1291 heic
1302 1256 1440 1292 devic'lis
1464 1256 1620 1299 hostibus,
1646 1267 1776 1303 pacatae
1795 1269 1853 1291 vos

1098 1308 1247 1353 imperare
1269 1307 1370 1350 saciat
1397 1306 1621 1353 Reipublicae.
1658 1306 1762 1355 Epist.
1793 1318 1851 1352 25.

1099 1357 1138 1392 ad
1166 1357 1388 1392 salonitanae
1416 1355 1586 1391 Ecclesiae
1614 1356 1850 1404 usurpatorem

1099 1405 1325 1442 Maximum:
1364 1408 1446 1453 quod
1479 1410 1552 1440 υενὸ
1580 1407 1725 1446 indicas,
1762 1411 1851 1442 sere..

1099 1457 1232 1501 niffimos
1268 1456 1442 1495 Dominos,
1479 1467 1514 1490 ut
1550 1457 1618 1490 illic
1652 1459 1762 1492 debeat
1798 1457 1854 1502 effe

1097 1507 1255 1553 cognitio,
1281 1504 1480 1553 praecepiffe:
1515 1519 1569 1540 nos
1595 1508 1718 1552 quidem
1746 1509 1852 1542 nullas

1096 1570 1197 1591 eorum
1224 1557 1279 1591 hac
1305 1558 1343 1590 de
1369 1570 1425 1596 re,
1463 1556 1524 1598 ²²1st
1550 1567 1585 1590 ut
1611 1558 1655 1590 ad
1681 1570 1733 1592 nos
1759 1559 1851 1592 veni-

1098 1620 1128 1640 re
1154 1606 1290 1645 debeas,
1316 1606 1463 1651 juffiones
1490 1607 1682 1653 accepimus.
1718 1609 1783 1641 Sed
1809 1609 1853 1642 (9⁶

1092 1657 1122 1698 si
1142 1656 1275 1701 forsitan
1300 1668 1356 1703 pro
1382 1657 1589 1703 Reipublicae
1618 1656 1695 1700 suae
1722 1658 1851 1692 utilita-

1097 1718 1151 1746 te,
1187 1720 1265 1754 quae
1290 1708 1408 1741 divina
1437 1707 1504 1748 fibi
1537 1708 1689 1753 largitate
1724 1707 1853 1753 concessa

1096 1757 1157 1799 est,
1186 1758 1287 1792 multa
1313 1758 1541 1803 cogitantibus,
1569 1770 1670 1791 eorum
1695 1757 1738 1799 est
1759 1758 1854 1803 juffio

1092 1818 1131 1854 pe
1134 1821 1149 1841 r
1173 1808 1377 1854 obreptionem
1403 1808 1507 1841 elicita
1534 1808 1601 1841 (Vc.
1631 1809 1683 1842 De
1711 1806 1854 1843 Corfica

1097 1857 1210 1892 nimio
1246 1855 1440 1892 eanionum
1472 1857 1662 1904 gravamine
1698 1859 1852 1906 oppreffa

1097 1907 1218 1943 scribit
1263 1907 1304 1942 ad
1350 1906 1618 1943 Constantinam
1661 1908 1851 1956 Augustam

1097 1958 1179 1993 Lib.
1210 1969 1242 2003 5.
1271 1956 1413 2004 Epistol.
1440 1969 1501 2001 41.
1530 1966 1634 2004 atque
1661 1959 1731 1993 ait:
1765 1960 1850 1993 Linde

1089 2008 1156 2052 fit,
1192 2019 1228 2042 ut
1253 2007 1406 2041 dereliJia
1430 2008 1488 2053 pia
1514 2008 1691 2054 Republica
1715 2007 1850 2054 poffeffo-

1023 2062 1049 2094 E
1094 2071 1141 2091 res
1180 2057 1315 2102 ejusdem
1355 2058 1480 2102 Insulae
1519 2059 1564 2092 ad
1603 2057 1850 2103 nefandffmam

1096 2109 1370 2155 Langobardorum
1402 2119 1527 2154 gentem
1560 2118 1709 2154 cogantur
1734 2109 1852 2155 effuge—

1096 2172 1144 2193 re.
1181 2158 1313 2193 Eodem
1350 2157 1462 2194 Libro
1501 2169 1534 2203 5.
1573 2157 1676 2205 Epist.
1715 2169 1771 2205 30.
1810 2159 1850 2194 ad

1097 2208 1313 2244 Mauricium
1344 2207 1488 2243 scribit:
1523 2211 1608 2243 Deus
1638 2208 1733 2255 longa
1759 2209 1852 2244 vobis

1096 2258 1142 2297 &⁶
1169 2259 1273 2306 quieta
1299 2270 1433 2304 tempora
1459 2257 1604 2298 tribuat,
1642 2257 1688 2296 ά*
1721 2259 1852 2306 pietatis

1095 2309 1214 2352 vestrae
1243 2309 1451 2354 feliciffi‘mam
1480 2309 1613 2353 sobolem
1639 2309 1697 2342 diu
1723 2310 1756 2343 in
1783 2313 1851 2343 Ro·

1096 2373 1190 2394 mana
1225 2359 1402 2406 Republica
1429 2359 1545 2404 florere
1580 2360 1722 2393 concedat
1743 2385 1751 2394 .
1796 2358 1849 2394 Ita

1098 2409 1179 2446 Lib.
1207 2409 1322 2457 primo
1358 2409 1502 2457 Epistol.
1539 2419 1599 2455 75.
1627 2407 1847 2444 Gennadium

1096 2459 1294 2495 Exarchum
1335 2458 1372 2495 in
1409 2457 1533 2494 Africa
1573 2457 1715 2496 laudat,
1757 2458 1848 2504 quod

1062 2517 1068 2552 Ι
1098 2511 1187 2547 bella
1213 2517 1330 2557 gerat,
1358 2522 1418 2543 non
1437 2508 1586 2550 desiderio
1599 2508 1757 2552 fundendi
1769 2508 1847 2551 san—

1149 2562 1182 2595 N
1239 2571 1258 2594 2
1663 2557 1798 2603 guinis,
