2216 3105
411 230 494 283 687

350 349 418 369 mea
441 338 556 383 genuit
581 351 650 383 me,
685 354 740 387 ego
758 341 806 381 fic
827 341 965 384 faciam.
1006 344 1110 378 Nunc

350 386 391 420 ad
420 386 561 423 literam
590 388 679 425 dicit
709 391 851 426 Picarda
879 391 943 427 fic:

401 440 435 472 ,Ε
461 439 561 485 questo
586 441 670 475 altro
689 442 840 488 splendor
864 463 881 469 -
908 464 924 469 —
950 464 966 470 -
991 464 1008 472 -

348 487 438 523 bene
464 489 575 534 dicit,
613 491 696 538 quia
733 493 937 528 Constantia
965 507 1007 528 ex
1035 494 1109 528 alto

348 551 464 575 rerum
492 541 647 576 culmine
674 542 799 578 effulsit
835 543 871 578 in
912 544 1026 579 nostro
1052 557 1109 578 or-

350 589 392 625 be
428 591 663 634 occidentali,
705 592 780 628 filia
822 594 926 641 Regis
967 593 1108 642 magni,

351 654 443 676 uxor
469 642 610 689 majoris
639 642 885 691 Imperatoris.
923 646 969 679 Et
996 644 1018 678 fi
1040 643 1108 678 fuit

348 691 500 739 gloriosa
527 692 566 727 in
593 694 714 732 terris,
752 693 884 729 virtute
922 695 956 728 δε
986 704 1108 743 poten-

350 741 400 775 tia
428 744 572 790 magna,
615 752 748 789 quanto
776 744 886 792 magis
914 744 951 779 in
979 743 1106 779 coelo?

424 794 487 826 Ad
506 795 602 828 Cant.
615 795 669 827 VI.
685 795 854 834 Purudifi,
877 795 958 839 Vers.
969 807 1030 842 97.

399 843 491 876 Omai
515 844 590 889 puoi
612 844 758 890 giudicar
783 845 819 878 di
845 846 916 891 quei
941 845 1056 890 rotali,

347 892 441 930 Heic
469 893 677 936 Justinianus
705 895 888 943 praemissa
922 896 1026 944 longa
1053 895 1106 931 di—

351 942 520 992 greffione
540 946 730 981 revertitur
749 946 790 982 ad
812 946 1008 994 principale
1027 959 1105 994 pro-

350 994 520 1042 posltum.
572 997 619 1031 Et
663 996 778 1045 arguit
827 997 971 1032 italicos
989 1024 999 1041 ‚
1045 997 1107 1044 qui

348 1044 472 1090 injuste
499 1055 608 1093 agunt
635 1058 755 1082 contra
783 1046 905 1095 justum
935 1047 1079 1096 Signum
1097 1075 1106 1091 ‚

350 1095 415 1130 alii
443 1108 581 1138 amore,
609 1097 674 1132 alii
700 1098 784 1132 odio
813 1097 968 1133 seduffi.
1010 1098 1107 1133 Dicit

349 1158 455 1193 ergo:
487 1148 578 1180 Omai
600 1147 678 1194 puoi
699 1147 872 1194 giudicar‚
915 1161 957 1183 ex
999 1149 1108 1184 ratio-

349 1197 451 1231 nibus
480 1195 601 1232 faffis:
640 1199 676 1232 di
703 1199 773 1245 quei
809 1199 922 1243 coruli,
950 1197 1109 1244 scilicet,

352 1247 524 1289 Guelohis
552 1249 586 1282 &
614 1248 827 1284 Gibellinis:

400 1297 626 1343 Ch'i'accusai
650 1300 687 1333 di
707 1299 800 1345 sopra
811 1321 1034 1339 ------

352 1347 389 1383 in
419 1349 595 1399 principio
622 1350 860 1398 digressionis:

401 1419 589 1426 -----
616 1414 631 1434 e
656 1401 692 1435 di
717 1402 765 1434 lor
785 1401 886 1444 sallt',

352 1450 442 1484 Vere
480 1449 651 1486 falluntur
686 1450 796 1490 fatui,
834 1451 916 1498 quia
953 1451 993 1486 de
1031 1464 1110 1487 cen-

352 1508 427 1535 tum
457 1501 640 1536 Militibus
680 1514 751 1537 non
792 1501 974 1536 invenitur
1002 1515 1110 1545 unus,

351 1551 412 1597 qui
442 1549 548 1590 sciat,
575 1552 715 1599 quando
756 1552 813 1586 vel
850 1553 1027 1598 quomodo
1056 1553 1109 1587 in-

351 1610 477 1636 ventae
516 1600 595 1636 sunt
631 1601 712 1636 istae
755 1601 1006 1647 partialitates‚
1053 1604 1109 1637 vel

353 1649 438 1697 quid
476 1650 537 1686 fibi
577 1651 690 1686 velint
725 1651 785 1686 ista
823 1651 989 1694 nomina,
1032 1665 1110 1698 pro—

354 1709 430 1748 pter
458 1714 545 1747 quae
573 1701 706 1737 faciunt
744 1711 841 1737 tanta
878 1704 988 1737 mala.
1028 1703 1110 1738 Ideo

356 1750 442 1786 bene
470 1751 578 1786 dicit:

405 1802 471 1835 Che
492 1802 548 1845 son
576 1803 684 1848 cagion
709 1803 746 1836 di
764 1803 843 1835 tutti
861 1803 873 1836 i
891 1803 988 1843 vostri
1014 1804 1110 1837 mali.
1176 1833 1177 1836 ,

350 1853 387 1885 vO
414 1861 500 1897 quot
529 1852 706 1887 Civitates
727 1852 879 1887 eversae!
910 1856 1010 1898 Quot
1031 1854 1112 1888 mil-

353 1901 402 1937 lia
431 1901 613 1937 hominum
643 1903 735 1938 caesa
765 1913 904 1951 propter
924 1905 1027 1938 inane
1049 1917 1111 1939 no-

355 1953 452 1987 rnen!
484 1953 547 1992 Sed
577 1956 653 1988 Deo
673 1954 824 2001 gratias,
853 1954 912 2001 qui
938 1953 1111 1999 just-ffime

353 2003 514 2038 extendit
542 2017 683 2040 manum
712 2003 804 2039 suam
831 2003 928 2052 super
949 2005 1126 2050 [taliam,{

353 2052 405 2089 ita
432 2054 525 2099 quod
562 2055 631 2103 jam
669 2054 914 2090 obliviscimur
952 2055 1011 2090 ista
1048 2069 1111 2090 no-

355 2104 471 2139 mina.
499 2107 545 2140 Et
579 2105 774 2141 manifestat
809 2119 960 2141 errorem
1000 2106 1112 2142 utriu-

355 2153 436 2202 sque
465 2156 592 2202 partis,
620 2157 757 2192 dicens:

405 2203 446 2239 L'
458 2220 516 2240 uno
541 2208 577 2241 al
598 2208 742 2254 pubblico
761 2207 857 2255 segne
876 2208 889 2242 i
909 2207 999 2254 Gigli
1014 2208 1113 2254 gialli

403 2258 528 2302 Oppone
552 2277 866 2285 --------

356 2304 438 2341 idest
455 2334 465 2349 ,
493 2309 673 2356 Guelphus
701 2308 847 2357 insignia
876 2309 981 2357 Regis
1003 2312 1108 2344 Fran-

358 2356 431 2391 ciae
466 2358 499 2392 ἃ
537 2359 660 2395 Caroli
697 2360 862 2401 Veteris,
903 2373 991 2407 quae
1032 2359 1111 2395 sunt

357 2407 455 2442 Lilia
479 2408 609 2445 *citrina
628 2439 636 2452 ,
678 2423 756 2446 cum
783 2409 917 2445 rastello
944 2409 1107 2455 desuper:

357 2458 391 2492 al
423 2459 547 2504 publico
582 2461 692 2507 segne,
733 2460 894 2501 scilicet‚-
931 2461 1111 2506 Aquilae,

357 2521 444 2557 quae
472 2508 517 2543 est
544 2508 675 2557 fignum
704 2523 889 2546 commune
916 2510 1059 2558 justum.

407 2580 596 2587 -----
622 2574 635 2592 e
661 2560 778 2594 l'altro
804 2583 819 2589 -
845 2581 863 2589 -
887 2580 904 2587 -
928 2580 946 2587 -
970 2580 987 2587 -

362 2610 493 2647 scincet
505 2636 515 2650 ‚
542 2611 762 2647 Gibellinus:

691 228 1157 277 BENVENUTI
1191 232 1637 279 IMOLENSIS

347 296 443 321 cere:
486 290 544 319 Per
571 285 656 322 illud
679 289 863 324 miraculum
879 318 889 334 ‚
926 305 983 337 quo
1010 302 1109 325 mater
1149 296 1180 330 A

1146 1665 1185 1696 D·
1210 1666 1269 1699 Ρο5
1295 1680 1305 1695 2

1265 312 1282 319 -
1308 313 1325 319 -
1350 314 1367 320 -
1393 315 1410 321 —
1435 297 1603 342 appropria
1629 296 1730 343 quello
1756 311 1776 331 a
1799 308 1920 344 parte,-

1215 343 1247 377 &
1275 342 1319 378 fic
1345 343 1468 392 injuste
1496 346 1582 382 facit
1608 347 1721 394 ipsum
1749 347 1789 382 de
1826 350 1969 396 publico

1216 393 1411 441 privatum.
1443 397 1543 432 Unde
1569 398 1680 433 dicit:

1263 445 1302 478 Si
1327 445 1400 480 ch'&
1419 447 1503 491 sorte
1528 463 1548 483 a
1567 450 1662 482 veder
1680 448 1728 483 chi
1747 448 1851 495 piicfi
1871 449 1969 494 falli.

1214 494 1317 539 Quasi
1342 496 1464 532 dicat:
1496 498 1642 534 difficile
1668 499 1713 535 est
1740 499 1847 543 scire,
1889 501 1967 547 quis

1213 544 1368 592 injustius
1403 547 1521 583 induit
1548 562 1664 593 arma,
1705 549 1787 598 quia
1824 561 1966 594 neuter,

1213 594 1323 631 immo
1360 607 1504 644 uterque
1545 600 1674 645 pariter
1719 600 1850 636 insanit
1871 627 1879 635 .
1921 603 1968 637 Et

1212 644 1327 682 subdit
1363 646 1481 694 justam
1523 647 1798 693 increpationem
1845 661 1967 688 contra

1212 705 1394 743 utramque
1422 706 1576 744 partem.
1613 700 1659 732 Et
1695 699 1810 747 primo
1846 711 1966 737 contra

1152 751 1178 784 Β
1211 746 1411 781 Gibellinos
1439 746 1579 782 dicens:

1260 797 1398 831 Faccian
1425 797 1453 830 li
1478 797 1662 836 Ghibellin‚
1685 798 1808 842 faccian
1835 798 1891 834 lor’
1902 809 1968 835 arte

1211 845 1366 890 scilicet,
1395 856 1484 882 artes
1513 847 1597 883 belli
1625 849 1682 883 vel
1710 849 1825 897 pacis:

1260 899 1346 931 sotto
1372 898 1454 932 altro
1475 898 1593 947 segnog
1621 919 1850 927 ------

1209 948 1242 982 δε
1271 960 1349 983 ecce
1377 947 1537 984 causam:

1259 1018 1447 1026 -----
1473 1000 1524 1033 che
1550 1000 1614 1035 mal
1634 1000 1729 1047 segue
1754 1001 1857 1047 quello

1212 1047 1345 1084 scilicet
1361 1076 1371 1092 ,
1399 1048 1530 1097 fignum
1549 1063 1557 1085 ε

1258 1102 1384 1147 Sempre
1410 1102 1457 1135 cht
1485 1101 1518 1135 la
1540 1100 1694 1147 giustizt'a
1719 1115 1734 1135 e
1752 1101 1801 1136 lui
1819 1101 1963 1148 diparte.

1209 1149 1313 1195 Quasi
1334 1151 1448 1186 dicat:
1480 1152 1571 1186 male
1595 1150 1750 1198 sequitur
1771 1151 1966 1199 Aquilam,

1143 1211 1176 1248 C
1209 1201 1269 1247 qui
1299 1201 1472 1249 partizat.
1501 1204 1549 1237 Et
1575 1200 1627 1237 ita
1654 1215 1672 1237 e
1697 1212 1841 1237 contra:

1259 1254 1291 1286 E
1318 1265 1377 1286 non
1405 1251 1428 1285 t’
1440 1254 1570 1287 abbana
1596 1252 1654 1294 esto
1679 1254 1774 1287 Carlo
1794 1253 1917 1287 novello

1210 1300 1366 1342 scilicet,
1403 1304 1552 1338 Carolus
1592 1305 1726 1342 Vetus,
1776 1316 1878 1351 quem
1907 1316 1967 1352 ap-

1211 1353 1316 1398 pellat
1346 1354 1539 1388 Novellum
1558 1381 1567 1397 ,
1595 1353 1677 1401 quia
1707 1352 1839 1402 primus
1865 1353 1966 1389 venit

1208 1402 1244 1437 in
1272 1403 1438 1447 Italiam,
1465 1405 1498 1439 &
1527 1403 1713 1451 acquifivit
1734 1406 1893 1453 Regnum
1914 1404 1967 1439 Si—

1209 1454 1331 1488 ciliae.
1374 1454 1448 1499 Qui
1491 1456 1642 1489 multum
1671 1454 1894 1500 persequutus
1921 1454 1966 1489 est

1208 1503 1408 1538 Gibellinos
1425 1530 1435 1544 ,
1478 1505 1510 1537 &
1553 1503 1693 1538 reduxit
1719 1502 1899 1548 Guelphos
1927 1503 1965 1537 in

1209 1553 1422 1587 Florentiam
1450 1578 1459 1587 .
1514 1554 1560 1587 Et
1611 1551 1772 1587 fimiliter
1816 1553 1965 1588 Carolus

1209 1603 1361 1638 Claudus
1391 1602 1484 1637 filius
1502 1630 1511 1646 ,
1539 1603 1572 1637 &
1603 1605 1677 1637 Rex
1708 1603 1878 1637 Robertus
1906 1616 1966 1637 ne-

1352 1654 1502 1688 multum
1559 1651 1720 1687 faverunt
1774 1652 1966 1700 Guelphis.

1211 1704 1291 1737 [deo
1318 1702 1432 1737 dicit:

1259 1752 1431 1796 Co⁷Guelfi
1460 1752 1555 1797 suoi:
1591 1766 1642 1786 ma
1683 1762 1766 1787 tema
1805 1751 1891 1799 degli
1915 1764 1968 1787 ar-

1311 1803 1386 1849 agli

1211 1851 1312 1901 ipfius
1341 1852 1495 1900 Aquilae
1522 1852 1648 1888 fortis:

1261 1903 1351 1938 Ch’a
1377 1905 1435 1949 pila
1461 1904 1525 1938 alto
1551 1905 1616 1937 leon
1644 1901 1752 1949 traffer
1777 1903 1807 1936 lo
1834 1904 1943 1939 vello.

1213 1953 1293 1989 idest
1321 1955 1458 1992 lanam,
1496 1952 1565 1988 slve
1603 1954 1740 2000 pilum.
1782 1952 1886 1999 Quasi
1915 1953 1969 1989 di·-

1213 2013 1287 2039 cat:
1327 2003 1516 2039 denudavit
1561 2005 1593 2037 δε
1638 2003 1793 2051 privavit
1822 2004 1969 2052 majores

1215 2058 1342 2103 Reges,
1371 2053 1455 2089 ficut
1482 2054 1687 2102 jugurtham
1717 2055 1784 2089 &c.

1149 2115 1177 2148 E
1447 2109 1509 2140 Ad
1539 2105 1621 2147 Vers.
1657 2116 1734 2151 127.

1261 2159 1292 2190 E
1320 2157 1425 2189 dentro
1451 2170 1471 2189 a
1498 2156 1531 2189 la
1556 2155 1694 2202 presente
1721 2154 1917 2200 margarita.

1213 2208 1316 2242 Nunc
1327 2205 1536 2249 Justinianus
1557 2205 1750 2241 manifestat
1768 2206 1871 2240 aliam
1895 2199 1969 2240 ani-

1211 2271 1303 2292 mam
1333 2258 1533 2291 modernam
1563 2256 1604 2291 de
1646 2256 1784 2303 sphaera
1826 2257 1967 2290 Mercu-

1210 2307 1278 2352 rii,
1319 2320 1405 2355 quae
1442 2306 1511 2342 suit
1548 2307 1759 2342 mirabiliter
1787 2305 1902 2340 aelim
1930 2306 1967 2340 in

1211 2358 1286 2394 vita
1331 2357 1503 2393 mundana
1524 2384 1533 2391 .
1590 2357 1646 2392 Ad
1699 2356 1968 2392 declarationem

1211 2420 1326 2444 autem
1354 2407 1450 2444 istius
1487 2407 1685 2449 Historiae,
1722 2420 1808 2455 quae
1846 2405 1968 2442 multis

1211 2460 1255 2495 est
1292 2460 1430 2495 occulta
1467 2460 1500 2493 &
1537 2457 1741 2506 incognita,
1787 2457 1832 2492 est
1872 2467 1967 2503 prae-

1135 2520 1137 2536 l
1174 2553 1176 2558 λ
1211 2509 1410 2549 sciendum,
1438 2509 1529 2557 quod
1553 2508 1777 2554 Raymundus
1802 2505 1970 2549 Beringe-

1212 2561 1305 2600 rius,
1333 2560 1467 2596 nobilis
1492 2561 1621 2594 Comes
1651 2557 1969 2640 ProvinciaebNar—

1883 2618 1920 2640 0-
