2216 3105
448 263 503 303 47
754 245 1161 305 ANTJQLHT.
1207 245 1442 291 MEDII
1481 247 1662 290 AEVI
1901 256 1956 306 48

384 317 462 354 pag.
497 307 584 352 487.
619 306 739 341 Tomo
777 308 837 341 XI.
876 308 953 342 Rer.
992 305 1144 342 italicar.
1174 311 1222 347 ,Α

387 354 491 391 fidem
522 355 606 392 facit
634 356 675 391 ad
704 358 848 392 Annum
878 357 981 392 illum
999 383 1007 391 .
1035 359 1144 391 Gual-
1174 352 1177 361 ’

387 418 516 442 vaneus
542 408 583 443 de
610 408 642 442 la
665 408 822 442 Flamma
844 407 1039 443 Historicus
1067 407 1145 453 syn-

386 455 562 496 chronus,
599 459 717 493 Tomo
755 460 835 493 XII.
876 461 952 494 Rer.
993 458 1143 494 italicar.

386 519 463 555 pag.
495 519 602 555 1031.
631 508 760 548 tradit,
790 509 1008 544 efformatam
1047 508 1144 545 fuisse

385 558 554 606 ejusmodi
582 559 795 607 perditorum
823 559 1006 595 hominum
1028 559 1143 595 Socie-

384 617 493 643 tatem
533 611 640 644 Anno
676 612 918 646 MCCCXLI.
947 623 1016 658 quo
1053 620 1142 645 tem-

384 671 467 707 pore
489 659 501 705 (
520 659 596 695 sunt
623 660 695 708 ejus
716 660 849 708 verba)
870 660 1048 707 congregati
1065 661 1143 705 sunt

383 709 452 742 viri
470 709 614 753 scelerati
639 712 680 745 (9¹
701 711 841 757 pestiferi
864 725 900 744 ex
919 711 1064 757 partibus
1087 716 1140 745 A-

383 759 585 800 lamanniae,
622 761 757 804 Italiae,
795 761 944 805 Tusciae,
972 761 1027 807 qui
1061 761 1141 795 Δὶἑῗὶ

376 809 456 853 sunt
481 811 635 847 Societas.
673 814 719 846 Et
740 811 871 855 suerunt
905 812 1041 845 homines
1071 811 1140 851 sine

379 859 480 907 jugo,
504 862 616 909 absque
643 866 750 909 Rege,
774 862 886 908 absque
911 863 997 908 lege,
1021 862 1138 895 viven-

382 920 429 944 tes
462 912 501 945 de
536 912 677 959 rapinis,
706 912 789 947 nulli
821 922 979 958 parcentes
1014 911 1137 946 aetati.

382 961 431 995 Hi
447 961 576 1005 fuerunt
593 962 661 996 viri
686 961 865 1004 instabiles,
884 961 970 996 doffli
988 963 1031 996 ad
1054 975 1138 995 omne

377 1011 497 1056 scelus,
527 1014 688 1047 Civitates
723 1011 769 1050 (φ
804 1013 916 1053 Castra
951 1011 1138 1052 obsidentes.

381 1063 480 1098 Audi
513 1061 550 1098 &
579 1062 787 1099 Chronicon
824 1061 1026 1098 Mutinense
1064 1063 1138 1096 To-

382 1126 442 1148 mo
480 1116 541 1148 XI.
577 1113 729 1161 ejusdem
765 1111 1005 1148 Colleffionis
1043 1124 1138 1146 meae

382 1166 512 1200 Rerum
561 1163 712 1198 Italicar.
754 1163 796 1198 ad
837 1162 950 1209 ipsum
992 1163 1137 1196 Annum

381 1215 644 1250 MCCCXLH.
672 1215 800 1258 Magna
835 1212 972 1247 Societas
1008 1215 1138 1246 Germa-

382 1277 489 1299 norum
510 1263 603 1308 faft'a
626 1262 671 1306 ,eft
695 1263 792 1296 trium
818 1262 954 1296 millium
978 1262 1021 1295 (J
1045 1262 1139 1308 quin-

377 1325 541 1363 gentorum
576 1314 760 1349 bellatorum
800 1313 937 1360 equitum
978 1311 1024 1350 ὅγ’
1063 1312 1138 1358 plu-

380 1368 486 1400 rium:
522 1379 556 1400 ac
594 1365 681 1398 mille
713 1374 895 1410 puerorum,
932 1361 1138 1396 meretricum-

379 1430 456 1464 que,
479 1415 524 1455 ὠ
548 1414 710 1449 inutilium
734 1414 867 1449 aliorum
891 1412 989 1455 castra
1006 1412 1137 1457 sequen-

379 1469 458 1502 tium
496 1477 562 1501 erat
597 1466 689 1499 turba
725 1465 853 1509 ingens.
893 1462 984 1497 Vide
1019 1460 1057 1496 &
1095 1462 1136 1497 ad

379 1516 538 1553 eumdem
568 1518 713 1550 Annum
741 1512 950 1548 Chronicon
978 1511 1135 1553 Estense‚

378 1567 415 1603 ἃ
454 1567 610 1602 Annales
651 1562 906 1601 Bononienses,
948 1561 1040 1597 idern
1083 1570 1134 1597 te-

377 1618 527 1660 stantes,
563 1614 623 1650 ubi
662 1614 763 1662 hujus
803 1611 988 1648 Societatis
1032 1611 1134 1647 duces

377 1668 493 1717 primo
520 1665 618 1701 fuisse
648 1665 832 1700 traduntur
859 1662 977 1697 Heelor
1003 1664 1042 1697 de
1067 1666 1134 1697 Pa-

377 1719 464 1756 nico,
491 1715 538 1754 &
566 1715 769 1760 Mazarellus
802 1715 840 1748 de
875 1717 1027 1759 Guzana,
1056 1721 1132 1747 tum

377 1767 567 1803 Guarnerius
605 1768 685 1800 Dux
723 1763 961 1800 Teutonicus.
996 1762 1133 1810 Copio—

376 1819 441 1854 s10r
476 1817 513 1853 in
550 1816 622 1851 dies
663 1814 754 1850 fagia
799 1815 862 1850 illa
907 1813 1132 1862 grassatorum

376 1867 568 1906 colluvies,
596 1866 646 1901 ita
674 1875 712 1901 ut
749 1865 981 1912 appellaretur
1017 1877 1134 1910 magna

376 1920 532 1957 Societas,
570 1916 752 1955 senenses,
792 1914 990 1953 Perusinos,
1027 1915 1133 1949 Arre-

375 1969 490 2008 tinos,
513 1966 776 2005 Ariminenses,
797 1964 1027 2008 Caesenates‚
1049 1966 1133 2000 Mu-

375 2020 546 2058 timentes,
585 2016 791 2065 Regienses‚
829 2018 1064 2054 Mantuanos,
1097 2029 1132 2050 a-

374 2069 510 2117 liosque
549 2069 701 2116 Populos
737 2066 867 2102 mirum
907 2066 946 2101 in
988 2065 1130 2100 modum

375 2120 530 2156 afflixit.

425 2170 615 2206 Succeffere
654 2168 778 2204 deinde
815 2167 903 2203 aliae
940 2166 1131 2202 Societates

374 2220 543 2270 ejusmodi
572 2219 806 2266 praedonum,
834 2230 979 2264 quarum
1008 2216 1131 2252 dueto-

373 2285 425 2306 res
451 2270 543 2306 fuere
568 2268 746 2303 Monrealis
770 2267 867 2315 supra
895 2277 1130 2309 memoratus,

375 2319 589 2358 Narbonensi
620 2319 656 2353 in
684 2317 804 2353 Gallia
834 2325 954 2356 natus,
982 2316 1028 2355 &⁴
1055 2317 1130 2352 Mi-

373 2373 422 2407 les
450 2370 566 2406 Sanzffi
594 2367 761 2413 johannis
787 2366 1127 2412 Hierosolymitani:

373 2432 448 2458 tum
477 2424 582 2455 Comes
611 2420 761 2458 Landus,
787 2422 894 2452 Comes
920 2418 1055 2456 Lucius,
1075 2421 1130 2452 Ἀ-

372 2472 536 2509 nicbinus‚
561 2470 693 2517 aliique
717 2482 758 2504 ex
785 2467 973 2503 Germania
1000 2468 1040 2503 ad
1067 2481 1129 2503 nos
1155 2378 1161 2615 Ι

371 2522 528 2559 ἀενεξὶὶ.
559 2523 588 2555 E
616 2520 752 2555 minore
779 2531 918 2566 quoque
946 2518 1130 2554 Britannia

373 2587 433 2621 per
460 2575 659 2608 Romanum
688 2568 897 2606 Pontificem
928 2568 1040 2605 accita
1070 2582 1129 2617 pa-

1237 319 1337 341 =rurn
1365 306 1541 343 diffimilis
1571 308 1748 347 Societas,
1785 308 1905 345 eodem
1936 314 2015 346 Sae-

1259 359 1338 392 culo
1367 358 1513 393 nefanda
1551 359 1768 394 crudelitatis
1807 359 1896 407 signa
1924 363 2014 396 Cae-

1257 406 1354 442 senae
1390 422 1428 443 ac
1465 408 1550 443 alibi
1587 409 1756 455 reliquit.
1795 410 1858 445 Sed
1895 409 1933 446 ὃς
1971 424 2014 446 ex

1257 457 1328 505 ipsa
1357 459 1482 506 majori
1512 459 1695 494 Britannia
1723 462 1922 507 Anglorum
1951 464 2012 498 So—

1256 509 1362 544 cietas
1391 510 1428 544 in
1457 510 1596 544 Italiam
1629 508 1769 544 invem
1806 510 1865 545 sub
1884 512 2012 555 soban-

1256 573 1292 591 ne
1321 563 1448 594 ,ducato
1485 560 1711 594 celeberrimo
1748 559 1862 604 duce,
1898 562 2012 597 varias

1254 607 1292 644 ἃ
1320 610 1391 657 ipsa
1423 610 1625 645 Provincias
1653 609 1826 645 aerumnis
1856 613 2013 647 cumula—

1254 659 1327 694 vit.
1359 660 1473 695 Mitto
1498 660 1648 707 reliquas
1673 673 1715 695 ex
1743 661 1898 700 Italicis,
1925 664 2012 697 Ger-

1254 711 1387 749 manis,
1425 711 1627 758 Hungaris,
1666 710 1812 758 aliisque
1849 713 2011 759 gentibus

1180 750 1227 802 ΒΞ
1254 759 1446 799 conflatas,
1484 774 1570 808 quae
1606 760 1798 796 identidem
1837 761 1874 796 in
1907 763 2012 798 Italia

1253 811 1494 857 pullulabant,
1532 824 1571 846 ac
1608 824 1665 859 per
1702 811 1876 859 reliquum
1908 815 2011 848 Secu-

1252 860 1279 895 li
1310 863 1406 896 XlV.
1435 874 1614 909 nunquam
1651 861 1773 910 praeda
1801 875 1839 896 ac
1868 862 2010 898 cedibus

1252 918 1509 958 temperarunt.
1549 913 1791 947 Benevenutus
1828 911 1869 947 de
1898 914 2012 949 Imola

1252 959 1290 995 in
1328 963 1603 998 Commentariis
1645 963 1758 997 MStis
1799 962 1841 997 ad
1883 964 2009 999 poema

1253 1011 1401 1049 Dantis,
1438 1011 1499 1058 qui
1536 1012 1752 1060 temporibus
1789 1011 1911 1047 iisdem
1945 1012 2007 1048 flo-

1251 1060 1350 1103 ruit,
1387 1060 1428 1094 ad
1457 1062 1560 1095 Cant.
1594 1074 1649 1096 12.
1681 1061 1765 1096 vers.
1793 1074 1852 1108 74.
1882 1063 1919 1097 in
1947 1076 2008 1098 ex-

1251 1109 1500 1144 clamationem
1529 1110 1627 1145 istam
1664 1112 1802 1154 erupit:
1842 1113 1926 1146 Proh
1952 1114 2010 1146 do·-

1219 1189 1222 1195 .
1249 1159 1326 1193 lor!
1353 1160 1386 1194 in
1412 1160 1484 1195 haec
1510 1171 1646 1208 tempora
1673 1155 1842 1205 infelicitas
1870 1176 1935 1196 mea
1963 1177 2008 1196 me

1220 1236 1221 1239 η
1248 1210 1400 1250 deduxit,
1428 1221 1465 1244 ut
1489 1212 1630 1245 viderem
1657 1212 1748 1246 hodie
1775 1212 1913 1256 miseram
1938 1215 2006 1247 Ita·-

1248 1260 1327 1295 liam
1350 1261 1477 1307 plenam
1500 1260 1657 1295 Barbaris
1677 1260 1723 1299 (If
1742 1262 1918 1296 socialibus
1943 1276 2006 1296 om-

1249 1310 1335 1344 nium
1363 1313 1544 1345 nationum.
1573 1311 1651 1345 Het’c
1675 1313 1755 1345 enim
1777 1312 1855 1355 sunt
1879 1314 2005 1359 ⁸Angli-

1249 1361 1301 1399 εἰ,
1329 1362 1508 1396 Alemanni
1539 1361 1674 1404 furiosi,
1713 1362 1860 1397 Britones
1895 1365 2005 1403 bruti,

1249 1410 1397 1453 Vascones
1443 1422 1592 1458 rapaces,
1637 1413 1788 1458 Hcmgari
1827 1413 2007 1449 immundi.

1248 1461 1317 1506 Qui
1343 1474 1443 1495 omnes
1470 1472 1596 1495 currunt
1623 1462 1656 1496 in
1681 1462 1846 1507 perniciem
1871 1464 2006 1503 Italiae,

1248 1524 1306 1544 non
1343 1521 1409 1545 tam
1444 1512 1593 1551 viribus,
1632 1516 1725 1558 quim
1755 1513 1926 1555 fraudibus
1961 1512 2008 1550 (⁷9⁹

1245 1560 1498 1606 proditionibus,
1534 1562 1722 1597 Provincias
1747 1564 1926 1603 vallando,
1960 1561 2007 1600 &⁰

1250 1613 1343 1646 Urbes
1370 1611 1573 1656 nobiliffimas
1593 1611 1761 1658 spoliando
1778 1639 1786 1646 .
1815 1612 1906 1647 Vide
1933 1614 2007 1647 Ex-

1247 1670 1364 1709 cerpta
1392 1661 1428 1696 in
1457 1661 1522 1696 hoc
1551 1661 1626 1711 ipso
1655 1664 1774 1697 Tomo
1801 1676 1819 1697 a
1857 1675 1912 1698 me
1942 1676 2005 1711 pu-

1249 1711 1334 1747 blici
1362 1711 1447 1759 juris
1475 1711 1585 1746 fagia.
1624 1714 1669 1746 Et
1697 1712 1864 1759 quoniam
1893 1715 2006 1748 malo-

1246 1775 1323 1796 rum
1352 1762 1456 1808 quam
1494 1762 1665 1796 bonorum
1694 1763 1933 1809 exemplorum
1969 1776 2007 1798 a-

1248 1812 1316 1859 pud
1344 1819 1545 1858 corruptum
1583 1824 1688 1859 genus
1725 1812 1909 1847 hominum
1937 1812 2005 1848 fre—

1248 1861 1413 1909 quentior
1440 1874 1478 1896 ac
1505 1860 1645 1896 facilior
1672 1861 1716 1896 est
1746 1862 1930 1898 imitatio:
1962 1876 2005 1899 ne

1248 1912 1341 1947 intra
1378 1911 1487 1959 ipsam
1521 1911 1662 1959 quidem
1701 1913 1841 1947 Italiam
1879 1913 2005 1949 consti-

1248 1963 1294 1998 tit
1315 1960 1539 1997 nefandarum
1564 1961 1763 2010 hujusmodi
1789 1962 2005 2000 Societatum

1247 2013 1454 2048 inventum.
1481 2014 1609 2047 Earum
1635 2011 1727 2047 fama
1752 2026 1790 2048 ac
1814 2013 1901 2049 felix
1926 2027 2005 2062 pro-

1247 2063 1373 2111 greffus
1400 2062 1463 2098 vix
1489 2063 1673 2098 Gallorum
1703 2076 1801 2099 aures
1828 2063 2002 2112 pulsavit:

1194 2138 1201 2146 .
1248 2127 1355 2162 quum
1399 2112 1528 2161 perditi
1570 2112 1730 2149 homines
1772 2113 1823 2149 ibi
1866 2127 2006 2161 quoque

1247 2165 1284 2200 in
1313 2163 1469 2199 animum
1506 2162 1674 2199 induxere
1702 2163 1908 2199 Italicorum
1947 2177 2005 2212 ge—

1246 2214 1292 2250 sta
1320 2213 1512 2250 aemulari.
1551 2215 1672 2261 Itaque
1708 2227 1727 2248 e
1755 2214 1863 2249 variis
1890 2214 2005 2263 genti—

1246 2266 1306 2300 bus
1335 2263 1482 2300 collefila
1518 2262 1654 2311 ingenti
1691 2263 1865 2300 societate
1901 2262 2028 2300 innu—'

1244 2328 1337 2350 mera
1363 2315 1454 2349 mala
1481 2314 1631 2349 Gallicis
1660 2315 1804 2362 Populis
1831 2314 2003 2353 intulere,

1244 2366 1356 2401 immo
1391 2363 1428 2400 ἃ,
1464 2364 1568 2412 usque
1601 2364 1639 2400 in
1673 2364 1880 2412 Hispaniam
1911 2363 2002 2398 sum-

1245 2416 1300 2451 ma
1346 2415 1487 2450 audacia
1535 2424 1758 2463 penetrarunt
1785 2440 1795 2450 .
1843 2413 2001 2449 Thomas

1245 2464 1522 2514 VValfinghamus
1552 2465 1590 2501 in
1626 2465 1758 2501 Histor.
1785 2463 1826 2499 ad
1854 2465 2000 2499 Annum

1245 2518 1509 2552 MCCCLVH.
1535 2515 1605 2552 ait:
1635 2517 1701 2550 sub
1724 2514 1773 2548 his
1798 2513 1908 2548 diebus
1928 2515 2002 2559 sur-

1245 2568 1326 2602 rexit
1361 2566 1395 2601 in
1422 2568 1564 2603 Francia&
1599 2566 1659 2601 illa
1688 2564 1811 2610 [αωοβ
1840 2564 2000 2604 Societas,

1869 2627 1947 2662 quae
