2216 3105
307 207 386 256 269
624 198 988 242 DISSERTATIO
1015 197 1486 243 DECIMAOCTAVA.
1728 217 1810 255 270

246 271 328 307 pus,
357 258 634 305 Archicpiscopus,
672 261 748 292 Dux
776 258 922 292 Marchio
948 260 1002 293 vel
1026 262 1082 294 !A'
1113 259 1174 293 bus
1197 257 1437 293 cancellariae
1463 260 1715 304 Imperatorum
1739 260 1772 293 δ(
1800 261 1867 293 Re-

249 309 482 349 communitas,
511 308 650 354 aliquam
679 309 845 350 molestiam
872 309 900 342 ei
927 312 1002 343 Mo·
1026 299 1030 369 ¹

248 361 377 402 nasterio
413 359 545 401 inferat.
584 360 680 393 Huc
717 358 794 394 sane
821 360 1002 393 Communi-

246 410 323 445 tatis
357 409 491 444 mentio
528 410 670 444 innuere
699 409 865 451 videtur,
894 411 1002 445 Anno

246 458 375 495 Christi
409 461 690 495 DCCCLXXX.
726 459 824 495 fuisse
860 460 1001 495 Medio-

246 510 345 551 lani,
383 510 528 557 aliisque
566 511 599 544 in
630 510 812 554 Urbibus,
848 509 1000 545 Civium

247 562 382 608 Corpus
401 589 410 599 ,
448 561 502 595 cui
533 560 722 596 auetoriras
752 574 822 595 non
850 560 1000 604 deefi‘et,

247 611 385 657 quando
426 613 641 646 communitas
681 620 883 647 numeratur
921 625 999 646 cum

245 661 428 708 Episcopis,
484 663 642 701 Ducibus,
671 675 709 697 ac
737 662 1000 703 Marchionibus,

245 712 306 758 qui
330 713 448 747 orocul
465 712 571 747 dubio
594 712 758 757 potestate
779 713 890 747 multfi
910 711 1000 748 frue—

245 763 399 805 bnntur,
436 776 474 798 ac
504 764 674 805 Populum
704 763 891 811 regebant.
930 766 1000 799 Ve-

243 814 320 848 rum
348 813 433 848 adeo
461 813 678 861 ueregrinum
700 827 739 849 ac
760 813 911 849 insolens
932 813 1001 850 mi-

243 863 282 898 hi
309 863 447 898 videtur
469 877 509 898 eo
537 865 571 898 in
603 874 831 900 monumento
856 868 1000 898 Commu-

244 914 358 948 nitaris
396 927 552 951 nomen,
592 925 630 949 ut
668 915 784 954 notius
821 914 999 962 suspicer,

244 965 302 998 vel
330 967 436 998 Comes
465 978 525 1000 nro
553 966 767 999 communitas
791 965 855 1000 effe
882 966 1000 1013 legen-

243 1013 350 1056 dum,
381 1015 434 1048 vel
465 1014 630 1060 Diploma
661 1015 772 1053 iusum
802 1015 894 1050 inter
921 1015 998 1062 sup-

245 1064 419 1112 pofiticins
460 1066 607 1099 Chartas
650 1066 713 1101 esse
755 1064 997 1101 referendum.

246 1117 443 1149 Occurrunt
474 1114 549 1149 illic
578 1117 611 1150 ὃ(
649 1116 744 1157 alia,
777 1129 864 1163 quae
892 1115 1000 1163 suspi—

245 1164 381 1199 cionem
412 1163 481 1199 falfi
513 1165 580 1210 (ne
607 1165 746 1211 gravius
773 1167 920 1214 loquar)
949 1167 999 1201 le-

245 1216 342 1262 genti
371 1215 554 1261 ingerunt,
581 1215 773 1263 cujusmodi
802 1216 880 1251 sunt
900 1220 998 1251 Ana-

244 1265 389 1298 thematis
418 1264 661 1307 denuntiano,
698 1280 765 1312 qua
803 1280 916 1301 carere
945 1266 997 1302 so—

244 1316 318 1350 lent
357 1314 559 1359 Diplomata
591 1317 723 1362 Regum
761 1317 793 1350 ὃ(
823 1317 998 1364 Augusto—

242 1376 356 1412 rum3
399 1365 430 1399 3<
473 1365 607 1409 signum
648 1366 766 1399 Domni
806 1367 999 1412 Anfpranai

243 1415 455 1457 Cancellarii‚
493 1413 539 1452 esf
566 1416 720 1454 Gnidonis
750 1416 921 1462 Episcopi,
951 1416 997 1454 ὠν

243 1465 388 1508 Bosoni:
424 1478 511 1512 quae
547 1465 665 1500 omnia
704 1465 762 1501 sub
800 1479 866 1501 una
904 1467 996 1502 linea

242 1514 460 1550 referuntur.
498 1514 722 1551 Subscribunt
753 1514 789 1551 ἃ
819 1516 881 1551 31ἷί
911 1518 996 1562 Epi-

242 1565 365 1612 scopi,
393 1566 426 1599 δ(
454 1566 553 1609 Risus
580 1567 789 1606 Cardinalis‚
821 1565 858 1603 ὃ(
885 1571 998 1602 Petrus

243 1617 433 1651 Visecomes.
468 1617 520 1651 At
556 1616 618 1652 ista
647 1616 832 1653 abhorrent
862 1631 881 1653 a
917 1617 997 1655 riti-

1113 321 1194 357 gum
1233 306 1432 355 praesertim
1462 307 1560 341 illius
1595 308 1783 355 temporis.
1820 310 1867 343 Et

1112 359 1216 393 Guido
1243 358 1413 405 Episcopus
1439 356 1603 404 Pupiensts
1619 382 1629 396 ,
1666 358 1794 393 tabulis
1822 358 1866 393 iis

1113 408 1348 451 subscribens,
1384 408 1526 454 ignotus
1563 406 1631 442 fuit
1664 407 1867 456 praeceden-

1113 459 1207 496 tibus
1247 472 1361 494 rerum
1398 456 1639 493 Ticinenfium
1681 457 1867 506 Scriptori-

1114 510 1194 545 bus.
1222 511 1308 545 Sunt
1333 510 1366 544 δε
1394 508 1485 552 alia,
1509 521 1598 556 quae
1621 507 1772 544 omitto.
1799 510 1868 544 Ce-

1113 569 1225 596 terum
1264 573 1333 595 non
1364 558 1607 603 diffimulabo,
1644 559 1733 607 apud
1770 560 1867 594 Mar-

1114 610 1245 647 culfum
1274 610 1490 653 Au6³corem‚
1519 619 1557 645 ut
1584 610 1758 653 creditur,
1789 611 1867 645 Sae-

1115 662 1186 697 cuIi
1223 660 1398 709 Septimi,
1437 661 1638 696 Formulam
1675 660 1868 707 Septimum

1114 712 1207 747 hisce
1233 712 1349 747 verbis
1376 711 1440 747 effe
1468 721 1695 759 conceptam:
1730 711 1869 756 Piiffimo

1113 776 1149 797 ac
1165 763 1449 810 praecellenttffi‘mo
1466 765 1585 797 Damno
1606 763 1661 795 illo
1677 762 1763 808 Regi
1777 764 1868 796 Com-

1115 827 1204 847 mune
1231 814 1340 852 illius,
1365 812 1500 848 scilicet
1522 813 1699 848 Civitatis.
1727 812 1780 847 Ibi
1808 825 1868 848 au-

1114 873 1185 898 tem
1215 863 1362 911 postulat
1393 864 1543 912 Populus
1572 862 1793 898 successorem
1821 865 1868 898 E-

1115 913 1247 961 piscopi
1275 913 1449 948 defunRi.
1487 916 1539 948 At
1573 913 1643 948 istis
1672 913 1785 948 verbis
1814 913 1869 948 ni-

1113 964 1165 999 hil
1191 963 1284 999 aliud
1311 963 1496 1012 fignificari
1524 963 1662 999 videtur
1688 963 1749 999 nifi
1776 963 1868 1010 quod

1114 1014 1212 1063 supra
1240 1014 1394 1050 vidimus
1411 1042 1421 1058 ,
1449 1016 1530 1048 Ordo
1556 1015 1590 1049 δ(
1618 1015 1712 1048 Plebs
1738 1015 1868 1048 Civita-

1113 1075 1199 1104 νων),
1225 1064 1350 1113 quibus
1378 1066 1431 1114 jus
1458 1074 1530 1100 erat
1557 1065 1594 1100 in
1623 1064 1794 1100 eleffione
1822 1067 1868 1100 E-

1114 1115 1355 1163 piscoporurn.
1393 1115 1456 1150 Sed
1486 1129 1529 1150 an
1557 1113 1595 1150 &
1623 1115 1659 1150 in
1697 1115 1867 1163 regimine

1114 1165 1215 1200 civili
1244 1165 1464 1201 aufi'toritatis
1492 1165 1627 1213 aliquid
1655 1165 1784 1209 fuerit,
1812 1166 1868 1201 in—

1114 1225 1245 1251 certum
1275 1216 1338 1251 est.
1375 1216 1521 1251 Solicite
1553 1226 1669 1252 tamen
1699 1217 1868 1251 adnotan-

1113 1266 1174 1300 dus
1212 1267 1309 1302 locus
1346 1266 1398 1313 (ss
1435 1276 1552 1302 tamen
1589 1267 1640 1302 ita
1672 1267 1867 1302 Marculfus

1112 1315 1266 1363 scripfit,
1303 1330 1409 1362 quum
1439 1316 1634 1365 Bignonius
1669 1317 1720 1352 ita
1750 1319 1866 1366 legen—

1113 1366 1194 1400 dum
1217 1366 1411 1413 censuerit)
1433 1376 1471 1402 ut
1491 1368 1754 1416 intelligamus,
1775 1370 1866 1404 mul—

1112 1417 1146 1451 τὰ
1183 1416 1349 1451 vetustate
1386 1417 1454 1452 niti
1493 1431 1621 1453 nomen
1658 1420 1866 1455 Communis.

1113 1469 1232 1512 Atque
1269 1466 1434 1502 haffienus
1462 1481 1480 1502 a
1518 1481 1573 1503 me
1601 1469 1756 1517 congesta
1784 1483 1867 1506 con-

1111 1516 1284 1565 jungenda
1330 1527 1430 1552 erunt
1476 1531 1554 1553 cum
1598 1518 1664 1562 iis,
1701 1533 1788 1567 quae
1829 1521 1866 1556 in

1111 1566 1285 1614 praedifi’ta
1315 1567 1492 1603 Dissertat.
1522 1570 1634 1604 XLV.
1670 1571 1708 1604 de
1734 1569 1867 1614 assumta

1111 1616 1248 1664 Reiprtb.
1269 1618 1374 1663 forma
1402 1617 1490 1655 infra
1519 1619 1649 1656 Lefflor
1677 1620 1848 1669 accipiet.

1632 2582 1810 2619 EXCER<
