2216 3105
440 224 520 266 135
728 212 1133 274 ANTIQUJT.
1178 218 1415 263 MEDJJ
1455 222 1636 266 ΑΕΗ
1858 234 1938 280 136

370 334 595 378 ''Bonifacii
644 341 886 385 Marchionis
917 347 954 386 δε
987 343 1105 387 Ducis
1136 344 1301 387 Tusciae
1341 343 1553 401 Diploma,
1594 360 1674 402 quo
1717 345 1852 389 omnia
1883 345 1967 401 jura

521 397 559 438 δε
591 397 800 456 Privilegia
843 405 1083 446 Monasterio
1126 404 1337 447 Pistorienfi
1379 404 1510 446 Sane‘sti
1552 404 1848 448 Bartholomaei

803 463 1034 517 confirmat,
1064 462 1215 505 circiter
1245 467 1409 506 Annum
1447 466 1569 517 1048.

373 597 397 614 ‚,
474 574 510 606 N
538 573 681 610 nornine
717 577 839 612 SanRe
880 577 917 614 ἃ
946 579 1129 615 individue
1168 581 1197 615 A
1241 607 1264 625 ‚‚
1292 579 1533 616 molendinum
1562 594 1668 616 unum
1697 581 1735 616 in
1768 579 1912 617 Pistoria
1939 582 1991 629 ju—

371 647 397 664 „
499 624 711 678 Trinitatis,
756 628 956 665 Bonifatius
987 632 1067 665 Dux
1095 632 1127 665 8<
1240 658 1263 676 ‚‚
1290 630 1335 665 sta
1365 632 1469 666 Porta
1496 631 1613 666 Sansti
1644 631 1737 667 Petri
1760 644 1864 679 prope
1885 642 1991 679 ponte

373 696 397 714 „
429 673 590 708 Marchto
618 674 738 711 divina
762 676 899 714 favente
920 680 1127 716 clementia.
1239 709 1263 727 „
1290 681 1455 729 Gratuli3
1499 682 1554 717 seu
1592 695 1671 717 cum
1699 681 1862 716 omnibus
1890 682 1991 717 terris

372 746 397 764 „
426 724 465 784 Si
499 724 703 782 Sanfi'torum
743 728 808 763 Dei
836 730 912 765 loca
941 730 1050 766 nostra
1076 732 1129 780 ju-
1239 759 1263 778 ‚,
1291 731 1330 766 ad
1360 731 1471 779 ipsum
1508 730 1734 767 Coenobium
1781 731 1991 778 pertinenti—

371 798 396 815 „
425 771 469 806 sta
499 776 654 816 potentia
683 776 925 821 sublevamus,
953 783 986 816 &
1009 795 1128 818 eorum
1239 810 1262 827 ‚‚
1292 782 1373 820 bus,
1403 784 1457 817 vel
1479 782 1868 830 ubicumque'locorum
1889 781 1994 829 ipfius

372 848 398 866 ‚‚
428 824 592 861 Region-es
618 876 625 884 ¹
643 829 816 876 oppreffos
867 830 1089 868 sustentamus
1119 858 1129 872 ‚
1239 860 1262 877 ‚‚
1288 832 1494 868 Monasterii
1523 833 1640 881 predia
1667 833 1811 868 inventa
1839 831 1990 871 fuerint’

371 898 395 916 „
425 876 562 910 culmen
592 876 803 925 d1gnitatis,
845 880 882 916 &
921 881 1064 918 salutem
1094 884 1153 928 a-'
1237 910 1261 928 ‚‚
1290 896 1368 918 cum
1396 883 1559 919 omnibus
1589 882 1810 931 pertinentiis
1838 880 1876 917 ἃ
1898 882 1991 931 adja-

370 949 396 967 ‚,
424 924 520 983 nime
549 927 657 963 nostre
685 929 928 967 indubitanter
959 932 1152 1005 subfisterel
1205 919 1209 1011 1
1239 961 1261 978 ,,
1291 933 1418 969 centiis
1446 933 1534 973 suis,
1563 933 1619 969 seu
1647 947 1724 969 cum
1753 932 1916 968 omnibus
1938 932 1991 968 su—

370 999 395 1017 „
424 976 615 1013 credimus.
653 981 830 1024 Quocirca
857 983 1017 1019 omniurn
1047 987 1152 1019 San-¹
1239 1011 1262 1029 ,‚
1291 982 1484 1030 perioribus
1503 986 1561 1019 vel
1586 983 1832 1022 inferioribus,
1862 982 1991 1030 pratis,

370 1050 395 1068 ,‚
424 1026 479 1062 &e
517 1028 584 1064 Dei
613 1030 762 1067 Ecclefie
801 1033 1062 1082 nostrorumque
1090 1034 1131 1068 fi-
1174 1029 1201 1062 Β
1239 1060 1262 1079 ‚,
1291 1033 1430 1077 vineis,
1458 1033 1616 1081 pascuis,
1644 1033 1759 1071 silvis,
1796 1032 1920 1079 aquis,
1957 1045 1991 1067 a·

371 1100 396 1118 ‚,
425 1077 555 1113 delium
586 1079 796 1128 presentium
839 1083 973 1120 scilicet
1010 1098 1048 1119 ac
1077 1084 1130 1120 fu·
1240 1111 1263 1129 ‚‚
1290 1095 1506 1130 quarumque
1526 1082 1738 1122 decurslbus,
1760 1081 1992 1121 molendinis,

371 1150 396 1168 ‚‚
426 1136 584 1164 tut-orum
614 1132 755 1167 noverit
784 1132 949 1174 solercia,
978 1135 1132 1182 qualiter
1240 1161 1262 1179 ‚‚
1291 1133 1572 1182 piscacionibus,
1601 1134 1728 1178 servis,
1764 1134 1797 1167 &
1826 1133 1994 1171 ancillis,

368 1200 394 1219 a>
423 1193 485 1214 nos
530 1181 691 1226 recepisse
738 1184 964 1226 Monasterium
1016 1186 1132 1221 Sanc‘Zi
1240 1211 1263 1228 ‚‚
1291 1184 1414 1223 aldiis,
1452 1182 1490 1219 &
1528 1183 1753 1222 aldianabus‚
1795 1182 1899 1222 cafis,
1937 1196 1993 1218 ca—

368 1251 393 1270 „
421 1230 656 1270 Bartholomei‚
684 1235 765 1279 quod
783 1234 824 1274 esl
849 1234 1024 1279 subjetfi'um
1046 1239 1131 1270 San-
1239 1262 1262 1280 ‚‚
1293 1235 1411 1282 pillis,
1440 1234 1620 1279 Castellis,
1658 1234 1762 1269 cultis
1803 1234 1836 1268 &
1877 1233 1993 1268 incul-

367 1301 393 1319 a,
421 1279 467 1314 ἑῖἱ
500 1281 665 1324 Iohannis
706 1285 914 1330 Evangelrste
954 1286 1131 1327 Parmensis
1239 1312 1262 1331 ‚‚
1291 1285 1357 1320 tis:
1398 1284 1453 1319 seu
1491 1298 1568 1320 curn
1596 1285 1780 1322 omnibus,
1817 1296 1884 1331 que
1919 1282 1992 1318 dici

368 1351 393 1370 a,
421 1331 630 1373 Monastert‘t',
670 1331 706 1369 ὅ(
735 1334 779 1369 est
808 1334 907 1370 sltum
937 1335 1048 1377 foris,
1091 1335 1127 1372 δὲ
1239 1362 1261 1380 ‚‚
1290 1336 1345 1370 vel
1375 1335 1549 1370 nominari
1579 1335 1735 1383 possunt,
1778 1333 1817 1368 ad
1847 1333 1990 1368 eandem

367 1402 392 1420 η
422 1394 526 1429 prope
555 1380 720 1419 Civitate
749 1385 914 1425 Pistoria,
944 1400 1022 1422 cum
1051 1400 1127 1422 om-
1237 1413 1260 1431 ‚‚
1289 1385 1479 1420 Abbatiam
1509 1399 1651 1433 quoquo
1678 1385 1784 1420 modo
1812 1383 1989 1431 pertinen-

369 1452 393 1471 „
421 1431 524 1467 nibus
552 1431 620 1468 suis
650 1435 872 1477 pertinentiis
900 1445 971 1471 tam
994 1437 1030 1472 in
1053 1436 1126 1480 ipso
1236 1463 1259 1480 ‚‚
1288 1436 1381 1471 tibus
1419 1435 1687 1479 confirmamus,
1741 1444 1844 1482 atque
1886 1442 1990 1482 prout

369 1503 393 1521 υ
422 1481 611 1518 Comitatu
635 1484 848 1526 Pistorienfi‚
869 1488 972 1533 quam
994 1487 1030 1522 in
1052 1487 1127 1523 Co—
1153 1484 1197 1536 ί(ἶ
1236 1514 1259 1531 ,,
1288 1486 1370 1534 juste
1397 1487 1429 1520 8<
1460 1487 1620 1534 legaliter
1660 1487 1854 1534 poffumus,
1891 1483 1991 1519 omni

369 1553 395 1572 „
423 1533 552 1568 mitam
582 1535 812 1574 Florentino,
849 1535 1050 1572 interventu
1089 1551 1126 1572 ac
1209 1525 1258 1584 l„
1287 1537 1392 1571 modo
1420 1537 1703 1576 corroboramus,
1740 1549 1781 1570 eo
1824 1534 1990 1569 videlicet

368 1604 392 1621 υ
421 1582 593 1630 petitione
631 1586 753 1620 Kadoli
787 1587 963 1627 Parmensis
1001 1588 1126 1634 Episco—
1235 1615 1257 1631 ‚‚
1285 1586 1431 1629 ordine,
1468 1597 1506 1622 ut
1543 1588 1658 1622 nullus
1701 1589 1803 1624 Dux,
1845 1583 1989 1632 Episco-

367 1653 392 1671 „
417 1634 474 1680 pi,
502 1633 649 1669 nostram
677 1636 807 1672 obnixe
835 1636 1036 1686 efflagitasse
1057 1639 1127 1673 cle-
1234 1665 1256 1681 n
1285 1650 1366 1684 pus,
1408 1639 1558 1676 Comes,
1599 1636 1795 1675 Gastaldio,
1832 1633 1987 1670 sculdas-

364 1703 393 1722 ³²
422 1683 589 1718 mentiam
608 1710 619 1724 ‚
664 1695 837 1733 quatenus
878 1701 930 1723 res
980 1702 1126 1728 omnes,
1232 1716 1255 1733 ,,
1284 1687 1369 1726 ssus,
1399 1688 1454 1722 vel
1483 1687 1612 1734 aliquis
1641 1688 1800 1733 publicae
1828 1684 1878 1720 rei
1907 1697 1988 1720 exa--

367 1753 393 1772 ³2
421 1747 508 1781 quae
535 1734 732 1782 supradicto
760 1736 925 1774 Cenobio
949 1739 1124 1774 Monaste-
1232 1766 1255 1783 ‚,
1284 1738 1360 1772 &tor
1401 1737 1442 1771 de
1479 1737 1670 1783 pretaxatis
1698 1736 1797 1771 rebus
1835 1734 1989 1782 supradi-

367 1804 392 1821 υ
420 1784 474 1819 rio
510 1785 627 1821 Sanfi‘ci
665 1787 905 1824 Bartholomei
944 1790 1018 1837 jure
1047 1803 1125 1836 pro·
1233 1817 1256 1832 „
1284 1788 1379 1823 cotum
1408 1787 1630 1822 Coenobium
1655 1788 1708 1822 vel
1734 1786 1907 1821 Abbatem
1932 1785 1987 1820 vel

367 1855 392 1872 n
422 1835 609 1883 prietariO,
628 1839 682 1872 vel
704 1838 851 1886 alicujus
871 1839 980 1875 titulo
1001 1840 1124 1875 inscri—
1237 1866 1260 1884 ‚,
1288 1836 1457 1873 Monachi
1474 1862 1484 1876 ‚
1525 1837 1586 1885 qui
1624 1851 1685 1886 pro
1722 1845 1877 1884 tempore
1914 1834 1986 1870 fue-

368 1905 393 1921 „
423 1885 556 1933 ptionis
585 1887 756 1934 pertinere
782 1889 968 1929 videntur,
997 1890 1124 1926 confir-
1238 1917 1260 1934 „
1288 1889 1380 1927 rint,
1408 1887 1604 1934 inquietat-e
1631 1889 1686 1922 vel
1716 1886 1888 1922 disvestire
1914 1898 1988 1932 pte-

368 1955 394 1972 „
424 1949 517 1972 mare
567 1937 788 1986 dignaremur
838 1953 917 1975 cum
962 1941 1126 1976 omnibus
1163 1937 1208 1969 D?
1237 1968 1260 1984 ‚,
1289 1939 1426 1987 sumat3
1455 1937 1509 1973 sed
1538 1938 1654 1983 potius
1683 1938 1748 1973 hoc
1776 1936 1883 1972 nostre
1905 1948 1987 1971 con--

366 2006 395 2023 2,
424 1985 491 2022 suis
520 1988 742 2034 pertinentiis
770 2000 842 2025 tam
870 1991 908 2026 in
949 1991 1023 2039 ipso
1050 1990 1125 2027 Co-
1237 2019 1260 2036 ‚‚
1288 1988 1498 2025 firmationis
1542 1990 1708 2036 Precepto
1750 1988 1790 2023 de
1826 1986 1988 2022 omnibus

370 2056 395 2074 ³,
424 2037 552 2073 miratu
583 2038 774 2075 Pistorienfi
792 2065 803 2080 ,
832 2042 935 2088 quam
964 2044 997 2077 8<
1025 2041 1062 2077 in
1091 2056 1126 2077 a·
1237 2069 1260 2086 ‚,
1290 2041 1357 2088 jam
1386 2038 1489 2074 di&is
1509 2039 1608 2074 rebus
1633 2038 1857 2076 investitura,
1883 2049 1987 2084 quarn

371 2094 395 2124 2¹)
423 2087 483 2123 liis
520 2087 788 2137 Comitatibus;
827 2091 961 2128 scilicet
997 2091 1127 2139 Capel—
1236 2120 1257 2136 .‚
1285 2090 1428 2130 habuit,
1456 2098 1597 2129 teneat,
1641 2088 1857 2136 firmiterque
1887 2086 1988 2133 poffi-

370 2157 395 2174 a»
423 2138 493 2172 lam
522 2139 638 2174 Sancti
668 2142 808 2181 Mauri,
849 2142 911 2190 qui
948 2142 992 2177 est
1021 2142 1125 2189 posita
1237 2170 1259 2187 ,‚
1288 2141 1393 2183 (leat,
1430 2139 1539 2175 nostra
1579 2139 1809 2186 omniumque
1851 2138 1988 2173 violen-

371 2207 396 2226 ῃ
424 2187 460 2222 in
490 2190 568 2224 loco
596 2189 781 2236 Campilio
805 2205 883 2227 cum
905 2192 1039 2227 duobus
1060 2192 1126 2228 suis
1236 2220 1259 2237 „
1288 2201 1402 2227 torum
1453 2199 1587 2226 remota
1642 2189 1897 2225 controversia.
1954 2188 1989 2223 Si

373 2259 397 2278 ῃ
426 2239 652 2274 maffaricies.
689 2241 781 2276 Illud
811 2242 943 2281 etiam,
971 2242 1062 2289 quod
1093 2257 1127 2276 a—
1235 2270 1259 2288 ‚,
1287 2242 1364 2290 quis
1401 2240 1531 2290 igitur,
1572 2240 1665 2288 quod
1703 2240 1850 2275 minime
1878 2238 1988 2273 credi-

373 2310 398 2329 „
425 2289 504 2323 bere
531 2290 671 2325 videtur
698 2290 734 2325 in
763 2291 896 2331 Cafise,
921 2293 1127 2328 maffaricies
1207 2327 1210 2331 ,
1236 2321 1260 2337 ‚,
1289 2306 1385 2331 mus,
1428 2292 1528 2339 hujus
1571 2291 1679 2326 nostre
1707 2287 1985 2326 confirmationis

372 2360 396 2380 a,
424 2348 514 2383 tres,
557 2339 610 2376 seu
649 2340 685 2375 in
730 2341 930 2377 Galoniano
972 2343 1125 2379 mansum
1233 2371 1257 2387 ‚,
1286 2342 1445 2389 Precepti
1474 2341 1657 2388 quodlibet
1693 2350 1849 2389 ternpore
1876 2348 1985 2373 teme-

371 2413 395 2430 „
426 2403 554 2430 unum,
592 2392 628 2426 in
666 2391 854 2427 Cafavecla
895 2393 1048 2428 mansum
1088 2393 1153 2436 u—J‘
1233 2421 1256 2438 ‚‚
1283 2393 1392 2429 rarius
1431 2392 1585 2428 violator
1625 2391 1815 2429 extiterit,
1843 2387 1909 2423 fiad
1953 2387 1986 2423 se

371 2463 394 2482 ‚‚
423 2455 503 2477 num
527 2466 538 2481 ,
577 2441 614 2476 in
648 2442 858 2478 Petrolatica
898 2443 1051 2479 mansum
1088 2458 1127 2479 u-
1149 2442 1186 2484 ,E
1232 2471 1255 2488 ‚‚
1284 2443 1553 2491 compositurum
1592 2443 1665 2477 auri
1693 2440 1821 2486 optimi
1858 2438 1984 2475 Libras

369 2515 394 2531 ,‚
421 2506 527 2531 num,
555 2492 591 2527 in
613 2492 793 2541 Campilio
816 2493 971 2529 mansum
995 2507 1124 2533 unum,

369 2563 395 2584 a>
422 2544 463 2582 ad
500 2542 688 2593 Sophinito
723 2543 879 2580 mansum
916 2557 1049 2586 unum,
1087 2544 1124 2581 δε

1231 2521 1254 2539 ,,
1283 2504 1443 2533 centum,
1481 2494 1674 2528 medietatem
1701 2496 1834 2526 Kamcre
1861 2488 1983 2530 nostre,

1205 2495 1254 2596 i„
1283 2543 1319 2581 ἃ
1362 2544 1585 2581 medietatem
1628 2541 1762 2591 prefato
1812 2537 1988 2597 Monaste-

1811 2618 1835 2637 ‚9
1863 2603 1937 2628 [ἸΟ.
