2216 3105
400 208 480 251 547

382 254 420 285 Si
440 253 491 286 che
506 256 578 298 perh
599 268 658 290 non
671 256 725 297 fia
736 258 774 291 di
791 259 920 306 peggior
934 258 1088 306 greggt'a.
1133 259 1165 293 A

331 301 437 345 Quali
465 303 584 354 dicat3
613 319 655 342 ne
683 306 724 343 fit
750 308 792 344 de
819 322 921 358 grege
947 310 1089 345 damna-

330 359 448 389 torum
475 354 514 390 in
542 355 682 393 Inferno
698 385 706 394 .

577 411 641 444 Ad
668 409 750 455 Vetfi
780 413 838 456 58.

380 456 446 489 Ma
471 458 548 491 vedi
573 458 608 492 la*
635 459 688 493 κη’
699 460 808 496 anima
834 481 1020 489 -----

330 506 436 541 Nunc
466 508 572 544 Poeta
599 509 765 546 describit
791 511 908 547 virum
942 512 1088 561 lingula-

328 568 401 590 rem
419 580 430 595 ,
482 560 753 607 compatriotam
809 563 984 611 Vergilii.
1032 563 1088 597 Ad

329 606 428 653 cujus
463 608 686 645 intellectum
714 611 815 647 debes
857 612 952 659 prius
980 612 1088 656 scire,

329 656 423 702 quod
451 657 509 693 hic
536 672 647 695 novus
676 660 817 708 spiritus
846 662 915 698 fuit
944 663 1087 710 quidam

328 705 680 745 CivisMantuanus
707 711 852 747 nomine
888 714 1088 751 Sordellus‚
1116 724 1117 764 ᾗ

326 756 474 792 Nobilis
501 761 535 794 δε
564 760 711 808 prudens
739 761 871 802 Miles,
899 764 932 797 8<
961 763 1088 798 Curia·
1115 771 1117 799 ἶ

325 806 397 846 lis,
435 806 472 843 ὅ(
510 819 550 846 ut
586 810 697 858 aliqui
740 813 890 857 volunt,
931 809 1116 861 tempore¹

326 858 488 894 Eccelini
517 860 558 897 de
598 863 783 911 R0m2n0;
822 864 863 899 de
891 877 961 911 quo
989 863 1088 899 audi·
1114 857 1117 887 ²

326 907 365 943 vi
395 908 494 956 (non
522 920 640 948 tamen
668 912 834 962 affirmo)
872 913 954 949 satis
992 915 1087 963 joco-

326 958 400 994 sum
429 974 584 1002 novum,
620 963 714 1010 quod
753 964 906 1000 breviter
933 964 978 1000 est
1005 966 1086 1001 talis

326 1008 478 1047 formae.
508 1013 672 1049 Habebat
692 1015 878 1051 Eccelinus
898 1015 1084 1062 quamdam

325 1059 477 1097 sororem
516 1063 609 1099 suam
652 1065 753 1100 valde
794 1078 999 1106 veneream,
1045 1066 1086 1102 de

325 1124 394 1158 qua
431 1113 473 1148 fit
499 1115 624 1163 longus
653 1114 763 1151 sermo
805 1116 952 1152 Paradisi
981 1118 1085 1152 Cant.

325 1163 387 1197 lx.
429 1166 530 1209 Quae
569 1165 708 1201 accensa
750 1179 867 1202 amore
913 1167 1117 1214 Sordellig

324 1212 507 1251 ordinavit
545 1225 667 1255 caute,
703 1217 797 1264 quod
834 1217 897 1253 ille
937 1217 1086 1253 intraret

324 1264 366 1298 ad
403 1278 478 1300 eam
515 1275 674 1313 tempore
710 1266 825 1303 noetis
878 1281 936 1316 per
977 1281 1083 1304 unum

324 1314 487 1351 ostiolum
511 1316 674 1357 posterius
694 1317 793 1366 juxta
814 1319 1000 1366 coquinam
1022 1321 1085 1354 Pa-

322 1365 404 1401 latii
442 1370 478 1401 in
506 1367 669 1403 Civitate
697 1370 881 1412 Veronae,
919 1368 957 1405 &
1001 1369 1085 1417 quia

321 1415 360 1451 in
389 1416 488 1453 strata
517 1427 591 1453 erat
619 1428 719 1467 turpe
746 1420 970 1455 volutabrum
1005 1433 1084 1468 por-
1114 1411 1117 1472 Ι

323 1479 472 1506 corum,
509 1465 578 1504 fixie
616 1469 738 1517 pozzia
767 1469 990 1509 brodiorum,
1032 1470 1083 1505 ita

322 1527 363 1552 ut
389 1519 486 1553 locus
515 1520 615 1554 nullo
643 1519 749 1554 modo
773 1520 950 1555 videretur
971 1520 1083 1567 suspe-
1112 1537 1115 1578 1

321 1567 419 1611 Eius,
457 1568 608 1604 faciebat
645 1568 676 1604 se
705 1569 835 1618 portari
875 1583 934 1618 per
960 1584 1083 1618 quem·
1111 1581 1113 1613 4

321 1617 400 1652 dam
431 1618 567 1654 servum
590 1618 685 1654 suum
709 1619 813 1667 usque
834 1620 875 1655 ad
895 1620 1056 1656 ostiolum
1072 1648 1081 1664 ,
1111 1622 1154 1654 D

319 1668 382 1702 ubi
419 1667 571 1705 Cunitia
610 1679 726 1717 parata
763 1670 954 1718 recipiebat
980 1685 1080 1707 eum.
1110 1678 1111 1708 ἰ

318 1718 506 1754 Eccelinus
535 1728 650 1754 autem
680 1720 746 1755 hoc
774 1719 885 1763 scito,
913 1734 982 1756 uno
1007 1721 1080 1756 sero
1109 1730 1110 1759 ὲ

318 1779 461 1804 ornatus
490 1768 549 1804 sub
578 1769 690 1816 specie
718 1769 829 1814 servi,
867 1770 1079 1818 transporta-
1107 1793 1109 1820 J

316 1818 376 1853 vit
421 1819 639 1863 Sordellum,
683 1819 816 1855 >deinde
857 1821 1077 1869 reportavit.

315 1870 400 1913 Quo
430 1868 543 1909 saeco,
574 1869 809 1905 manifestavit
838 1870 869 1906 se
898 1871 1077 1916 Sordello,
1106 1897 1107 1901 ,

316 1916 355 1954 ὅ(
384 1918 500 1955 dixit:
539 1919 685 1965 Sufficit.
726 1924 776 1955 De
802 1932 896 1955 cetero
921 1922 1077 1964 abstineas

314 1973 453 2004 accedere
487 1973 532 2005 ad
557 1982 633 2014 opus
660 1981 725 2006 tam
760 1971 924 2015 sordidum
948 1983 1003 2016 per
1030 1973 1075 2005 lo-
1104 1999 1106 2014 ⁴,

314 2032 382 2053 cum
409 2030 475 2055 tam
496 2020 684 2064 sordidum.
722 2021 897 2057 Sordellus
934 2022 1076 2058 terrefa-
1104 2031 1106 2068 [

315 2069 391 2105 istus
419 2070 623 2119 suppliciter
651 2071 781 2119 petivit
805 2072 968 2116 veniam,
996 2085 1076 2121 pro-

314 2120 463 2156 mittens
491 2134 682 2169 numquam
711 2122 861 2170 amplius
894 2122 1006 2158 redire
1034 2123 1074 2159 ad

313 2169 487 2207 sororem.
525 2173 663 2208 Tamen
700 2172 851 2208 Cunitia
888 2173 1074 2209 maledicta

312 2221 425 2256 traxit
452 2235 530 2257 eum
559 2221 596 2257 in
626 2221 779 2271 primum
805 2222 949 2259 sallum.
976 2226 1075 2269 Qua—

313 2283 350 2306 re
386 2271 456 2316 ipse
497 2273 626 2307 timens
663 2273 868 2308 Eccelinum
906 2273 1074 2310 formida-

313 2319 519 2357 biliffimum
558 2322 742 2358 hominum
784 2322 835 2358 sui
876 2323 1073 2372 temporis,

311 2370 447 2406 receffit
484 2373 526 2408 ab
552 2386 616 2418 eo,
653 2386 757 2420 quem
794 2373 1005 2413 Eccelinus‚
1034 2384 1074 2410 ut

312 2420 457 2469 quidam
485 2422 622 2465 ferunt,
659 2423 744 2458 fecit
781 2422 891 2471 postea
919 2424 1071 2459 trucida-

313 2471 364 2507 ri.
404 2473 509 2508 Nunc
536 2473 578 2508 ad
605 2473 765 2509 literam.
808 2473 910 2509 Dicit
946 2475 1072 2524 Vergi-

313 2521 383 2557 lius
422 2521 554 2561 Danti:
595 2525 660 2559 Ma
699 2524 777 2559 vedi
811 2524 867 2570 ld,
913 2523 1071 2571 scilicet,

315 2571 491 2613 leorsum,

662 196 1134 242 BENVENUTI
1191 198 1643 244 IMOLENSIS

1253 279 1270 285 -
1295 280 1312 285 -
1338 281 1353 286 -
1381 281 1397 286 -
1423 259 1622 305 un’anima‚
1649 259 1727 296 ch‘a
1751 218 1875 306 p0st24

1253 311 1328 345 Sola
1349 310 1464 355 [olma
1489 329 1506 339 —·
1533 332 1847 339 --------

1203 362 1249 396 Et
1275 360 1353 397 heic
1381 371 1487 407 nota,
1514 362 1607 411 quod
1630 364 1736 398 Poeta
1761 362 1864 411 ponit
1883 366 1964 399 Sor-

1202 410 1333 447 dellum
1353 411 1546 461 separatum
1576 426 1594 448 a
1620 413 1851 449 multitudine
1887 426 1961 448 ma-

1201 474 1268 510 gna
1309 472 1498 499 ceterarum
1552 465 1747 500 animarum
1772 491 1782 508 ‚
1823 464 1960 500 ratione

1201 513 1450 549 excellentiae.
1477 515 1573 559 Quia
1600 514 1670 550 fuit
1686 514 1753 550 ·vir
1778 513 1957 563 singularis

1201 562 1344 598 virtutis
1371 563 1409 598 in
1430 565 1585 609 mundo,
1612 565 1705 601 licet
1719 564 1958 614 impoenitens

1199 612 1236 647 in
1273 614 1368 649 vita.
1411 615 1504 662 Ergo
1541 615 1875 662 ponit·Sordellum
1904 614 1960 650 so-

1199 663 1295 706 lum,
1345 663 1431 698 ficut
1471 664 1672 699 Saladinum
1716 665 1755 699 in
1797 665 1958 700 Inferno.

1201 714 1267 747 Vel
1296 712 1398 759 ponit
1425 712 1513 747 hanc
1541 713 1696 748 animam
1716 712 1847 751 solam,
1875 715 1960 749 idest

1199 762 1418 811 solitariam5
1457 762 1546 798 unde
1582 762 1710 806 audio,
1752 763 1844 811 quod
1873 763 1961 799 fecit

1200 813 1371 857 Librum,
1419 813 1480 860 qui
1527 812 1733 849 intitulatur
1782 814 1960 859 Thesaurus

1199 863 1444 908 Thesaurorum,
1489 876 1593 911 quem
1629 876 1823 911 numquam
1860 864 1957 901 vidi.

1198 915 1245 948 Et
1272 912 1382 948 dicit:

1249 984 1265 990 -
1291 985 1307 990 —
1335 985 1394 994 —<-
1421 985 1437 991 -
1463 964 1550 1010 verso
1577 965 1630 999 noi
1655 965 1831 1012 riguarda,

1198 1015 1245 1049 Et
1271 1027 1342 1049 non
1370 1015 1479 1050 currit
1507 1015 1548 1050 ad
1576 1015 1766 1050 videndum
1795 1028 1878 1054 nos,
1918 1015 1961 1050 fi-

1198 1073 1257 1099 cut
1284 1064 1347 1100 alii
1375 1064 1551 1105 fecerunt,
1596 1065 1679 1113 quia
1716 1078 1787 1100 non
1816 1065 1960 1101 videbat

1198 1116 1377 1154 umbram,
1406 1117 1463 1151 vel
1490 1115 1573 1164 quia
1598 1115 1842 1165 magnanimus
1863 1125 1958 1152 erat.

1196 1167 1244 1201 Et
1271 1165 1381 1201 dicit:

1247 1217 1368 1261 ,Quella
1395 1230 1432 1251 ne
1451 1216 1614 1265 ‘nsegnerd
1640 1217 1674 1252 la
1696 1218 1756 1252 via
1780 1217 1839 1261 pia}
1859 1216 1957 1259 tolla.

1197 1264 1300 1306 idest,
1338 1267 1508 1303 leviorem
1537 1266 1732 1303 ascensum.
1773 1271 1820 1303 Et
1846 1267 1958 1303 osten-

1196 1317 1272 1361 dit,
1301 1318 1480 1364 quomodo
1510 1327 1680 1355 venerunt
1707 1317 1748 1353 ad
1776 1330 1874 1361 eam,
1902 1317 1956 1352 di-

1198 1380 1297 1402 cens:
1826 1387 1828 1390 >

1249 1417 1409 1452 t'enimmo
1433 1434 1454 1454 a
1479 1420 1540 1453 [εἰ.
1568 1423 1594 1452 Ο
1619 1417 1728 1453 anima
1755 1419 1955 1462 Lombmdae,

1197 1467 1278 1513 quia
1307 1467 1347 1502 de
1370 1470 1518 1504 Mantua
1542 1478 1635 1507 erat,
1663 1468 1824 1504 Civitate
1844 1470 1956 1503 Lom-

1198 1516 1354 1552 bardiae.
1384 1519 1486 1563 Quas1
1509 1519 1625 1555 dicat:
1656 1532 1677 1553 o
1698 1518 1815 1554 anima
1843 1517 1957 1554 admi-

1195 1567 1316 1602 rabilis
1344 1567 1437 1604 inter
1464 1570 1699 1605 Lombardas!

1244 1621 1336 1651 Come
1355 1619 1382 1652 ti
1403 1619 1494 1661 flavi
1517 1622 1618 1656 altera
1638 1635 1653 1654 e
1671 1620 1876 1666 disdegnosa.

1193 1667 1288 1712 Quia
1325 1669 1499 1705 Sordellus
1537 1670 1606 1706 fuit
1646 1670 1865 1718 indignantis
1893 1684 1954 1706 na-

1193 1727 1310 1761 turae,
1339 1717 1377 1754 &
1405 1720 1470 1755 alti
1499 1720 1632 1763 animi,
1674 1720 1813 1767 quando
1855 1722 1954 1756 vide-

1193 1767 1251 1802 bat
1294 1769 1349 1802 vel
1382 1770 1544 1806 audiebat
1584 1770 1701 1818 turpia
1741 1772 1774 1805 8(
1803 1770 1951 1807 inhone-

1191 1816 1256 1853 sta.
1286 1817 1392 1854 Unde
1420 1820 1532 1856 dicit:

1242 1871 1274 1902 Ε
1295 1869 1345 1903 nel
1365 1883 1492 1905 muover
1510 1871 1598 1917 degli
1607 1871 1687 1906 orchi
1700 1871 1950 1912 onestaetarda.

1190 1919 1286 1962 Quia
1322 1929 1396 1954 erat
1433 1920 1487 1956 vir
1524 1922 1609 1957 bene
1637 1921 1867 1969 compositus,
1909 1920 1947 1957 Sc

1192 1970 1276 2004 bene
1302 1978 1476 2006 moratuS.

1444 2025 1507 2056 Ad
1534 2023 1615 2068 Vers.
1642 2024 1702 2070 76.

1239 2070 1315 2104 Abi
1331 2070 1428 2115 serva
1449 2073 1548 2107 Italia
1563 2097 1573 2112 ,
1603 2077 1637 2108 di
1657 2072 1891 2114 dolor’ostello!

1192 2122 1297 2155 Poeta
1333 2121 1420 2157 facit
1448 2136 1551 2158 unam
1580 2123 1848 2172 digressionem,
1891 2136 1950 2171 per

1190 2184 1294 2219 quam
1335 2171 1476 2208 invehit
1517 2185 1638 2210 contra
1693 2174 1832 2210 Italiam
1857 2199 1866 2212 ,
1912 2172 1949 2209 &

1192 2223 1401 2272 principales
1429 2225 1585 2261 auetores
1610 2226 1837 2262 desolationis
1858 2226 1949 2273 ejus.

1193 2274 1312 2309 Primo
1340 2288 1421 2324 ergo
1450 2276 1562 2312 sumta
1595 2276 1773 2312 occafione
1802 2277 1843 2312 ab
1869 2277 1949 2312 acria

1191 2324 1337 2360 duorum
1381 2328 1568 2375 proborum
1607 2328 1778 2372 Civium,
1820 2327 1881 2375 qui
1909 2340 1949 2362 0-

1192 2374 1387 2411 stenderunt
1422 2377 1546 2414 habere
1583 2388 1718 2414 tantam
1765 2379 1947 2414 caritatem

1192 2425 1232 2460 ad
1279 2427 1450 2474 patriam,
1501 2429 1714 2465 considerans
1761 2425 1947 2463 discordias

1193 2475 1317 2512 civiles
1355 2477 1560 2514 Italicorum
1599 2479 1635 2514 in
1672 2478 1822 2528 generali
1846 2504 1856 2520 ,
1903 2488 1946 2509 ex

1192 2538 1309 2562 amara
1345 2527 1591 2577 indignatione
1641 2530 1835 2611 exclamag:
1881 2527 1953 2564 Alai

1780 2591 1796 2612 a
1826 2590 1900 2614 ver-
