2216 3105
246 224 296 263 η

583 200 951 245 DJSSERTATIO
983 197 1417 246 SEXTADECIMAJ
1710 212 1761 252 14

184 278 220 314 9.
258 278 332 314 pag.
368 262 453 308 648.
490 259 714 308 Inscription.
752 261 943 309 Antiquar.
988 264 1021 298 A
1062 261 1100 297 in
1128 259 1230 295 sacris
1268 257 1387 297 mdis,
1415 264 1454 292 ut
1480 254 1542 292 fibi
1579 253 1821 292 accommodet

184 317 327 361 Quippe
367 313 419 348 ibi
457 314 500 349 L.
538 314 820 349 SVESTILIVS
856 314 944 348 AR-

183 365 474 400 GENTARIVS
495 364 561 398 AB
585 365 671 399 SEX
691 364 835 398 AREIS
861 361 943 409 (of-

185 414 311 450 ficinae
338 414 398 449 hic
426 413 566 449 videtur
596 414 722 462 locus)
752 415 841 448 SIBI
876 414 943 448 ET

182 466 229 501 L.
250 466 506 501 SVESTILIO
531 465 706 500 LAETO
727 465 944 500 NVMMV-

184 516 345 552 LARIO
368 517 432 550 AB
457 517 542 550 SEX
567 516 711 550 AREIS
736 527 944 550 monumen-

184 574 262 601 tum
300 565 401 614 ponit
416 593 432 609 ·⁷
452 567 500 601 Et
536 564 692 614 profecto
727 565 946 600 Nummularii
972 570 977 583 '

186 615 306 654 fuere,
344 616 405 664 qui
441 629 603 652 nummos
641 616 859 664 probabant,
901 628 943 650 an

185 666 343 715 germani
363 666 489 706 essent,
506 681 544 702 ac
564 666 640 716 justi
662 666 843 715 ponderis.
860 664 944 701 Rei-

184 716 296 752 nefins
322 717 417 752 idem
443 716 550 752 Claff.
580 719 606 752 Ι.
633 730 729 753 num.
761 728 843 764 139.
873 718 944 751 Ro-

185 780 324 802 manam
357 766 626 816 Inscriptionem
657 766 783 809 refert,
811 767 849 802 in
877 780 944 814 qua

184 826 426 854 memorantur
474 819 710 854 CORPORA
766 819 946 852 PAVSA-

188 870 410 907 RIORVM,
439 868 491 904 uti
519 868 700 904 Salmasius
729 867 862 907 edidit,
891 867 947 903 se'u

188 919 581 962 PAVSANIORVM,
602 919 656 955 uti
680 919 768 966 legit
788 918 946 954 Thoma-
976 937 979 946 =

189 967 294 1004 finius
332 966 369 1004 ὅ(
398 981 459 1016 pro
486 968 546 1004 suo
584 982 680 1004 more
716 971 796 1004 loco
831 971 949 1004 PAV-
977 984 980 1020 ᾗ

191 1020 454 1054 SARIORVM
493 1019 679 1067 legendum
723 1027 822 1066 putat
859 1020 949 1054 AU-

182 1070 486 1107 ›RARIORVM,
509 1078 548 1103 ut
571 1068 636 1103 sint
660 1068 840 1113 Aurxfices,
866 1082 949 1104 con-

192 1118 360 1167 jungendi
397 1131 475 1154 cum
503 1119 733 1165 Argentariis,
763 1132 850 1166 quos
886 1119 949 1154 ille

193 1167 306 1203 rursus
334 1177 576 1216 argenteorum
614 1169 861 1204 tantummodo
889 1182 949 1204 va-

193 1217 307 1253 sorum
339 1217 529 1257 Artifices,
558 1218 734 1266 agnoscit.
774 1221 950 1254 Incertum

194 1267 303 1304 adhuc
341 1278 451 1315 puto,
489 1267 573 1315 quid
610 1269 760 1312 Pausarii
794 1268 950 1308 fuerint,

193 1331 404 1366 quamquam
426 1318 606 1354 Salmafius
626 1318 663 1354 in
690 1318 796 1353 Notis
818 1318 858 1353 ad
879 1318 951 1354 Ca·
982 1339 983 1351 η

192 1369 357 1405 racallam
394 1368 568 1416 Spartiani
603 1381 677 1404 rem
714 1367 828 1404 statim
867 1368 953 1404 defi-

192 1419 268 1454 niat
308 1433 351 1455 ex
388 1421 493 1454 Msto
530 1419 589 1455 suo
625 1433 668 1455 ex
706 1432 776 1466 quo
813 1419 953 1467 quotie-

195 1468 358 1517 scumque
395 1469 499 1505 illum
536 1469 664 1518 cupido
700 1468 862 1509 inceffit,
899 1471 953 1505 lu-

192 1533 268 1555 cem
307 1529 509 1556 mutuatur.
553 1521 616 1556 Sed
654 1534 765 1568 neque
805 1520 953 1556 statuen-

193 1570 301 1610 dum,
338 1571 394 1618 agi
432 1571 509 1606 illic
546 1570 614 1606 fine
654 1571 876 1606 dubitatione
912 1571 953 1606 de

193 1620 298 1656 fabris
327 1621 569 1668 roffrgentariib
603 1635 711 1670 quum
750 1620 979 1670 plerumquel

195 1670 261 1706 hoc
298 1672 441 1707 nomine
469 1671 592 1707 diverfi
631 1672 764 1721 generis
792 1672 952 1720 negotia-
976 1665 979 1677 ⁸

194 1729 285 1756 tores
312 1721 504 1769 designatos
540 1721 756 1757 viderimus.
793 1723 827 1757 Si
858 1733 952 1758 vete-

193 1784 251 1809 ra,
279 1784 367 1817 quae
394 1784 465 1805 non
502 1770 764 1820 intelligimus„-
792 1781 864 1807 tam
903 1773 954 1808 fa-

195 1821 262 1856 cile
299 1821 473 1857 invertere
510 1822 653 1861 liceret,
688 1822 776 1858 mihi
815 1836 953 1871 quoque

194 1871 344 1906 liberum
371 1870 461 1908 foret
489 1885 550 1920 pro
577 1873 800 1917 Paufizriorum
840 1875 952 1922 legere
1005 1880 1009 1884 '

193 1921 432 1966 Pensuriorum,
470 1922 686 1969 pensantium
727 1923 861 1959 scilicet
900 1937 953 1959 ar-

196 1980 364 2020 gentum3
393 1972 446 2007 sed
475 1974 508 2008 8<
536 1987 600 2022 ego
628 1983 758 2010 temere
786 1974 821 2009 id
850 1974 953 2010 aude-

195 2035 288 2058 rem.
326 2023 476 2059 Fortaffe
513 2033 627 2059 tamen
666 2024 758 2060 nihil
795 2024 846 2060 ibi
883 2024 951 2059 im-

197 2072 423 2109 mutandum.
451 2077 577 2110 Seneca
605 2074 641 2110 in
670 2074 822 2123 Epistola
851 2077 950 2111 LVI.

195 2124 258 2157 Sed
278 2123 350 2169 jam
376 2138 422 2158 me
440 2124 488 2166 stc
513 2127 558 2160 ad
586 2126 690 2160 omnia
726 2125 785 2166 isla
810 2126 950 2165 duravi,

197 2182 232 2205 ut
265 2175 374 2208 audire
408 2176 463 2209 vel
502 2178 796 2212 PAVSARIVM
823 2177 951 2223 poffim,

196 2236 267 2256 vose
303 2225 489 2270 acerbiffima
528 2227 697 2273 remigibus
733 2228 834 2261 modos
868 2228 951 2261 dan-

196 2284 274 2307 tem.
296 2273 432 2321 Lipsius
452 2274 492 2310 &
513 2278 640 2312 Savaro
660 2277 847 2321 Pausarium
872 2291 951 2312 cen-

195 2322 269 2358 sent
296 2324 502 2368 Portisculum
527 2328 581 2361 vel
606 2330 825 2372 Hortatorem,
852 2331 951 2362 Grae-

195 2374 237 2407 cis
273 2379 379 2408 »ελευςὲι
413 2376 535 2412 difflmn
555 2401 564 2415 ,
609 2377 683 2424 quia
718 2376 765 2415 (39⁹
801 2379 953 2425 pergendi

196 2425 239 2459 (9'
275 2426 435 2473 pausandi
483 2431 584 2461 modos
624 2427 792 2475 remigibus
831 2434 920 2463 daret
941 2455 949 2463 .

196 2478 296 2521 Quae
332 2475 355 2511 fi
393 2490 473 2512 vera
509 2476 607 2517 sunt,
636 2478 816 2514 concidere
853 2478 950 2514 vides

198 2526 352 2563 Salmafii
375 2527 703 2577 interpretationem
728 2528 768 2564 de
788 2529 951 2574 Rausariis
976 2545 979 2564 ι

1063 313 1181 347 locum
1218 307 1393 350 Spartiani
1422 307 1463 342 de
1498 306 1606 351 Pausa
1631 306 1669 341 in
1697 306 1821 342 iisdem

1063 360 1185 397 sacris.
1224 361 1318 395 Nam
1355 357 1440 405 quid
1476 355 1601 405 quaeso
1628 356 1822 403 Argentarii

1064 410 1250 450 memorati
1270 409 1309 445 in
1330 407 1564 455 Inscriptione
1580 406 1630 442 'ab
1650 406 1726 453 ipso
1745 407 1819 441 Sal-

1063 461 1168 498 masio
1196 459 1386 507 descripta,
1414 458 1496 494 dum
1525 456 1621 492 Ifidis
1649 455 1687 492 &
1715 456 1822 493 Ofiri-

1064 512 1118 548 dis
1145 511 1325 546 simulacra
1352 506 1684 545 circumferrentur?

1116 564 1168 598 Ut
1204 570 1322 597 autem
1354 560 1392 596 in
1429 559 1589 595 semitam
1626 556 1821 606 regrediar,

1065 613 1128 662 qui
1165 612 1357 660 Trapeqitae
1393 609 1549 658 antiquis
1587 608 1681 644 fuere
1703 635 1713 651 ,
1753 607 1822 642 five

1064 661 1436 711 Argentarii‚-Seculis
1464 659 1706 709 posterioribus
1734 658 1823 693 diffi

1036 737 1037 743 κ
1067 714 1145 750 sunt
1163 713 1343 760 Campsores
1363 725 1380 746 a
1401 711 1535 747 Latino
1555 709 1707 752 cimbia,
1729 708 1823 755 quod

1067 764 1148 800 teste
1190 763 1370 799 Prisciano
1405 762 1442 797 in
1485 759 1673 810 praeterito
1709 758 1824 794 reddit

1066 814 1216 862 Campfi.
1252 815 1375 861 Atque
1415 812 1498 847 inde
1538 811 1646 847 etiam
1687 808 1824 846 emersit

1066 866 1300 901 cambiatorum
1328 876 1475 898 nomen.
1504 865 1580 898 Hos
1609 874 1702 897 nunc
1729 863 1823 894 Ban-

1066 916 1159 951 chieri
1174 929 1235 951 nos
1252 915 1466 963 appellamus
1478 941 1486 949 .
1503 912 1600 948 Galli
1619 913 1821 958 changeurs.

1066 967 1130 1002 Sed
1152 976 1285 1001 veteres
1306 965 1364 1000 illi
1385 964 1609 999 foenerabant
1634 961 1741 997 etiarn
1764 974 1822 1009 pe-

1067 1016 1229 1056 cuniam,
1254 1015 1322 1051 five
1347 1015 1534 1062 prestavano
1559 1015 1604 1049 ad
1630 1013 1743 1058 usura,
1769 1011 1824 1047 uti

1066 1080 1158 1103 nunc
1187 1066 1358 1102 dici-mus.
1387 1064 1535 1109 Nemini
1572 1073 1686 1099 autem
1716 1061 1824 1099 Chri-

1036 1118 1040 1160 J
1066 1117 1253 1153 stianorum
1290 1116 1453 1165 ignotum
1482 1115 1547 1159 est,
1576 1124 1635 1150 aut
1663 1114 1727 1149 effe
1763 1112 1823 1148 de-

1038 1164 1187 1211 ]beret‚
1225 1181 1243 1202 a
1279 1166 1404 1201 divino
1443 1167 1668 1213 Praeceptore
1707 1163 1823 1198 nostro

1066 1218 1204 1253 Christo
1232 1216 1460 1265 proscriptam
1489 1215 1587 1251 fuisse
1611 1214 1704 1262 spem
1733 1213 1824 1249 lucri

1064 1282 1081 1303 e
1103 1270 1254 1306 Mutuo,
1276 1277 1314 1302 ut
1336 1266 1490 1302 Caritati
1514 1266 1688 1301 virtutum
1711 1263 1823 1312 splen-

1064 1317 1257 1353 didiffimae
1300 1317 1376 1353 suus
1417 1316 1610 1353 servaretur
1650 1317 1748 1351 locus
1784 1314 1823 1350 in

1064 1378 1188 1415 gente,
1216 1381 1318 1415 quarn
1349 1367 1389 1402 ad
1417 1368 1538 1402 omnia
1567 1365 1752 1402 honestatis
1783 1378 1821 1400 ac

1065 1418 1252 1466 probitatis
1283 1417 1401 1453 officia
1439 1420 1533 1452 Deus
1564 1416 1742 1459 solicitat,
1771 1425 1822 1451 at-

1063 1482 1128 1516 que
1156 1478 1194 1503 ut
1222 1467 1370 1503 immani
1408 1467 1593 1502 hominum
1631 1465 1820 1515 cupiditati

1064 1519 1200 1555 frenum
1228 1518 1451 1565 injiceretur.
1480 1517 1544 1553 Sed
1572 1531 1679 1565 quum
1708 1526 1823 1552 extre-

1065 1583 1119 1604 ma
1156 1568 1382 1605 incommoda
1418 1567 1522 1603 civili
1558 1567 1717 1603 societati
1754 1567 1823 1602 im-

1064 1620 1237 1656 minerent
1255 1647 1263 1663 ‚
1293 1619 1316 1654 fi
1344 1631 1523 1667 nunquam
1560 1619 1682 1654 liceret
1719 1617 1822 1652 alteri

1065 1670 1247 1719 pecuniam
1276 1670 1434 1714 credere,
1460 1679 1564 1716 atque
1592 1677 1726 1717 praeter
1753 1666 1823 1702 sor-

1031 1719 1038 1923 ¹
1064 1731 1134 1756 tem
1161 1722 1316 1768 aliquam
1341 1720 1430 1755 lucri
1456 1719 1681 1755 acceffionem
1712 1718 1823 1766 spera-

1063 1785 1099 1807 re
1136 1772 1302 1819 (quotus
1339 1771 1434 1806 enirn
1471 1770 1617 1818 quisque
1653 1769 1724 1812 est,
1760 1768 1823 1816 qui

1064 1823 1186 1858 lubens
1211 1836 1249 1857 ac
1270 1821 1385 1857 facilis
1409 1820 1507 1856 suum
1534 1821 1614 1856 aliis
1640 1829 1822 1868 argentum

1065 1872 1106 1908 ad
1143 1872 1311 1909 utendum
1349 1871 1483 1914 tradat,
1516 1871 1706 1919 accipienti
1743 1869 1822 1917 qui—

1064 1923 1143 1958 dem
1181 1924 1356 1965 multum,
1384 1921 1476 1956 nihil
1505 1924 1587 1956 vero
1617 1921 1714 1956 danti
1743 1934 1823 1968 pro-

1065 1972 1244 2009 futurum?
1264 1973 1277 2021 )
1302 1981 1481 2020 propterea
1502 1972 1722 2019 excogitatae
1743 1971 1822 2006 sunt

1065 2023 1102 2059 in
1123 2024 1211 2059 hanc
1233 2036 1305 2059 rem
1326 2024 1360 2058 δ(
1380 2023 1473 2058 inter
1493 2022 1708 2058 Christianos
1734 2035 1822 2057 non—

997 2075 1025 2108 E
1065 2075 1182 2110 nullae
1221 2073 1409 2121 aequitatis
1444 2072 1625 2117 rationes,
1662 2072 1821 2108 servandi

1065 2124 1199 2172 publici
1223 2123 1430 2159 commercii
1458 2123 1593 2167 caussa,
1617 2123 1668 2158 ita
1697 2133 1734 2159 ut
1762 2124 1820 2157 ab—

1064 2175 1156 2223 jecto
1181 2174 1303 2210 odioso
1329 2173 1472 2209 nomine
1498 2174 1646 2208 foenoris
1673 2173 1719 2211 εἴ*
1741 2173 1820 2218 Usu-

1062 2239 1135 2270 rae,
1160 2227 1195 2260 δε
1223 2225 1400 2261 moderata
1424 2224 1571 2272 quadam
1600 2224 1739 2259 inveffi
1766 2225 1820 2260 lu—

1061 2275 1112 2311 cri
1137 2277 1299 2324 capturi,
1325 2275 1385 2311 sub
1412 2275 1492 2310 aliis
1513 2274 1716 2311 nominibus
1745 2288 1819 2322 per—

1059 2326 1181 2371 duret,
1206 2328 1240 2362 &
1267 2340 1327 2375 pro
1352 2325 1514 2374 legitima
1539 2325 1706 2361 habeatur
1726 2323 1817 2360 Auri

1058 2377 1281 2425 Argentique
1317 2375 1441 2424 fignati
1478 2376 1675 2424 negotiatio
1712 2384 1816 2422 atque

1058 2427 1195 2463 versura
1215 2454 1223 2463 .
1263 2429 1396 2462 Verum
1437 2427 1526 2474 apud
1566 2425 1815 2462 Christifideles

1057 2491 1235 2525 nunquam
1254 2476 1378 2512 desiere
1400 2485 1473 2512 tam
1495 2476 1624 2512 honesti
1641 2478 1743 2523 quam
1761 2475 1813 2509 in·

1032 2543 1035 2556 1
1057 2527 1189 2564 honesti
1215 2531 1481 2564 Foeneratores.
1513 2529 1553 2562 In
1580 2527 1734 2575 priorum
1758 2524 1812 2559 in-

1646 2576 1767 2610 liuma-
