2216 3105
393 226 447 264 27

326 279 383 316 pro
402 269 545 316 singulis
582 269 684 303 decem
719 269 843 304 Marct's
868 284 964 305 unam
992 272 1088 304 Nlar-

329 332 419 357 cam,
465 330 522 366 pro
561 320 834 367 recompensatione
871 323 1053 355 damnorum
1069 334 1089 362 ,-

329 383 408 416 quae
433 370 553 405 damna
590 371 632 404 (9¹
658 371 804 418 expensas
844 371 904 418 ipsi
929 374 1088 406 Mercato—

327 433 376 454 res
411 434 448 454 ex
473 423 526 455 hoc
559 419 676 468 poffent
711 422 886 455 incurrere:
926 422 974 456 ita
1008 422 1089 468 quod

327 472 444 506 damna
470 471 517 509 ὕφ’
544 472 689 518 expensae
717 473 760 505 (9¹
789 472 857 516 sors
883 485 949 506 cum
976 471 1043 517 effi
1037 470 1088 505 a‘i'u

326 521 395 568 peti
419 521 495 567 poff
483 531 556 560 nt,
594 521 640 559 &²
667 522 814 568 expensae
840 523 934 556 unius
960 525 1088 555 Merca-

328 583 406 606 {0775
432 585 498 604 cum
525 585 585 606 uno
610 584 684 618 equo
709 583 755 609 U
776 585 842 606 cum
862 585 923 606 uno
943 572 1089 616 ftrvlen-

370 622 587 668 ,ubicumque
607 622 709 665 fiterit
729 624 907 660 Mercator,
935 635 954 655 u
971 635 1028 668 que
1047 622 1090 655 ad

324 672 453 718 plenam
499 671 684 716 solutionem
725 672 862 707 omnium
910 670 1089 718 praedicto-

327 734 396 756 rum
423 721 495 759 &a
526 723 629 757 Plura
656 735 698 757 ne
720 732 799 769 pete
820 721 860 757 ad
884 721 1088 770 dignoscen-

327 771 408 806 dam
445 771 616 820 ejusmodi
654 771 856 808 hirudinum
895 772 1087 807 immanem

328 821 483 857 rabiem.
524 824 571 857 Et
598 822 715 858 nihilo
743 822 874 867 secius,
915 832 954 858 ut
982 835 1090 870 nuper

327 871 507 916 vidimus,
549 876 678 908 Statuto
704 873 939 914 Mutinensium
966 873 1089 921 proba-

328 922 430 958 batur
456 922 629 959 foenebris
656 924 811 971 quaestus
831 923 962 972 viginti
983 923 1090 958 libra-

327 987 404 1009 rum
442 987 504 1022 pro
543 982 683 1009 centum
725 973 826 1009 libris
869 973 1085 1022 quotannis:

328 1024 414 1059 adeo
452 1023 683 1073 incomposita
724 1033 955 1073 corruptaque
992 1033 1089 1059 erant

327 1075 450 1110 Secula
477 1074 563 1111 illa.
591 1076 645 1109 Ita
672 1074 710 1110 in
739 1075 886 1110 Statutis
909 1077 1087 1109 Veronen-

327 1124 416 1161 fibus
445 1126 545 1160 Anni
572 1126 856 1160 MCCXXVIII.
894 1124 936 1159 ab
973 1124 1087 1158 amico

327 1188 408 1211 meo
435 1174 681 1223 Campagnola
709 1187 836 1222 paucos
864 1183 943 1209 ante
982 1186 1090 1208 annos
1131 1173 1162 1207 C

328 1225 502 1273 evulgatis
530 1224 620 1273 Cap.
648 1225 706 1260 26.
743 1224 921 1260 decretum
949 1224 1015 1263 est,
1053 1234 1089 1258 ut

327 1278 367 1311 d:
395 1276 501 1321 Usuris
521 1276 628 1319 futuri
648 1275 792 1322 temporis
809 1275 878 1319 fiat
897 1275 977 1309 ratio
996 1274 1087 1322 usque

326 1330 371 1363 ad
398 1327 608 1374 quantitatem
636 1327 712 1360 XII.
738 1326 891 1361 librarum
918 1323 964 1362 ὠ
991 1325 1086 1359 dimi-
1112 1345 1114 1363 1

326 1378 398 1412 diae
422 1388 478 1424 pro
504 1376 696 1414 centenario,
738 1374 784 1414 (ly
825 1376 987 1410 creditores
1011 1376 1086 1409 dare

325 1439 490 1462 teneantur
523 1427 706 1462 dilationem
741 1427 835 1460 unius
861 1426 940 1460 armi
965 1424 1086 1459 debito-

326 1479 412 1513 ribus
434 1476 632 1522 solventibus
660 1475 775 1520 Usuras
802 1475 891 1510 illius
916 1476 995 1510 anni
1031 1475 1087 1519 fu-

325 1529 391 1563 turi
419 1531 485 1563 &a
524 1531 572 1561 Et
604 1526 637 1567 fi
663 1526 748 1560 ultra
773 1525 895 1560 dietam
921 1526 1085 1572 quantita—

326 1591 386 1614 tem
416 1580 490 1612 ΧΠ.
517 1577 743 1612 librarum&
705 1574 724 1598 ⁸
770 1576 923 1610 dimidiae
956 1576 1085 1610 credito-

326 1642 372 1663 res
393 1629 453 1673 sub
479 1627 585 1673 aliquo
613 1628 698 1660 modo
697 1585 788 1671 &seu
816 1626 939 1673 ingenio
965 1637 1084 1672 accepe-
1109 1621 1154 1655 {D

327 1681 414 1716 tint,
457 1678 491 1712 id
526 1687 623 1710 totum
660 1677 692 1711 in
724 1677 845 1733 sortem·
876 1687 1082 1722 computetur.
1107 1621 1169 1732 ‘Di

329 1731 541 1775 Quanquam
597 1727 788 1762 constantes
835 1726 872 1761 in
913 1725 1083 1774 ejusmodi

327 1779 560 1815 deliramento
595 1777 756 1813 homines
797 1789 1015 1824 nequaquam
1050 1790 1086 1811 e—

325 1839 428 1877 remig
475 1841 552 1863 nam
601 1828 693 1875 quod
731 1827 848 1875 aliqua
888 1826 1086 1863 neceffitate

325 1879 361 1915 s
367 1881 487 1915 adente
508 1879 550 1914 de
571 1878 692 1913 Usuris
713 1878 926 1920 statuebant,
951 1876 1084 1913 etiamsl

325 1931 413 1978 legis
441 1929 583 1964 divinae
612 1928 803 1976 praeceptis
840 1927 1084 1966 adversantes,

325 1980 459 2016 sublata
488 1978 685 2015 neceffitate
713 1978 883 2013 continuo
913 1978 1084 2027 infringe—

327 2031 439 2066 bant.
486 2029 623 2065 Addere
670 2029 766 2064 lubet
784 2053 794 2068 ‚
845 2027 930 2076 quid
975 2030 1085 2064 Anno
1111 2019 1151 2107 'E

326 2082 624 2116 MCCCXXVII.
657 2079 694 2114 in
723 2079 790 2114 suis
818 2079 972 2128 Legibus
1000 2081 1085 2114 Mu—

326 2131 538 2176 nicipalibus
576 2130 690 2165 Mstis
732 2129 926 2165 decreverit
953 2129 1017 2164 hac
1043 2130 1085 2165 de
1111 2131 1173 2485 *ΙΙ

1129 272 1162 307 A

1129 723 1156 756 B

326 2195 362 2217 re
392 2183 544 2229 Populus
584 2179 820 2215 Mutinenfis.
856 2180 990 2218 Omnia,
1032 2179 1088 2215 in—

327 2232 483 2278 quiunt,
509 2240 672 2277 praecepta
700 2231 742 2263 (9⁶
770 2229 973 2272 instrumenta
994 2230 1087 2273 suffla

326 2284 348 2317 ἃ
374 2281 532 2316 duodecim
571 2280 666 2315 annis
700 2280 780 2314 citra
818 2280 857 2313 de
892 2280 997 2314 dando
1022 2280 1086 2315 ali-

327 2346 367 2380 qt
371 2346 420 2367 am
448 2331 657 2378 quantitatem
680 2330 829 2376 pecuniae
863 2329 962 2365 alicui
987 2344 1024 2364 ex
1047 2344 1085 2365 a-

326 2383 416 2429 liqua
443 2380 563 2427 cauffa,
591 2381 813 2426 intelligatur,
840 2382 934 2414 tanti
937 2393 966 2413 m
990 2394 1082 2426 quar—

325 2443 392 2468 tam
416 2443 537 2479 partem
564 2430 659 2479 ipsius
685 2431 875 2476 quantitatis
899 2429 954 2475 effe
977 2444 1085 2465 veram

319 2484 453 2529 sortem,
489 2482 521 2524 si
545 2481 675 2517 creditor
701 2491 832 2527 tempore
857 2481 939 2514 didi
962 2491 1084 2527 praece-

325 2535 376 2581 pti
411 2533 458 2573 ἄν
494 2532 690 2576 instrumenti
725 2541 792 2566 erat
836 2531 1024 2576 Lsumrim,

707 209 1113 267 ANTJQJJT.
1157 210 1307 253 MED
1325 210 1386 252 11
1424 209 1598 254 AEVJ

1169 1361 1205 1526 Ι,

1844 217 1896 258 28

1197 270 1383 317 probabitur
1408 281 1514 306 contra
1550 271 1649 318 ipsum
1672 281 1728 318 per
1755 281 1887 318 quatuor
1911 282 1959 307 te·

1193 320 1256 362 stes
1282 321 1380 355 Cives
1415 321 1462 359 ὅγ’
1502 322 1692 356 habitatores
1719 321 1870 357 Mutinae
1887 322 1959 367 fide

1198 371 1329 417 dignos,
1357 372 1412 418 qui
1438 372 1577 405 dixerint
1604 371 1795 416 testificando
1818 383 1874 419 per
1898 383 1959 419 pum

1199 420 1312 455 blicam
1348 435 1452 456 vocem
1488 422 1534 459 (²⁴2⁹
1565 422 1710 465 famam,
1738 423 1837 467 ipsum
1863 423 1959 457 talem

1194 470 1287 516 fuiffe
1315 472 1522 516 Usurarium,
1561 472 1616 506 vel
1650 471 1792 518 accepiffe
1825 471 1867 507 ab
1909 486 1957 507 eo-

1197 523 1265 555 dem
1298 522 1462 567 pecuniam
1491 521 1553 565 sub
1591 521 1699 566 Usuris
1738 523 1781 556 ad
1808 523 1957 557 rationem

1198 571 1307 611 mensis
1334 570 1381 608 (ῥ’
1408 572 1507 606 librae
1524 596 1533 610 ,
1559 572 1614 605 vel
1640 572 1737 605 eidem
1760 571 1885 617 solviffie
1914 576 1957 607 U-

1192 621 1285 665 suras
1310 622 1364 655 vel
1387 632 1442 667 per
1465 621 1518 667 se,
1544 622 1599 655 vel
1621 633 1677 668 per
1702 623 1803 657 alium
1830 624 1898 658 (Je-

1251 672 1430 707 Praeterea
1458 681 1513 707 tot
1541 673 1661 720 poenis
1698 674 1731 707 &
1760 672 1957 708 malediE’tis

1198 720 1233 756 in
1263 722 1428 758 blandum
1466 722 1532 757 hoc
1571 722 1684 757 furum
1714 735 1820 771 genus
1848 732 1957 759 certa-

1173 781 1278 807 runt
1299 772 1423 807 deinde
1449 771 1540 808 sacra
1560 771 1749 812 Concilia,
1780 772 1956 822 Regesque

1199 836 1236 857 ac
1275 823 1475 870 Principes,
1519 831 1558 858 ut
1598 836 1719 860 eorum
1757 836 1889 872 genus,
1931 823 1956 858 fi

1199 872 1346 908 minime
1374 873 1624 917 aboleverunt,
1653 884 1744 909 certe
1769 873 1897 909 mirum
1918 873 1957 909 in

1199 923 1339 958 modum
1379 924 1601 959 enervarint.
1638 926 1761 971 Neque
1798 923 1893 959 enim
1920 925 1956 959 &

1198 973 1291 1008 inter
1316 972 1527 1009 Catholicos
1555 974 1659 1009 hodie
1695 973 1928 1010 desiderantur
1944 1001 1955 1018 ,

1198 1023 1258 1070 qui
1301 1023 1436 1058 toenori
1488 1023 1581 1059 suam
1632 1034 1813 1080 exponunt
1855 1037 1958 1072 pecu-

1198 1072 1317 1120 niam;
1347 1073 1402 1107 sed
1430 1073 1587 1121 plerique
1613 1074 1793 1109 ementitis
1819 1073 1957 1113 titulis,

1197 1123 1230 1157 &
1259 1123 1349 1157 clam
1372 1122 1407 1157 id
1427 1121 1583 1163 faciunt,
1611 1123 1718 1159 veriti
1740 1137 1782 1159 ne
1804 1124 1957 1160 nimium

1198 1173 1334 1207 lucrum
1384 1186 1427 1208 ex
1472 1187 1592 1209 eorum
1636 1173 1758 1210 Usuris
1809 1174 1955 1210 detectis

1200 1223 1378 1271 Principes
1398 1224 1432 1258 &
1454 1223 1537 1272 ipsi,
1559 1223 1612 1259 sed
1634 1224 1773 1272 justius,
1795 1224 1955 1270 capiant.

1197 1273 1302 1318 Quod
1339 1273 1433 1308 enim
1474 1274 1519 1309 est
1564 1274 1604 1309 ad
1642 1276 1754 1323 Leges
1790 1275 1955 1313 divinas,

1197 1323 1293 1359 hasce
1322 1324 1434 1359 Avari
1460 1333 1716 1372 contorquent,
1744 1325 1955 1365 emolliunt,

1197 1383 1493 1421 interpretantur,
1519 1375 1724 1422 nullamque
1746 1375 1813 1411 suis
1834 1375 1955 1411 studiis

1197 1424 1367 1459 adversari
1405 1424 1507 1460 facile
1546 1426 1686 1460 demum
1728 1425 1790 1461 fibi
1820 1424 1956 1474 persua-

1196 1473 1301 1509 dent.
1333 1475 1492 1522 Denique
1520 1484 1558 1510 ut
1585 1475 1651 1510 hoc
1679 1475 1786 1511 etiam
1809 1475 1954 1519 addam,

1196 1524 1336 1566 Preslare
1363 1524 1568 1560 dicebantur
1595 1528 1842 1561 Foeneratores
1859 1553 1869 1570 ,
1897 1525 1955 1561 seu.

1197 1574 1337 1615 Prestare
1363 1577 1406 1609 ad
1434 1575 1558 1619 Usura,
1596 1576 1703 1611 verbo
1740 1576 1887 1623 antiquo
1915 1575 1957 1611 fi-

1167 1623 1386 1672 gnificante
1414 1627 1531 1659 Mutuo
1556 1627 1651 1667 dare,
1679 1626 1712 1661 &
1733 1628 1954 1661 Commodare:

1163 1647 1294 1732 lcujus
1322 1675 1366 1709 est
1395 1675 1529 1710 mentio
1557 1675 1594 1710 in
1631 1674 1759 1711 Codic.
1788 1676 1956 1712 Theodo-

1196 1723 1288 1759 fiano
1315 1725 1348 1759 δ(
1376 1724 1588 1767 Justinianeo
1606 1753 1616 1769 ,
1643 1727 1676 1760 8<
1705 1726 1794 1773 apud
1822 1727 1959 1761 Salvia-

1164 1735 1302 1908 'num,
1330 1776 1500 1822 Optatum
1530 1775 1785 1811 Milevitanum
1805 1803 1814 1819 ,
1853 1774 1892 1812 &
1919 1776 1959 1812 in

1164 1735 1464 1908 'Capitularibus
1492 1823 1617 1861 Caroli
1643 1826 1696 1860 M.
1716 1828 1958 1861 verecommodare

1196 1875 1303 1910 etiam
1332 1875 1518 1918 dixerunt,
1547 1876 1652 1923 eaque
1680 1889 1766 1911 voce
1794 1875 1840 1911 usi
1878 1876 1957 1912 sunt

1196 1927 1229 1960 δε
1260 1924 1380 1969 Galli,
1407 1926 1426 1960 ὲ
1453 1925 1587 1961 Latino
1614 1928 1798 1967 Commodo,
1828 1926 1895 1962 five
1915 1934 1956 1962 ut

1198 1974 1430 2024 fignificarent
1465 1980 1508 2010 ad
1552 1978 1735 2011 commodum
1775 1977 1957 2024 accipientis

1196 2029 1272 2061 dare
1296 2053 1304 2062 .
1351 2025 1426 2071 Qui
1464 2028 1546 2061 vero
1583 2026 1765 2074 pecuniam
1807 2027 1956 2074 recipie-

1198 2077 1302 2115 bant,
1345 2079 1537 2123 Improntare
1567 2077 1792 2121 dicebantur,
1833 2077 1886 2113 uti
1920 2091 1956 2113 e-

1167 2128 1338 2286 {xempla
1387 2127 1424 2161 in
1469 2127 1705 2162 Vocabulario
1747 2127 1955 2163 Florentino

1199 2176 1343 2212 adducta
1379 2176 1585 2212 ostendunt.
1630 2177 1800 2213 Postrema
1839 2191 1908 2212 vox
1936 2180 1956 2213 ὲ

1197 2227 1338 2269 Gallia,
1375 2226 1432 2261 ubi
1471 2229 1664 2273 Emprunter
1703 2227 1795 2262 idem
1834 2227 1954 2272 sonat,

1198 2277 1235 2313 in
1264 2276 1404 2312 Italiam
1435 2277 1654 2325 penetravit,
1696 2279 1712 2312 ὲ
1751 2278 1954 2313 mercatori-

1199 2328 1260 2363 bus
1286 2326 1455 2375 inveE‘ta3
1485 2327 1539 2362 sed
1568 2341 1660 2363 nunc
1687 2329 1834 2364 omnino
1862 2327 1953 2362 anti-

1197 2387 1324 2426 quata,
1363 2387 1467 2425 atque
1504 2379 1545 2413 ab
1576 2379 1698 2414 Italice
1726 2379 1954 2414 scribentibus

1197 2427 1397 2476 repudiata.
1442 2430 1638 2464 Furetcrius
1681 2429 1722 2464 de
1764 2430 1825 2464 illa
1866 2441 1954 2463 voce

1197 2478 1280 2514 haec
1308 2478 1438 2513 habet:
1469 2483 1512 2513 Ce
1540 2493 1600 2514 mot
1626 2480 1716 2513 vient
1741 2477 1774 2512 d’
1791 2478 1954 2524 Impresta-

1198 2542 1249 2568 re,
1277 2541 1336 2563 mot
1362 2532 1400 2564 de
1427 2531 1460 2565 la
1487 2530 1566 2577 baffe
1592 2529 1760 2568 Latinitd,
1803 2528 1854 2576 qu’
1869 2542 1907 2561 on
1932 2540 1954 2563 a

1850 2579 1902 2612 dit
