2216 3105
266 201 345 243 501
563 181 862 226 COMMENT.
894 183 956 225 IN
985 180 1213 226 DANTIS
1241 178 1483 221 COMOED.
1694 193 1773 234 502

211 245 317 284 Idest,
354 256 395 278 ex
424 241 519 278 rabie
547 241 648 277 famis
677 242 794 290 potius
813 269 822 285 ,
859 254 963 288 quam
1003 243 1035 276 A
1085 241 1196 276 multa
1217 238 1332 274 millia
1359 236 1543 272 hominum
1566 249 1652 285 pane
1672 246 1757 278 tuo,
1779 249 1838 272 cur

209 308 252 331 ex
280 293 374 330 rabie
401 292 557 328 doloris.
594 295 640 328 Et
677 301 795 328 tamen
827 300 965 327 contra-

211 346 302 382 rium
329 352 422 380 erat.

258 415 451 425 ------
476 395 514 429 di
536 395 643 440 subito
669 392 804 438 levorfi,

261 448 293 480 E
319 444 436 492 differ:
462 446 588 485 Pudre,
607 465 766 471 -----

211 496 328 545 Magis
341 496 535 545 tetigerunt
550 496 709 532 animum
727 493 825 531 suum
839 518 849 533 ι
864 495 969 543 quam

211 546 234 582 s1
261 547 446 583 dixiss‘ent:
475 551 503 580 O
529 550 655 586 Comes,
865 558 870 562 ·

263 619 424 625 -----
450 595 529 644 affai
555 598 584 632 ci
601 597 655 643 fia
681 611 750 631 men
775 597 906 644 dogh'a,

263 652 305 683 Se
330 658 366 683 tu
392 649 502 695 mangi
527 649 564 682 di
590 649 642 682 noi
660 668 856 676 ------

214 699 367 747 Supple,
394 699 499 746 quam
528 695 552 733 si
580 698 741 734 comedas
767 698 809 734 de
836 706 895 733 te.

265 769 467 776 -------
493 752 545 784 Tu
572 762 610 783 ne
635 749 756 792 vesttsti

265 799 380 845 Queste
406 799 512 845 misere
533 800 641 841 carni,
669 813 684 834 e
716 810 751 834 tu
777 799 806 834 le
826 798 971 849 spogh'ae.

213 852 262 886 Et
290 849 367 885 heic
392 859 497 889 nota,
526 850 676 889 Leaor,
705 850 809 886 verba
835 858 973 884 motura

215 900 280 936 ess'c
308 912 368 936 cor
395 900 558 944 saxeum,
596 914 683 948 quae
711 900 779 936 fine
807 899 973 946 lacrymis

216 951 364 986 scribere
401 964 471 986 non
509 951 663 999 possum.
701 951 765 987 Sed
802 949 974 998 numquid

218 1001 274 1038 isti
317 1001 458 1049 juvenes
495 1001 661 1037 dixerunt
696 1001 762 1037 ea?
800 1001 867 1037 hoc
904 1013 974 1036 non

218 1050 340 1087 credo.
368 1052 432 1087 Sed
461 1052 620 1095 Auffior,
656 1061 836 1100 tamquam
865 1052 975 1087 bonus

218 1104 348 1137 Orator
375 1101 480 1138 scivit
500 1116 538 1138 ea
567 1103 652 1138 bene
679 1103 817 1151 dicere3
846 1101 885 1138 &
914 1115 976 1150 po-

218 1153 273 1187 nit
309 1152 470 1188 effeRum
510 1153 652 1202 pietatis
688 1153 864 1189 diestorum
898 1165 1005 1195 ver-,

219 1203 341 1237 borum
357 1228 367 1242 ‚
394 1203 533 1239 dicens:

269 1254 423 1298 Quetdmi
449 1255 555 1298 ullor,
582 1273 756 1283 ------

219 1302 389 1341 Scilicet,
426 1303 584 1339 cessando
620 1318 639 1340 a
675 1304 792 1344 rabie,
831 1311 871 1340 ut
906 1316 976 1339 non

219 1365 447 1400 provocarem
475 1353 567 1402 ipsos
595 1354 636 1388 ad
664 1354 823 1402 rabiem3

271 1423 445 1430 ------
469 1415 524 1450 per
550 1417 610 1438 non
633 1404 715 1448 farti
737 1405 798 1451 pia
823 1404 927 1446 tristi.

217 1454 265 1487 Et
291 1452 372 1487 ideo
399 1453 510 1496 dicit,

270 1503 355 1548 Quel
372 1503 429 1547 d),
458 1517 472 1538 e
491 1502 515 1537 l’
525 1504 608 1539 altro
623 1503 752 1546 stemma
775 1503 855 1538 tum·
873 1504 977 1547 muti,

220 1554 386 1597 Scilicet,
423 1553 578 1590 indurati
614 1553 755 1590 dolore.
792 1553 876 1590 Ideo
902 1553 978 1590 Co-

221 1616 293 1689 xdnes
337 1604 535 1653 prorumpit
574 1604 613 1640 in
653 1604 979 1649 exclamationem,

245 1666 365 1689 leeris:

270 1703 346 1738 Ah}
363 1705 444 1738 dura
470 1707 577 1740 terra!
598 1706 706 1751 perch&
725 1718 785 1739 non
805 1704 952 1752 t’aprt'stt'
962 1709 980 1738 Ρ

221 1752 279 1789 Ut
314 1752 527 1798 ostenderes,
564 1763 600 1790 te
637 1754 763 1790 sentire
800 1764 873 1790 tam
910 1755 980 1790 im-

223 1803 317 1853 piam
345 1803 586 1840 crudelitatem
604 1829 614 1844 ,
651 1806 685 1840 δε
722 1806 872 1841 clamare
901 1806 980 1841 vin-

221 1853 353 1889 dictam
374 1854 414 1890 ad
437 1857 549 1890 Deum
563 1882 570 1890 .
592 1858 638 1891 Et
659 1855 737 1892 heic
757 1864 861 1895 nota,
887 1855 980 1903 quod
1009 1867 1012 1874 ·

223 1917 294 1940 non
329 1902 441 1941 solum
479 1905 576 1941 cibus
613 1906 768 1955 corporis
805 1906 873 1942 fuit
909 1906 981 1942 istis

222 1955 432 2004 denegatus,
470 1955 524 1992 sed
553 1957 646 2004 quod
684 1956 752 1994 fuit
780 1957 981 2001 crudelius,

225 2005 321 2040 cibus
358 2005 571 2055 spiritualis,
608 2021 716 2055 quum
752 2007 885 2057 saepius
922 2021 981 2056 pe—

223 2054 380 2091 tiiffent.

277 2105 387 2150 Pescia
413 2107 464 2142 che
485 2108 604 2152 summo
619 2129 791 2135 ------

228 2158 333 2192 Nunc
360 2158 489 2193 Comes
510 2167 626 2194 narrat
646 2167 775 2195 mortes
803 2157 981 2203 filiorum,

229 2205 264 2242 δί
294 2205 368 2252 sui,
395 2207 533 2244 dicens:
648 2210 654 2218 ‘

277 2278 291 2283 -
306 2279 322 2284 —
337 2277 352 2284 ·-
368 2278 384 2284 -
411 2259 445 2294 al
471 2269 582 2306 quarto
606 2260 642 2294 d>
668 2260 781 2294 venuti
794 2285 805 2300 ,

279 2310 392 2343 Gadda
420 2309 465 2343 mi
485 2309 517 2351 fi
538 2311 624 2357 gittb
649 2311 759 2356 disteso
785 2310 932 2358 a’piedt‘.

227 2358 301 2404 Qui
329 2369 402 2395 erat
430 2373 517 2396 unus
544 2374 587 2396 ex
614 2360 700 2396 filiis
728 2361 843 2410 meis3

277 2409 445 2445 Dicendo:
480 2414 583 2446 Padre
608 2412 690 2452 mio,
726 2413 778 2447 che
804 2425 864 2446 non
891 2409 933 2445 m'
948 2424 985 2446 a·

325 2460 394 2506 juti
410 2465 428 2493 ?

226 2510 389 2551 Scilicet,
413 2520 472 2551 tu,
500 2512 562 2560 qui
590 2514 696 2562 paulo
719 2520 800 2549 ante
827 2512 985 2562 pascebas

1086 289 1190 326 modo
1219 288 1418 338 permittis,
1446 301 1500 322 me
1528 286 1618 321 fame
1646 287 1759 322 mori?
1784 289 1837 323 Ac

1086 341 1106 376 s1
1135 341 1230 376 dicat
1260 340 1390 375 tacite:
1431 347 1467 373 tu
1497 336 1689 372 conduxisti
1720 346 1753 372 te
1785 340 1839 382 ip-

1084 391 1158 427 sum
1186 392 1219 426 &
1247 403 1311 426 nos
1347 389 1390 425 ad
1426 398 1499 424 tam
1528 385 1760 424 miserabilem
1797 387 1839 422 fi-

1085 455 1184 478 nem.

1134 492 1243 539 ‚Quivi
1269 493 1369 526 mori:
1394 511 1534 518 -----

1082 544 1257 587 Scilicet,
1294 550 1374 578 ante
1410 541 1511 591 pedes
1539 553 1657 583 meos,
1694 553 1750 576 me
1785 538 1841 574 vi-

1085 594 1188 631 dente
1214 595 1248 629 &
1276 592 1460 630 audiente.
1488 594 1535 628 Et
1562 591 1614 628 ita
1641 591 1727 627 alii.
1759 589 1841 626 Un-

1085 646 1126 682 de
1154 644 1243 681 dicit
1256 658 1271 679 .·

1137 695 1208 731 Vid‘
1227 696 1254 730 io
1281 694 1381 740 cascar
1406 694 1434 729 li
1459 704 1527 738 tre,
1540 714 1715 721 ------

1085 746 1193 789 Idest,
1221 746 1309 782 alios
1337 755 1405 782 tres
1432 744 1554 780 fratres
1581 743 1719 781 Gaddi‚

1136 818 1276 824 -----
1301 798 1345 831 ad
1371 810 1431 831 uno
1457 797 1501 831 ad
1526 809 1586 830 uno
1603 820 1613 834 ,

1085 847 1252 891 Scilicet,
1280 847 1321 883 ad
1350 855 1577 896 augmentum
1606 843 1740 880 doloris
1767 842 1839 879 sui:

1136 902 1203 934 Tra
1218 897 1242 931 ’l
1268 898 1378 945 quinto
1403 899 1439 932 di
1465 911 1480 931 e
1507 895 1531 930 'l
1552 895 1652 941 sesto,
1666 914 1844 921 ------

1137 970 1154 976 -
1170 970 1185 976 -
1201 970 1216 975 -
1232 969 1251 975 -
1273 961 1352 982 come
1377 958 1412 982 tu
1439 947 1484 982 mi
1508 947 1605 982 vedi-

1087 999 1192 1045 Quasi
1220 998 1335 1034 dicat:
1366 997 1452 1034 ficut
1479 1007 1518 1034 tu
1545 996 1643 1032 vides
1671 1007 1763 1030 nunc
1790 1007 1844 1029 mc

1087 1051 1291 1098 loquentem
1328 1062 1445 1085 coram
1483 1057 1544 1091 te,
1580 1047 1631 1083 ita
1667 1059 1732 1095 ego
1770 1045 1846 1080 vidi

1087 1100 1170 1136 illos
1207 1113 1324 1135 coram
1363 1113 1418 1136 me
1458 1098 1674 1134 morientes.
1717 1095 1845 1131 Infelix

1089 1152 1212 1198 pater!
1258 1150 1319 1198 qui
1361 1149 1384 1185 fi
1427 1158 1667 1197 praemortuus
1709 1146 1846 1189 fuisset,

1090 1209 1225 1248 poterat
1263 1200 1375 1236 videri
1414 1199 1501 1236 felix
1538 1199 1575 1234 in
1605 1197 1723 1233 medio
1762 1209 1845 1232 cun-

1088 1252 1222 1287 &arum
1259 1250 1494 1286 felicitatum.
1532 1252 1579 1285 Et
1616 1248 1731 1284 subdit
1760 1246 1845 1284 ulti—

1090 1315 1148 1338 mo
1176 1309 1326 1337 mortem
1356 1301 1471 1343 suam,
1500 1299 1639 1335 dicens:

1140 1373 1247 1380 ---—
1273 1350 1354 1385 Ond’
1371 1352 1399 1385 io
1427 1351 1469 1386 mi
1494 1351 1583 1386 diedi

1140 1403 1205 1437 Gis}
1232 1402 1307 1436 εἰει-ο
1321 1422 1491 1428 ------

1090 1451 1256 1491 Scilicet,
1280 1451 1395 1487 >fastus
1423 1464 1564 1487 caecus:

1141 1522 1314 1529 ------
1333 1516 1353 1537 a
1380 1501 1543 1537 brancolar
1563 1501 1661 1547 sovra
1687 1502 1848 1547 ciascuno.

1090 1552 1198 1592 Idest,
1235 1551 1277 1588 ad
1317 1551 1526 1600 palpandum
1549 1579 1558 1587 .
1595 1554 1642 1587 Et
1678 1552 1849 1588 continuo

1092 1612 1195 1652 auget
1222 1601 1472 1639 infelicitatem
1487 1629 1496 1645 ‚
1524 1602 1641 1638 dicens
1653 1615 1672 1645 ,·

1142 1657 1175 1689 E
1211 1665 1257 1688 tre
1291 1655 1326 1688 di
1361 1653 1388 1688 li
1423 1653 1561 1688 chiamai
1579 1680 1589 1697 ‚
1623 1652 1677 1700 poi
1712 1653 1763 1687 che
1794 1652 1851 1697 Jiur

1194 1714 1305 1739 mortz.
1819 1712 1821 1714 “

1092 1757 1139 1790 Et
1166 1754 1209 1789 fic
1237 1753 1378 1789 videtur
1412 1755 1542 1789 Comes
1578 1752 1761 1802 Ugolinus
1797 1753 1852 1789 vi-

1093 1805 1179 1841 xiss‘e
1206 1803 1289 1839 οξὶο
1316 1803 1437 1839 diebus
1464 1803 1533 1839 fine
1560 1804 1781 1839 nutrimento
1801 1804 1851 1839 ci·

1095 1855 1187 1891 bali.
1223 1856 1270 1890 Et
1297 1853 1478 1890 concludit
1505 1853 1578 1903 ipse
1604 1856 1761 1899 Comes,
1797 1853 1852 1889 di-

1095 1919 1175 1942 cens
1192 1918 1201 1941 ε

1145 1955 1255 2002 Posct'a
1286 1955 1346 2003 pila
1380 1956 1432 1990 che
1456 1955 1480 1988 ’l
1514 1956 1602 1990 dolor
1633 1956 1707 2002 pote
1741 1955 1767 1989 il
1801 1955 1855 1990 di-

1194 2020 1315 2054 gruna,

1098 2057 1183 2093 Idest
1210 2056 1344 2105 fames;
1381 2069 1420 2092 ac
1457 2056 1479 2091 fi
1517 2055 1638 2100 dicat,
1675 2054 1768 2104 quod
1805 2054 1855 2091 fa—

1098 2121 1169 2143 mes
1195 2106 1379 2156 prostravit
1398 2120 1477 2142 eum
1491 2134 1501 2151 ,
1529 2119 1633 2154 quem
1655 2116 1772 2142 tantus
1792 2106 1855 2141 do·-

1098 2160 1153 2194 lor
1179 2156 1374 2194 interficere
1402 2170 1472 2193 non
1500 2166 1661 2206 potuerat
1688 2156 1751 2192 n'ec
1775 2157 1856 2192 vin÷

1099 2221 1174 2245 cere
1190 2235 1199 2244 .

1149 2260 1288 2306 Quando
1313 2258 1389 2294 ebbe
1414 2259 1499 2293 detto
1521 2259 1569 2293 cic)
1582 2278 1755 2285 ------

1100 2310 1191 2346 Heic
1219 2309 1358 2345 Auctor
1385 2308 1470 2344 facit
1498 2307 1603 2344 finem
1634 2308 1717 2345 huic
1745 2316 1857 2344 maten

1098 2361 1170 2396 riae
1187 2387 1196 2402 ‚
1234 2360 1411 2395 ostendens
1439 2360 1618 2407 quomodo
1644 2361 1775 2396 Comes
1803 2361 1855 2394 U-

1099 2410 1239 2458 golinus
1266 2410 1397 2446 redivit
1425 2410 1466 2445 ad
1495 2410 1647 2459 primum
1675 2409 1774 2446 suum
1801 2407 1855 2445 of==

1100 2460 1219 2496 ficium
1237 2487 1246 2496 .
1274 2461 1376 2497 Unde
1403 2460 1517 2496 dicit:

1149 2531 1347 2541 -------
1373 2524 1426 2546 con
1449 2512 1502 2559 gli
1524 2512 1606 2547 orchi
1632 2511 1727 2550 torti,

1698 2559 1805 2600 Idest,
