2216 3105
267 257 349 297 773

212 312 270 346 per
296 298 457 338 Italiam,
484 297 570 333 ficut
596 297 716 342 Judaei
745 312 803 346 per
823 300 965 336 univer-

211 348 283 384 sum
302 374 311 388 ‚
348 349 381 384 δε
410 348 580 384 continuo
608 347 877 390 consumuntur,
916 351 965 387 ita

212 409 252 434 ut
273 398 468 434 miserabile
491 398 721 447 speffiaculum
743 399 784 435 fit
811 411 966 448 pertran-

213 449 410 484 seuntibus.
447 452 493 484 Et
529 449 580 484 ita
618 448 745 497 possem
785 450 898 487 dicere
926 452 967 487 de

212 499 334 535 multis
362 498 462 534 aliis.

458 553 521 585 Ad
547 550 629 595 Vers.
658 553 716 586 88.

263 602 296 635 Io
322 600 396 635 vidi
422 621 607 627 -----

214 650 306 686 Heic
343 650 577 697 Caeciaguida
614 659 842 688 connumerat
877 653 968 687 mul-

214 710 266 737 tas
308 701 475 736 Familias
518 701 665 737 Nobiles
692 726 702 741 ‚
744 716 831 749 quae
871 712 969 738 erant

215 752 406 798 praeclarae
434 761 589 798 ternpore
617 750 702 791 suo,
730 766 874 800 quarum
903 753 968 788 ali—

215 813 302 847 quae
331 800 408 835 sunt
437 802 573 848 penitus
601 801 804 845 extinctae,
832 803 969 850 aliquae

216 863 364 899 parvae3
395 849 431 886 ἅ
460 852 620 900 aliquae,
657 866 744 900 quae
772 851 850 888 sunt
877 866 968 888 nunc

216 913 360 948 magnae
385 925 394 939 ,
435 912 533 936 erant
569 911 652 937 tunc
688 902 875 938 obscurae.
922 906 970 938 Et

215 950 331 997 primo
360 951 557 1000 perstringit
585 952 683 987 fimul
716 953 772 988 sex
802 953 969 988 Familias

217 1001 366 1036 Nobiles.
394 1002 575 1047 antiquas,
604 1016 690 1050 quae
718 1004 787 1051 jam
815 1013 912 1040 erant
931 1003 969 1039 in

214 1050 472 1090 declinatione,
501 1053 643 1088 dicens:

266 1104 299 1134 Io
318 1103 392 1135 vili
413 1103 520 1148 gliU
522 1104 594 1148 gavi,
623 1117 638 1137 e
656 1103 729 1137 vidi
755 1104 768 1139 ί
793 1105 969 1148 Catellr'ni,

265 1152 420 1195 filippi,
449 1156 509 1186 Gre
512 1156 558 1193 ci,
586 1154 760 1199 Orraanni,
790 1153 833 1192 ό
863 1154 970 1190 Albe-

316 1203 392 1236 richi
407 1226 417 1241 ,

266 1253 329 1285 Gi.)
357 1254 406 1287 nel
432 1254 533 1289 calare
560 1255 676 1295 illustri
702 1256 884 1291 Cittadint'.

215 1303 260 1336 Et
289 1302 366 1338 heic
394 1313 499 1347 nota,
527 1306 620 1352 quod
649 1304 886 1353 Cacciaguida
906 1306 969 1341 du-

213 1352 355 1399 pliciter
391 1332 543 1390 ‹lechi-at
579 1356 747 1391 eximiam
786 1356 970 1392 Nobilita—

212 1410 283 1437 tem
307 1403 592 1452 praescriptarum
615 1407 868 1455 Familiarurn3
899 1407 969 1454 pri-

213 1464 272 1486 mo
300 1453 383 1500 quia
412 1465 516 1490 vocat
543 1470 597 1491 eas
625 1456 793 1492 illustres.
823 1460 908 1491 Erat
935 1470 969 1491 e-

211 1502 286 1535 nim
308 1504 427 1536 olim'
418 1517 454 1537 m
485 1508 617 1543 Roma
647 1505 733 1540 ficut
760 1516 855 1552 patet
883 1505 969 1540 sem-

211 1563 270 1598 per
305 1551 393 1599 apud
431 1552 558 1588 Titum
597 1554 772 1597 Livium,
809 1557 843 1590 &
881 1557 969 1590 alios

210 1603 250 1636 Sc
237 1601 401 1649 iiptores
440 1605 568 1639 Rerum
607 1582 870 1647 Romami-um,
907 1605 968 1641 du-

211 1651 292 1698 plex
320 1651 439 1692 Ord0‚
467 1652 625 1696 scilicet,
653 1655 824 1695 Illustris,
854 1655 968 1691 conti-

211 1713 294 1735 nens
323 1700 472 1736 Nobiles
501 1702 595 1737 viros
622 1705 656 1737 &
695 1706 897 1746 Senatores.
934 1707 967 1741 δε

210 1750 308 1786 Ordo
349 1752 551 1798 Equestris,
595 1752 778 1788 continens
820 1757 967 1801 Equites

211 1801 421 1848 armigeros.
451 1802 565 1837 &lodo
593 1802 731 1838 Aufflor
759 1813 862 1839 vocat
890 1803 968 1839 istos

211 1851 381 1887 illustres.
423 1854 580 1888 Secundo
623 1854 846 1888 commendat
887 1867 968 1892 eos,

213 1915 320 1949 quum
349 1901 457 1937 dicit:
489 1904 541 1937 nel
567 1917 600 1937 cn
603 1905 673 1947 lar,
711 1904 793 1951 quia
822 1903 842 1938 si
872 1913 970 1938 erant

212 1952 322 1988 adhuc
352 1952 498 1989 illustres
525 1953 561 1988 in
592 1953 778 1998 descenlu,
807 1953 892 2002 quid
919 1953 970 1989 el-

212 2001 244 2037 se
272 2002 459 2039 debuerant
487 2004 523 2039 in
552 2003 663 2040 statu.

263 2056 294 2087 E
321 2054 394 2087 vidi
421 2056 480 2089 cos)
507 2075 736 2082 ------

212 2102 304 2138 Heic
333 2102 572 2151 Caeciaguida
603 2103 700 2139 fimul
723 2104 864 2153 colligit
887 2104 971 2140 alias

212 2153 367 2200 quinque
408 2153 576 2189 Familias
603 2154 791 2201 antiquas,
828 2154 969 2190 dicens:

263 2205 295 2237 E
322 2204 396 2237 vidi
423 2206 482 2238 coti
504 2205 625 2251 grandi
644 2231 653 2245 ‚
681 2218 758 2238 come
785 2205 906 2239 antichi

265 2256 331 2287 Con
368 2255 439 2300 quel
465 2256 503 2288 de
538 2255 573 2289 la
599 2256 754 2289 sannetla
790 2255 860 2301 quel
886 2256 924 2289 de
949 2255 973 2290 Γ

316 2307 406 2339 Arca
421 2329 431 2344 ,

264 2357 298 2389 E
333 2355 538 2394 Soldmn'ert',

306 2404 423 2446 stichi.

210 2457 257 2490 Et
295 2454 374 2490 heic
413 2466 496 2492 nota
523 2485 532 2499 ,
570 2456 663 2505 quod
704 2457 839 2492 Auster
880 2470 975 2492 com-

214 2505 354 2540 mendat
384 2507 577 2551 praedictos
606 2507 796 2555 dupliciter
811 2535 821 2551 ,
860 2506 976 2555 primo

213 2555 297 2603 quia
338 2555 503 2593 describit
544 2572 603 2594 eos
640 2572 658 2593 a
697 2558 940 2622 magnitudine
965 2584 975 2600 ,

216 2606 298 2654 quia
326 2618 423 2644 erant
454 2609 544 2646 olim
573 2590 807 2658 magnificiffi'
785 2618 822 2644 u:
852 2617 912 2656 pot
902 2620 975 2643 en-

574 2369 590 2389 e
624 2356 823 2403 Ardinghi,
859 2359 975 2390 evBo-

558 239 858 283 COMMENT.
890 241 953 284 IN
983 237 1208 283 DANTJS
1235 236 1476 280 COMOED.
1686 253 1772 293 774

1004 303 1033 336 A
1072 306 1122 332 tes
1149 297 1187 332 in
1215 296 1315 332 Urbe
1351 296 1436 343 sua;
1474 294 1623 331 secundo
1659 295 1742 342 quia
1769 293 1828 329 de-

1072 346 1192 383 scribit
1219 360 1277 382 eos
1314 346 1356 381 ab
1393 345 1632 392 antiquitate,
1668 344 1707 380 δε
1735 344 1829 379 anti-

1071 397 1187 445 quitas
1223 397 1340 445 arguit
1377 396 1643 435 Nobilitatem‚
1680 404 1720 431 ut
1747 395 1827 430 vult

1074 447 1304 490 Philosophus
1315 474 1324 483 .
1631 445 1635 447 “

1120 502 1224 534 Sovra
1250 499 1284 532 la
1308 508 1412 542 poppa
1437 515 1664 527 ------

1072 548 1164 584 Heic
1191 548 1427 596 Cacciaguida
1453 546 1619 582 describit
1646 544 1828 594 lingulati-

1073 608 1125 634 ter
1149 612 1251 634 unam
1274 598 1446 647 egregiam
1474 598 1683 636 Familiam,
1711 597 1747 631 in
1769 608 1829 630 cu-

1072 649 1124 698 jus
1160 648 1392 696 descriptione
1429 648 1497 684 duo
1535 646 1646 687 facit,
1687 646 1830 693 primo,

1073 700 1155 747 quia
1191 699 1340 735 ostendit
1375 698 1552 746 quomodo
1579 710 1622 733 ex
1659 696 1720 732 ista
1755 697 1830 731 No-

1006 751 1034 785 B
1074 749 1138 785 bili
1168 749 1318 785 Familia
1354 748 1602 784 descenderunt
1632 748 1721 782 aliae
1753 748 1830 782 No-

1074 799 1254 835 bilitates.
1292 800 1447 835 Secundo
1475 797 1644 841 ostendit,
1681 809 1830 844 quomo-

1073 850 1118 884 do
1154 851 1190 885 in
1229 853 1362 885 Domos
1399 849 1543 886 illorum
1583 847 1830 884 Nobilissimo—

1074 913 1149 935 rum
1179 910 1411 948 pervenerunt
1439 900 1508 935 viri
1545 898 1660 935 rustici
1689 899 1730 933 ad
1768 898 1829 933 ha·

1074 950 1279 991 bitandum,
1307 951 1349 986 de
1369 950 1494 998 quibus
1516 948 1739 998 praenuntiat
1759 948 1832 983 rui—

1075 1013 1153 1035 nam
1183 1001 1256 1036 cito
1286 1011 1467 1036 venturam
1486 1028 1494 1036 .
1537 1002 1641 1035 Nunc
1670 999 1750 1034 vicie
1786 998 1831 1033 li-

1075 1060 1204 1089 teram,
1234 1050 1271 1087 &
1299 1052 1421 1086 ordina
1451 1051 1494 1086 s1c
1521 1062 1623 1085 eam:

1124 1104 1233 1135 Erano
1261 1103 1271 1134 ι’
1299 1101 1519 1147 Ravignani,
1547 1121 1563 1127 -
1587 1121 1605 1144 .·
1631 1121 1648 1126 -
1675 1121 1691 1126 -

1076 1151 1294 1187 Nobiliffimi
1323 1152 1456 1194 Cives,
1492 1163 1640 1198 quorum
1679 1149 1831 1185 Familia

1005 1216 1036 1250 C
1074 1201 1118 1235 est
1146 1202 1284 1249 penitus
1321 1202 1498 1237 extinfi’ta.
1536 1203 1590 1236 Ex
1627 1201 1752 1248 quibus
1781 1199 1832 1235 fa—

1074 1251 1122 1286 Sti
1152 1251 1228 1287 sunt
1256 1251 1420 1288 Comites
1456 1250 1663 1291 Guidones‚
1699 1249 1737 1286 ἃ,
1766 1249 1831 1286 alii

1076 1302 1242 1338 Nobiles.
1275 1302 1379 1339 Unde
1404 1303 1513 1338 dicit:

1124 1374 1309 1379 -----
1337 1353 1417 1388 Ond'
1434 1354 1450 1387 ὲ
1475 1353 1586 1398 disceso

1123 1404 1154 1437 Il
1180 1406 1277 1437 Come
1303 1405 1434 1452 Guido;
1462 1425 1477 1430 -
1504 1424 1519 1430 -
1548 1425 1563 1430 -
1589 1424 1606 1430 -

1073 1453 1128 1487 Ad
1158 1453 1429 1501 intelligendum
1468 1462 1612 1497 autem,
1650 1452 1828 1500 quomodo

1073 1505 1201 1538 Comes
1223 1505 1341 1539 Guido
1368 1503 1582 1539 descenderit
1602 1517 1644 1539 ex
1672 1504 1743 1538 istis
1773 1516 1832 1550 per

1073 1554 1227 1588 nobilem
1251 1555 1432 1589 mulierem
1455 1554 1689 1590 Gualdradam
1717 1553 1831 1588 filiam

1073 1604 1222 1639 Domini
1252 1604 1487 1648 Billincioni,
1515 1614 1681 1650 oportet,
1718 1614 1752 1638 te
1780 1616 1832 1638 re-

994 1669 1038 1702 ¹D
1072 1667 1206 1689 currere
1234 1656 1273 1689 ad
1304 1655 1364 1693 id,
1395 1654 1488 1702 quod
1519 1654 1687 1701 scriptum
1716 1653 1761 1688 est
1789 1653 1830 1688 de

1045 1707 1048 1738 ι
1073 1704 1164 1748 hoc,
1193 1704 1230 1739 in
1263 1704 1419 1740 inferno.
1448 1707 1495 1740 Et
1522 1703 1636 1739 dicit.

1210 1776 1224 1780 —
1252 1776 1268 1781 -
1295 1769 1310 1788 e
1337 1756 1514 1801 ᾳιιιιίαηᾳι,ε
1541 1756 1592 1788 del
1619 1768 1706 1787 nome

1123 1806 1174 1837 De
1200 1803 1223 1836 l'
1235 1806 1316 1837 altro
1337 1806 1514 1838 Bellincron
1533 1805 1575 1836 ha
1599 1804 1702 1846 poscia
1726 1803 1831 1848 prese).

1075 1854 1154 1887 Hoc
1183 1853 1270 1887 dicit
1289 1880 1298 1895 ‚
1336 1854 1416 1899 quia
1445 1867 1486 1887 ex
1515 1852 1585 1887 istis
1617 1852 1831 1899 Ravignanis

1074 1901 1163 1937 saffra
1192 1902 1236 1937 est
1264 1902 1332 1937 alia
1361 1903 1536 1945 Familia,
1573 1902 1667 1937 diffla
1695 1902 1831 1937 Bellin-

1075 1951 1193 1994 cioni,
1230 1952 1273 1986 fic
1302 1953 1525 1988 denominata
1555 1953 1595 1987 ab
1632 1954 1698 1987 illo
1735 1966 1832 2000 prae-

1076 2002 1179 2050 cipuo
1221 2002 1346 2038 Milite
1383 2003 1540 2038 Domino
1578 2002 1829 2047 Bellinciono,

1075 2062 1112 2088 ut
1141 2051 1274 2087 datum
1303 2052 1365 2088 est.
1405 2057 1538 2092 Eram,
1575 2052 1657 2088 idest
1697 2053 1834 2088 habita-

995 2121 1036 2155 ³E
1076 2104 1180 2146 bant,
1205 2103 1296 2146 sopra
1316 2105 1350 2138 la
1376 2107 1492 2138 Porta.
1521 2105 1617 2139 Haec
1646 2102 1713 2138 fuit
1741 2104 1834 2139 anti-

1076 2167 1142 2200 qua
1186 2154 1290 2188 Porta
1327 2154 1455 2189 veteris
1492 2153 1664 2189 Civitatis
1688 2178 1698 2192 ,
1740 2153 1835 2189 diffla

1078 2206 1182 2239 Porta
1210 2203 1327 2239 Sansti
1358 2203 1473 2239 Petri.
1504 2206 1607 2239 Nunc
1633 2214 1747 2239 autem
1771 2217 1835 2239 no-

1075 2254 1111 2289 vi
1141 2254 1249 2289 Cives
1279 2264 1446 2289 venerunt
1476 2254 1515 2289 ad
1544 2254 1772 2290 habitandum
1802 2254 1834 2290 i-

1077 2304 1133 2343 bi,
1161 2303 1297 2340 scilicet
1323 2305 1482 2343 Circuli,
1514 2306 1567 2340 vel
1597 2305 1733 2351 Cerchj,
1770 2304 1834 2352 qui

1076 2353 1216 2390 fuerunt
1252 2354 1367 2390 rustici
1409 2355 1589 2403 protervi,
1629 2355 1670 2391 de
1708 2355 1835 2402 quibus

1076 2404 1209 2440 digium
1247 2405 1291 2440 est
1328 2407 1431 2453 paulo
1468 2405 1591 2453 supra,
1629 2407 1661 2441 ὃ(
1699 2405 1836 2441 dicetur

1076 2457 1180 2490 Cant.
1209 2455 1391 2501 sequenti.
1421 2456 1494 2502 Qui
1524 2455 1710 2503 posuerunt
1739 2455 1834 2490 divi—

1075 2504 1202 2540 fionem
1224 2504 1260 2539 in
1278 2505 1459 2546 Civitate,
1476 2506 1556 2554 quia
1576 2505 1714 2541 fuerunt
1737 2505 1831 2552 prin—

1077 2555 1169 2604 cipes
1198 2555 1303 2603 partis
1332 2556 1503 2591 Blancae.
1532 2554 1638 2591 Unde
1666 2556 1779 2592 dicit:

1606 2626 1621 2631 -
1648 2627 1663 2631 κ
1690 2604 1786 2639 sh'al
