2216 3105
330 257 483 351 33⁷...
509 326 736 333 ......

281 359 374 396 Heic
395 357 570 394 Adrianus
590 356 758 396 ostendit,
787 355 938 404 qualiter
960 369 1035 391 mo—

282 410 360 445 dica
395 407 610 456 experientia
655 408 826 455 cognovit
867 407 1037 454 importa—

280 460 353 496 bile
367 458 500 508 pondus
518 458 654 501 papalis
673 457 859 506 dignitatis
871 485 881 501 ‚
897 457 1035 492 dicens:

331 530 348 536 -
374 531 390 536 -
416 530 433 536 -
458 530 474 535 -
501 522 516 542 e
540 520 610 555 poco
634 509 694 555 pir&
717 508 833 556 pro-vai
860 509 889 542 io
916 521 993 542 come

334 559 413 605 Pcsa
433 558 457 593 ’l
480 572 562 606 gran
590 570 695 593 manto
712 584 720 598 ,

285 612 349 646 Per
393 610 600 645 mantellum
645 609 740 645 Petri
783 609 842 645 dat
882 607 1040 657 intelligi

285 662 477 709 Papatum,
504 658 543 695 &
572 660 727 695 maxime

335 732 351 738 -
378 733 395 738 -
422 732 438 738 -
465 731 480 736 —
507 725 527 745 a
553 711 602 744 chi
627 711 679 744 del
709 710 810 757 sango
843 710 867 743 il
889 710 1042 757 guarda.

286 761 384 798 Sicut
412 775 430 796 a
458 760 534 795 labe
562 759 752 800 avaritiae,
781 761 902 808 gulae,
929 759 967 795 &
990 761 1043 795 lu—

286 811 432 851 xuriae,
472 823 559 858 quae
595 809 736 845 foedant
776 810 926 845 virtutes
966 822 1043 845 om-

287 875 370 904 nes,
408 871 446 897 ut
485 862 553 908 jam
596 860 731 896 dietum
772 860 816 896 est
857 861 894 896 in
933 860 1044 909 prima

286 921 404 961 parte.
441 913 487 946 Et
516 910 592 946 heic
620 920 725 954 nota,
766 911 860 958 quod
889 913 967 946 vere
996 912 1046 945 la-

288 962 464 998 boriosum
493 962 538 997 est
565 975 651 996 onus
682 960 911 1006 Pontificale,
939 960 962 996 st
987 961 1045 995 de—

291 1014 370 1049 beat
398 1013 484 1048 bene
512 1012 638 1048 servari
676 1012 964 1047 immaculatum.
1000 1013 1046 1046 Et

290 1063 400 1112 magis
428 1073 569 1109 experte
598 1071 733 1110 poterat
761 1063 896 1098 credere
918 1061 1047 1097 Adria-

289 1127 354 1150 nus
390 1112 601 1149 samstjffimo
650 1115 760 1161 Papae
801 1113 974 1161 Gregorio
1020 1111 1047 1146 I.

291 1164 353 1211 qui
389 1163 425 1199 in
465 1163 585 1198 multis
628 1163 748 1199 Libris
775 1164 809 1198 ὃ(
837 1163 924 1198 locis
952 1162 1048 1198 dolet

291 1217 325 1250 &
353 1214 511 1262 deplorat
539 1213 624 1249 istud
653 1227 838 1262 gravamen
858 1241 866 1248 .
894 1216 947 1248 Ex
977 1226 1047 1261 quo

290 1265 438 1300 ostendit
466 1263 633 1299 sarcinam
663 1264 761 1299 illam
791 1264 897 1299 nimis
938 1264 1049 1298 mole-

291 1314 373 1349 stam
401 1315 465 1350 effe
492 1314 676 1353 omnibus,
705 1314 765 1361 qui
788 1314 984 1350 custodiunt
1004 1314 1048 1348 il—

292 1367 361 1400 lam
391 1364 568 1400 illaesam.
612 1365 693 1400 ldeo
721 1366 806 1400 bene
833 1364 1048 1400 Coelestinus

292 1418 338 1450 V,
365 1414 456 1463 quasi
515 1414 698 1450 mortifero
739 1414 827 1449 fasce
869 1414 1050 1462 deposito,

293 1478 372 1500 cum
413 1465 540 1513 gaudio
583 1464 620 1499 ὃ(
649 1464 786 1499 laetitia
824 1463 1048 1499 solitudinem

292 1515 493 1562 repetabat‚
521 1513 583 1548 nifi
611 1513 779 1548 retraRus
807 1512 922 1548 fuisset
950 1515 1052 1560 oper-51

294 1563 492 1600 Bonifacii.
533 1565 579 1598 Et
607 1573 722 1598 tamen
753 1563 788 1599 in
818 1564 884 1599 illo
913 1563 1052 1611 privato

294 1628 428 1651 carcere
456 1613 570 1649 sanffie
599 1613 714 1658 vixit,
735 1615 767 1649 8<
791 1614 944 1649 animam
974 1613 1053 1648 feli-

295 1666 384 1700 citer
400 1667 476 1699 Deo
494 1664 666 1699 reddidit:
698 1664 758 1700 ubi
775 1664 978 1700 Bonifatius
998 1664 1053 1699 in-

296 1713 450 1750 feliciter
485 1714 518 1747 &
561 1713 735 1759 desperate
771 1715 883 1749 vitam
912 1713 1053 1749 finivit.

297 1766 344 1800 Et
372 1762 557 1799 confirmat
584 1762 717 1798 dietum
747 1763 843 1798 suum
873 1777 932 1812 per
958 1777 1055 1799 com-

298 1814 514 1864 parationem
545 1814 696 1857 claram,
723 1814 862 1849 dicens:

349 1865 415 1899 che
449 1878 516 1898 men
553 1865 597 1898 mi
629 1864 647 1882 *
678 1863 804 1910 sembra
831 1874 912 1899 tutte
937 1863 960 1897 l’
977 1864 1057 1899 altre

394 1914 476 1961 some
492 1942 501 1950 .

300 1964 410 2005 idest,
447 1965 528 2013 quia
557 1973 669 2001 cetera
688 1978 801 2001 onera
819 1992 828 2008 ‚
869 1973 1058 2013 quantum-

301 2030 450 2063 cumque
488 2016 609 2065 gravia
647 2017 855 2055 videantur,
896 2016 1059 2050 videntur

303 2066 474 2102 leviffima
502 2067 539 2101 in
576 2067 837 2112 comparatione
876 2066 917 2101 ad
946 2066 1057 2101 istud.

304 2118 350 2151 Et
370 2116 448 2151 heic
469 2126 573 2159 nota,
601 2117 692 2163 quod
715 2119 794 2151 vere
816 2117 949 2151 nullum
971 2129 1058 2151 onus

302 2167 347 2203 est
377 2180 434 2213 par
461 2166 534 2201 isti.
565 2168 656 2201 Nam
683 2166 744 2213 qui
765 2169 945 2201 Summum
970 2168 1059 2202 Pon-

304 2216 478 2253 tificatum
507 2216 650 2264 adeptus
696 2216 760 2255 est,
802 2218 961 2251 omnium
999 2229 1058 2251 cu-

304 2282 356 2303 ras
375 2296 384 2311 ,
421 2267 580 2304 omnium
610 2266 779 2306 sarcinas,
820 2267 857 2302 in
886 2267 918 2302 se
945 2266 1055 2315 ipsum

303 2318 501 2354 transtulit.
552 2317 732 2363 Quoniam
778 2317 928 2353 intravit
965 2331 1058 2353 mare

305 2382 468 2418 magnum
498 2381 578 2403 cum
608 2381 711 2415 parva
748 2369 931 2411 navicula,
971 2381 1058 2416 quae

304 2420 437 2467 semper
464 2419 615 2466 agitatur
636 2418 774 2454 turbine
795 2419 952 2454 omnium
976 2432 1059 2453 ven—

304 2481 442 2506 torum.
486 2472 531 2504 Et
566 2482 608 2504 ex
638 2469 749 2504 libero
777 2468 886 2504 faetus
915 2468 1028 2504 servus
1052 2497 1060 2511 ,

304 2520 341 2555 in
371 2533 530 2569 magnam
575 2519 749 2555 miseriam
787 2519 935 2555 incidit.
973 2522 1060 2554 Om-

304 2571 401 2607 nium
430 2571 524 2607 enim
552 2571 692 2619 linguae
720 2571 761 2606 de
785 2584 826 2606 eo
848 2571 1060 2617 loquuntur.

627 244 928 289 COMMENT.
961 246 1024 290 IN
1053 241 1277 290 DANTIS
1303 235 1545 283 COMOED.

1073 1365 1080 1548 -—-—-—-—-

1756 239 1838 293 638

1072 308 1117 342 Αἰ
1138 306 1169 340 8<
1198 304 1351 338 lacerant
1378 300 1450 348 ejus
1480 299 1612 334 vitam,
1651 299 1697 333 Et
1725 295 1896 345 quidquid

1140 353 1224 390 mali
1253 351 1320 396 fit,
1358 360 1474 386 totum
1503 363 1546 384 ex
1575 348 1667 391 illo,
1708 348 1800 395 quasi
1830 360 1898 382 uno

1140 405 1237 440 fonte
1266 403 1437 438 malorum
1457 428 1467 444 ‚
1510 398 1703 448 proveniss'e
1741 398 1897 433 dicitur.

1142 455 1224 491 Ideo
1252 454 1337 489 bene
1365 451 1453 487 alius
1483 452 1574 498 Papa
1602 448 1799 486 Adrianus,
1838 460 1896 482 na-

1142 506 1239 542 tione
1269 502 1442 552 Anglicus
1469 501 1608 536 dicebat
1625 524 1635 539 ‚
1662 499 1755 546 quod
1787 497 1898 533 Pastor

1141 564 1216 592 erat
1243 554 1366 589 fimilis
1392 552 1534 596 ventri,
1572 559 1694 586 contra
1729 562 1833 597 quem
1857 560 1899 582 (ιε

1144 607 1208 642 lim
1245 605 1365 641 omnia
1394 604 1548 638 membra
1584 600 1707 649 injuste
1742 600 1903 646 conjura·

1146 666 1298 695 verunt,
1337 655 1416 690 ideo
1444 653 1526 702 juste
1554 651 1772 688 defecerunt.
1811 652 1904 687 Nam

1146 706 1359 744 stomachus,
1397 703 1489 752 quasi
1518 702 1633 739 servus
1661 701 1821 751 publicus
1849 700 1901 736 di«

1148 754 1305 806 spensans
1349 755 1470 791 omnia
1519 753 1683 789 omnibus
1737 752 1904 787 alimenta

1149 807 1341 844 subtraxit.
1378 806 1460 842 Ideo
1496 814 1536 840 ut
1572 804 1725 840 breviter
1761 803 1906 838 conclu<

1148 859 1251 900 dam,
1279 860 1440 893 Summus
1470 854 1722 893 pontificatus,
1759 852 1782 888 fi
1822 854 1908 889 bene

1150 909 1307 958 geritur,
1350 907 1395 942 est
1435 906 1587 942 summus
1634 904 1774 948 honor,
1817 902 1909 939 sum·-

1151 971 1248 994 mum
1282 970 1371 992 onus
1390 985 1399 1001 ,
1442 956 1572 992 summa
1600 955 1776 997 servitus,
1819 953 1910 989 sum«

1153 1023 1228 1045 mus
1256 1008 1377 1044 labor.
1415 1007 1450 1043 Si
1488 1009 1571 1042 vero
1599 1006 1711 1044 male,
1749 1003 1793 1039 est
1820 1003 1911 1040 sum-

1155 1073 1250 1096 mum
1293 1058 1487 1108 periculum
1529 1056 1691 1095 animae,
1738 1054 1912 1090 summum

1155 1111 1285 1145 malum
1300 1137 1310 1152 ‚
1338 1108 1470 1143 summa
1491 1106 1651 1151 miseria,
1676 1107 1830 1142 summus
1849 1119 1911 1154 pu-

1155 1162 1237 1196 dor.
1265 1162 1358 1208 Ergo
1384 1158 1530 1194 dubium
1558 1157 1603 1193 est
1639 1171 1681 1193 ex
1709 1156 1808 1192 omni
1837 1169 1914 1205 par-

1157 1221 1192 1247 te
1219 1210 1422 1259 negotium.
1452 1209 1533 1245 Ideo
1561 1209 1647 1243 bene
1669 1206 1840 1256 praefatus
1863 1208 1913 1243 A»

1157 1261 1297 1297 drianus
1335 1262 1427 1308 Papa
1475 1261 1538 1294 IV.
1579 1258 1745 1302 dicebat,
1781 1256 1916 1292 Cathe«

1159 1313 1253 1347 dram
1298 1310 1393 1346 Petri
1434 1308 1627 1358 spinosam,
1668 1307 1706 1344 δ(
1748 1307 1916 1343 Mantum

1160 1363 1232 1411 ejus
1260 1360 1466 1397 acutiffimis
1493 1373 1554 1408 per
1580 1368 1694 1394 totum
1719 1358 1916 1394 confertum

1160 1412 1311 1453 aculeis,
1348 1413 1381 1446 8<
1410 1420 1526 1446 tantae
1554 1409 1766 1458 gravitatis,
1795 1418 1833 1444 ut
1861 1422 1917 1444 ro-

1160 1461 1365 1498 bustiffimos
1394 1470 1527 1509 premat
1553 1464 1587 1495 δε
1616 1469 1774 1495 conterat
1795 1459 1916 1494 hume-

1160 1526 1236 1548 ros.
1279 1514 1327 1547 Et
1353 1510 1604 1546 concludebat:
1644 1513 1758 1546 Nonne
1794 1511 1918 1555 miseria

1159 1565 1276 1610 dignus
1302 1561 1363 1605 est,
1399 1563 1454 1608 qui
1476 1572 1533 1608 pro
1560 1572 1654 1596 tanta
1676 1571 1801 1608 pugnat
1829 1561 1918 1605 mise—

1161 1618 1242 1648 ria?
1269 1615 1315 1647 Et
1342 1612 1456 1647 dicit:
1498 1615 1546 1645 Un
1583 1612 1660 1653 mese
1695 1626 1710 1644 e
1734 1622 1806 1656 poco
1839 1612 1920 1657 pia,

1137 1698 1138 1702 ,
1162 1664 1244 1711 quia
1274 1663 1367 1698 stetit
1395 1662 1430 1697 in
1461 1663 1592 1709 Papatu
1621 1661 1710 1696 forte
1741 1662 1817 1697 XL.
1847 1660 1920 1696 die-

1163 1716 1247 1750 bus.
1276 1716 1321 1748 Et
1349 1713 1426 1748 heic
1454 1722 1560 1756 nota,
1589 1711 1681 1758 quod
1710 1724 1817 1759 quum
1845 1724 1922 1746 om-

1163 1765 1216 1799 nis
1254 1763 1439 1798 hominum
1478 1762 1552 1798 vita
1595 1762 1635 1797 fit
1675 1762 1818 1804 brevis,
1856 1764 1923 1797 Re-

1163 1827 1244 1861 gum
1272 1813 1317 1848 est
1346 1812 1507 1856 brevior,
1548 1811 1761 1847 Pontificum
1792 1811 1923 1846 brevis-

1163 1864 1264 1898 fima.
1315 1863 1417 1898 Unde
1454 1863 1570 1897 multo
1607 1862 1720 1909 major
1759 1873 1923 1897 numerus

1167 1913 1402 1954 Pontificum,
1439 1925 1543 1959 quam
1584 1913 1837 1958 Imperatorum
1867 1911 1924 1946 in-

1166 1964 1330 1999 venitur.
1372 1961 1467 2008 Quia
1494 1965 1571 1997 raro
1607 1961 1737 2009 aliquis
1774 1970 1922 1997 vocatur

1166 2014 1206 2050 ad
1236 2016 1372 2049 culmen
1401 2021 1519 2048 tantae
1546 2011 1754 2060 dignitatis,
1782 2010 1845 2047 nifi
1873 2011 1922 2047 se-

1168 2079 1233 2100 nex
1263 2065 1318 2099 vel
1347 2076 1490 2111 vergens
1518 2062 1555 2098 in
1584 2061 1738 2098 senium.

1219 2119 1268 2149 La
1295 2115 1360 2148 mia
1384 2112 1559 2153 con-version
1586 2133 1774 2140 -----

1169 2167 1260 2202 Heic
1290 2163 1466 2200 Adrianus
1507 2162 1682 2202 ostendit,
1724 2162 1863 2210 quando
1889 2163 1924 2198 δε

1169 2229 1273 2265 quare
1317 2213 1562 2261 recognoverit
1595 2225 1746 2249 errorem
1789 2212 1886 2248 suum
1914 2240 1923 2257 ‚

1169 2268 1307 2302 dicens:
1338 2270 1388 2301 La
1414 2265 1478 2300 mia
1504 2264 1701 2306 conversim,
1729 2262 1864 2300 scilicet
1884 2262 1923 2299 ad

1171 2320 1284 2353 Deum

1221 2386 1407 2395 -----
1433 2379 1450 2400 ο
1476 2379 1521 2399 me
1533 2365 1545 2398 s
1567 2365 1604 2408 fu
1631 2365 1749 2400 tarda.

1173 2421 1251 2454 Heu
1280 2416 1388 2453 mihi!
1428 2415 1510 2465 quia
1538 2415 1649 2451 solum
1676 2415 1770 2452 circa
1796 2414 1925 2451 finem:
1949 2450 1952 2453 ,

1174 2469 1275 2504 Unde
1302 2467 1419 2515 dicit3

1223 2522 1286 2553 Ma
1312 2531 1389 2553 come
1410 2517 1495 2561 fatto
1518 2516 1569 2560 fui
1595 2520 1720 2552 Roman
1747 2516 1891 2560 Pastore,

1172 2569 1277 2611 idest,
1308 2571 1395 2617 Papa
1423 2569 1622 2603 Romanus:

1214 2622 1235 2656 S
1261 2633 1277 2656 s
1331 2631 1351 2654 2
1807 2615 1879 2649 Cos?
