2216 3105
433 203 516 257 287

742 207 1176 254 BENVENUTI
1221 213 1628 256 IMOLENSIS

375 256 561 310 signatur;
604 262 719 310 primo
760 268 853 303 enim
896 283 914 304 a
958 272 1128 307 vocabulo
1161 275 1194 307 A

375 311 536 355 propriae

374 369 539 396 vocatus.
568 364 614 398 Et
643 366 790 406 merito,
819 369 900 416 quia
927 384 1054 406 nomen
1083 372 1126 407 est

373 409 563 447 consonans
592 414 660 450 rei.
689 417 814 453 Diaus
839 419 883 455 est
910 420 1003 455 enim
1031 424 1125 457 Dan-

371 466 424 494 tes
460 461 550 508 quasi
588 463 671 500 dans
709 466 740 502 se
767 468 808 503 ad
846 471 979 506 multa.
1017 472 1124 507 Dedit

371 521 521 557 namque
559 512 590 548 se
618 515 862 553 universaliter
898 520 938 554 ad
975 521 1123 566 omnia,

371 569 410 594 ut
440 562 573 607 parebit
600 563 637 599 in
667 565 817 602 discursu
845 569 946 616 hujus
972 571 1097 616 Operis
1114 599 1121 607 .

367 611 416 644 Et
443 612 606 648 omnibus
643 614 799 652 scientiis
825 631 964 665 operam
1001 620 1120 656 dedit.

366 660 414 694 Et
462 662 643 706 praecipue
688 667 848 702 Poeticae
889 669 1119 706 Scientiarum

365 709 705 750 deleffibiliffimae.
736 718 802 752 Vel
822 717 936 753 dietus
960 719 1004 754 est
1026 722 1121 755 Dan-

363 768 438 803 tes,
475 762 567 809 quasi
604 765 685 799 dans
720 768 828 807 Thea,
864 768 949 804 idest
986 769 1118 806 Dei&

363 810 581 848 Divinorum
600 815 765 852 notitiam
778 844 787 852 .
804 820 896 853 Nam
918 833 1025 868 quum
1042 822 1117 856 Au-

361 859 437 896 &or
471 861 529 898 iste
558 863 593 899 in
623 865 786 903 viridiori
824 878 935 905 aetate
973 871 1118 907 vacaffet

364 911 613 960 Philosophiae
654 918 804 953 naturali
840 921 875 954 δ(
911 922 1039 957 morali
1081 923 1116 956 in

360 963 540 999 Florentia
562 988 573 1004 ,
612 966 791 1008 Bononia,
828 971 862 1004 8<
901 971 1041 1011 Padua,
1079 972 1116 1006 in

359 1022 495 1049 matura
532 1024 644 1065 aetate
680 1018 749 1066 jam
787 1021 906 1063 exul,
947 1020 1044 1056 dedit
1085 1021 1116 1055 se

359 1064 479 1099 Sacrae
517 1063 736 1115 Theologiae
774 1069 943 1105 Parisius.
980 1070 1052 1105 Ubi
1077 1085 1115 1105 ra-

357 1112 422 1148 deo
450 1115 520 1150 alte
547 1117 717 1160 emicuit,
755 1120 846 1166 quod
876 1120 917 1154 ab
946 1120 1026 1155 aliis
1053 1133 1116 1156 vo—

358 1164 501 1200 cabatur
531 1167 660 1211 Poeta,
688 1168 730 1203 ab
755 1169 834 1204 aliis
862 1170 1115 1217 Philosophus,

357 1215 399 1249 ab
439 1216 519 1250 aliis
558 1216 788 1267 Theologus.
832 1222 961 1256 Nullus
999 1231 1114 1257 autem

356 1264 425 1300 fuit
463 1268 594 1307 Poeta,
637 1269 698 1316 qui
738 1270 935 1306 Paradisum
976 1273 1115 1308 poetice

357 1315 591 1362 describeret,
634 1319 695 1354 nifi
735 1320 792 1355 hic
832 1323 936 1356 Poeta
974 1322 1115 1358 munifi-

358 1379 438 1410 cus,
467 1368 527 1414 qui
557 1368 597 1404 de
627 1369 659 1404 se
687 1370 761 1417 ipso
791 1371 974 1418 profitetur
1000 1372 1037 1406 in
1067 1372 1115 1407 se-

358 1417 471 1453 cundo
492 1420 610 1455 Cantu
633 1419 780 1455 Paradisi
804 1420 944 1465 dicens,
965 1422 1060 1457 Vers.
1081 1435 1114 1469 7.

402 1466 443 1502 L’
465 1481 564 1515 acqua
585 1494 595 1509 ,
637 1469 682 1504 ch'
704 1471 734 1504 io
773 1473 889 1518 prendo
912 1496 922 1511 ‚
955 1471 1016 1518 gia}
1051 1474 1116 1507 mai

461 1533 521 1552 non
570 1533 582 1553 ι
617 1520 712 1565 corse-

360 1568 572 1616 Aldigherius
609 1582 737 1606 nomen
768 1571 828 1607 ‚est
872 1572 1114 1621 cognationis.

359 1619 444 1654 Fuit
471 1632 620 1668 namque
657 1623 788 1657 Dantes
824 1621 1002 1670 Majorum
1041 1623 1114 1658 san—

356 1669 465 1717 guine
507 1670 716 1718 generosus,
758 1671 893 1708 scilicet
933 1674 974 1708 de
1010 1673 1114 1708 Aldi-

360 1719 516 1768 gheriiS.
553 1722 659 1767 Quod
696 1735 822 1757 nomen
860 1722 928 1758 suit
964 1723 1113 1759 trafiium

359 1771 401 1805 ab
439 1769 658 1818 Aldigheriis
702 1773 880 1808 nobilibus
916 1772 957 1808 de
997 1776 1114 1808 Ferra-

354 1820 428 1859 ria,
457 1830 498 1856 ut
526 1821 663 1856 dicetur
691 1824 807 1858 cantu
836 1826 913 1858 XV.
944 1823 1112 1863 Paradifi,

354 1870 414 1905 ubi
445 1871 583 1906 Aufiior
611 1872 806 1908 introducit
833 1874 1019 1920 quemdam
1049 1887 1112 1908 no·-

351 1921 459 1956 bilem
487 1921 655 1957 Militem
685 1922 869 1970 antiquum
910 1923 1108 1969 praedeces—

354 1970 467 2006 sorem
496 1971 593 2007 suurn
621 1972 817 2017 dicentem,
848 1973 932 2008 vers.
964 1986 1043 2021 137.

404 2022 483 2056 Ima
512 2026 627 2057 Donna
661 2036 762 2057 venne
787 2038 808 2059 a
834 2037 880 2058 me
917 2024 953 2058 di
990 2025 1051 2059 Val
1076 2025 1112 2059 di

456 2075 564 2108 PadO.

356 2121 501 2157 Constat
521 2132 637 2159 autem
659 2124 851 2160 Ferrariam
872 2125 937 2160 effe
963 2124 1001 2160 in
1024 2125 1109 2159 Val—

352 2172 386 2206 le
418 2173 526 2208 Padi.
559 2174 757 2221 Aldigherii
785 2183 901 2210 autem
929 2174 1109 2210 descende-

351 2231 433 2256 runt
470 2236 512 2257 ex
551 2224 726 2264 Heliseis,
763 2224 853 2259 unde
888 2224 981 2260 idem
1020 2225 1109 2260 dicit

352 2271 507 2312 ibidem,
537 2272 632 2308 Vers.
664 2275 745 2320 136.

402 2325 549 2357 Moronto
570 2324 609 2367 fu
637 2325 697 2357 mio
718 2325 828 2367 frate,
861 2323 908 2362 (ὧν
934 2324 1081 2369 Heltseo.

346 2376 393 2408 Et
420 2373 552 2409 dicitur
591 2376 715 2408 nantes
742 2374 977 2420 Aldigherius,
1015 2374 1107 2421 quasi

577 312 876 354 denominationis
922 323 1045 355 Dantes
1084 321 1152 357 est'

1153 1629 1184 1660 D

1851 218 1932 258 288

1238 274 1344 307 altam
1374 272 1612 320 phantasiam,
1650 280 1709 309 aut
1736 281 1807 308 tam
1836 274 1992 308 nobilem

1237 323 1418 358 materiam
1459 322 1589 362 scivit,
1631 324 1687 358 vel
1728 323 1888 359 invenire
1928 336 1989 370 po-

1236 373 1336 417 tuit,
1373 373 1410 408 in
1452 386 1518 422 qua
1559 374 1839 420 tam‘eleganter
1880 372 1989 408 tradit

1236 422 1475 471 cognitionem
1495 436 1608 458 rerum
1629 422 1855 458 humanarum
1877 422 1914 459 ὃ(
1933 423 1985 458 di—

1235 473 1418 513 vinarum,
1447 473 1641 511 virtutum,
1668 474 1702 508 &
1730 486 1866 508 morum
1895 473 1984 512 fere,

1235 522 1373 558 afi‘cuum
1401 523 1654 562 humanorum,
1682 522 1720 558 δε
1748 523 1983 570 aquifibilium

1234 573 1381 608 mundi.
1418 574 1523 618 Quod
1551 584 1667 609 autem
1695 573 1836 621 quidam
1865 574 1986 609 dicunt

1232 623 1422 669 ffldighert'i
1445 647 1456 661 ,
1492 627 1517 657 S
1552 623 1656 658 finale
1693 623 1906 658 subtrahitur
1942 637 1983 659 ex

1233 672 1313 711 usu,
1349 673 1383 706 δε
1412 671 1503 718 quod
1532 674 1594 707 alii
1622 672 1745 707 dicunt
1770 674 1982 719 Allagherii,

1205 734 1207 739 ‘
1231 731 1458 769 corrumpunt
1479 721 1626 756 omnino
1649 722 1877 757 vocabulum.
1900 724 1983 756 Poe<

1230 781 1265 807 ta
1293 785 1419 806 nomen
1448 772 1492 806 est
1520 771 1735 819 profeffionis
1763 770 1832 806 &c-

1280 822 1483 856 Florentium
1511 822 1721 857 vocabulum
1751 821 1795 857 est
1825 821 1981 869 propriae

1230 872 1408 907 nationis.
1447 874 1707 919 Argumentum
1745 871 1838 906 enim
1877 871 1981 907 sumi-

1230 930 1286 956 tur
1312 935 1330 956 a
1358 922 1469 968 patria
1496 922 1674 957 Florentia
1705 922 1801 967 juxta
1830 923 1981 957 vocabu-

1229 971 1255 1005 li
1284 970 1505 1006 allusionem.
1539 971 1796 1006 Florentiffima
1825 970 1981 1006 Urbium

1229 1021 1319 1054 hunc
1348 1019 1469 1055 florem
1498 1020 1631 1068 peperit
1658 1021 1810 1063 mundo,
1838 1020 1899 1067 qui
1928 1031 1982 1056 at-

1229 1070 1314 1105 tulit
1341 1069 1477 1106 tantum
1506 1069 1680 1113 fruEium,
1708 1071 1794 1105 licet
1821 1083 1891 1104 non
1919 1084 1981 1105 no—

1229 1120 1345 1164 verit,
1382 1120 1437 1155 sed
1474 1121 1692 1168 expulerit‘a
1720 1120 1773 1159 se,
1811 1133 1915 1167 quum
1945 1134 1980 1156 e-

1227 1180 1279 1206 rat
1315 1170 1352 1205 in
1389 1170 1464 1218 ipso
1502 1170 1587 1206 flore
1617 1171 1762 1209 aetatis,
1800 1170 1978 1210 fortunae,

1225 1222 1259 1256 &
1296 1220 1506 1267 dignitatis.
1544 1221 1652 1257 Unde
1688 1220 1980 1268 quemadmodum

1227 1267 1284 1307 iste
1313 1273 1418 1306 Poeta
1446 1271 1587 1307 illustris
1624 1270 1660 1306 in
1692 1273 1750 1305 XI.
1779 1269 1885 1306 Cant.
1918 1273 1981 1306 Pa-

1226 1322 1294 1356 rad.
1316 1321 1412 1357 Vers.
1435 1333 1492 1366 50.
1514 1323 1658 1357 Beatum
1681 1320 1900 1356 Franciscum
1920 1334 1980 1368 ap-

1226 1373 1333 1418 pellat
1360 1374 1501 1415 Solem,
1539 1370 1577 1408 &
1604 1372 1719 1406 locum
1748 1370 1896 1418 originis
1933 1371 1979 1406 il-

1224 1421 1292 1457 lius
1315 1422 1521 1466 Orientem,
1549 1422 1599 1457 ita
1624 1435 1689 1470 ego
1713 1422 1841 1457 merito
1865 1420 1979 1469 ipsum

1226 1474 1375 1507 Dantem
1405 1472 1553 1507 dixerim
1584 1474 1721 1515 Solem,
1751 1471 1812 1518 qui
1842 1472 1977 1506 moder—

1225 1522 1278 1557 nis
1306 1522 1520 1569 temporibus
1559 1521 1682 1556 illuxit
1719 1520 1977 1555 ambulantibus

1224 1572 1260 1607 in
1297 1572 1436 1607 tenebra
1474 1571 1694 1620 ignorantiae
1730 1569 1888 1605 Poeticae
1925 1569 1975 1605 fa-

1225 1623 1394 1670 cultatis;
1435 1621 1472 1657 &
1512 1620 1726 1656 Florentiam
1764 1620 1976 1664 Orientem,

1224 1686 1310 1719 quae
1337 1672 1428 1707 hunc
1465 1670 1769 1720 praeclarissimum
1799 1671 1913 1705 Solem
1941 1683 1978 1705 e-

1225 1722 1316 1757 mifit
1343 1722 1380 1757 in
1408 1723 1609 1756 Mundum.
1648 1724 1760 1757 Natus
1788 1720 1831 1755 est
1861 1729 1976 1755 autem

1224 1772 1282 1807 iste
1323 1770 1592 1815 fulgentiffimus
1632 1770 1792 1818 splendor
1833 1771 1977 1805 Italicus

1197 1833 1199 1845 ¹
1224 1822 1259 1857 in
1297 1822 1447 1870 praefata
1485 1821 1596 1870 patria
1625 1820 1704 1859 sua,
1733 1829 1876 1855 vacante
1906 1822 1977 1854 Ro-

1197 1906 1199 1918 ,
1224 1886 1327 1907 mano
1355 1872 1507 1920 Imperio
1543 1885 1600 1917 per
1629 1879 1777 1906 mortem
1807 1869 1975 1905 Friderici

1225 1925 1268 1957 11.
1296 1922 1414 1957 famosi
1453 1921 1675 1970 Imperatoris
1713 1923 1974 1971 Romanorum,

1224 1975 1330 2008 Anno
1368 1972 1562 2008 salutiferae
1596 1970 1851 2006 lncarnationis
1880 1969 1975 2004 Uni-

1224 2022 1306 2058 verfi
1337 2023 1440 2071 Regis
1470 2024 1696 2058 MCCLXV.
1734 2021 1877 2056 Sedente
1907 2021 1974 2054 Ur-

1196 2064 1198 2095 3
1223 2074 1311 2107 bano
1340 2075 1430 2120 Papa
1458 2075 1521 2107 IV.
1549 2075 1594 2107 Et
1623 2072 1705 2107 haec
1732 2070 1774 2105 de
1797 2069 1973 2105 Auetore.

1221 2123 1373 2158 Materia
1401 2122 1469 2158 five
1497 2122 1687 2171 suffic-&um
1716 2122 1781 2156 &c.

1309 2176 1371 2209 Ad
1397 2177 1491 2208 Cant.
1520 2176 1544 2208 I.
1573 2172 1694 2216 Inferni
1722 2171 1802 2216 Vers.
1832 2182 1890 2217 31.

1271 2226 1319 2258 Et
1345 2237 1405 2258 ecco
1432 2223 1519 2267 quast
1545 2225 1579 2258 al
1606 2222 1767 2257 cominciar
1792 2220 1868 2255 dell’
1886 2230 1950 2255 erra

1273 2277 1343 2308 Una
1369 2277 1481 2319 Lonza
1507 2275 1630 2321 leggera
1656 2287 1670 2306 e
1693 2272 1794 2319 presta
1821 2271 1941 2312 molto,-

1224 2324 1336 2359 Pietas
1366 2326 1468 2360 Pax-di
1503 2324 1613 2371 magis
1641 2323 1780 2359 videtur
1808 2318 1971 2357 conveni—

1221 2387 1255 2408 re
1282 2375 1462 2418 luxuriae,
1490 2383 1527 2409 ut
1556 2383 1650 2422 patet
1678 2386 1719 2408 ex
1748 2371 1872 2412 distis,
1896 2378 1971 2404 tum

351 2426 421 2460 alta
450 2423 629 2471 digerens,
660 2424 716 2458 vel
738 2423 806 2459 alia
827 2424 983 2471 digerens
1003 2426 1106 2470 quam
1134 2439 1135 2464 l
1194 2418 1300 2471 {quia
1346 2424 1432 2460 istud
1474 2426 1684 2460 vocabulum
1727 2419 1971 2456 Florentinum

353 2474 415 2509 alii
455 2475 599 2509 Poetae.
639 2475 756 2510 Nemo
782 2486 947 2521 umquam
986 2465 1136 2512 Poeta—l

350 2540 426 2564 rum
449 2525 611 2572 (nullum
639 2524 863 2573 excipimus)
885 2524 1007 2560 habuit
1034 2533 1106 2561 tam
1133 2524 1138 2551 ἕ

1192 2473 1196 2501 ἕ
1219 2474 1359 2510 videtur
1375 2474 1484 2523 magis
1501 2476 1689 2514 importare
1708 2471 1854 2506 Pardum
1868 2470 1972 2517 quam

1194 2522 1197 2559 ἱ
1221 2525 1324 2560 aliam
1353 2524 1480 2560 feram.
1518 2524 1624 2559 Unde
1651 2521 1732 2556 dnm
1761 2519 1864 2555 semel
1893 2532 1973 2566 por-

1834 2578 1923 2605 tare—
