2216 3105
402 199 449 226 11

708 187 1101 248 ANTIQUIT.
1146 187 1382 233 MEDII
1419 191 1600 234 AEVI

1855 210 1902 237 12

337 243 457 276 'oculum
473 268 484 283 ‚
521 246 830 282 EXCEPTOREs
856 247 911 294 effe
946 264 966 283 a
1001 262 1096 284 manu
1124 249 1171 283 -A
1211 260 1290 284 tores
1316 263 1353 285 ne
1381 250 1548 285 militent:
1583 250 1643 287 ubi
1673 250 1765 286 inter
1791 253 1967 297 Negotian—

337 293 552 340 defiriptoris,
578 296 675 341 iisque
700 295 858 342 neceffario
873 298 1030 345 substitui
1054 300 1097 332 (θ’

337 344 478 378 revocari
504 348 822 383 EXCOCTORES.
857 350 973 385 Immo
1000 357 1096 398 patet

339 393 381 428 ad
417 396 581 436 oculum,
620 397 815 434 Reinefium
853 399 969 436 virum
1006 400 1095 435 alio-

338 443 399 492 qui
429 444 664 482 doffiffimum
682 474 692 491 ‚
730 448 963 486 confidentius
990 462 1094 498 quam

339 507 401 542 par
428 495 471 530 est
508 496 684 533 interdum
722 512 820 547 agere
856 499 893 535 in
931 500 1096 548 antiquo-

337 558 414 580 rum
444 547 680 583 monumentis
706 547 766 584 suo
790 549 934 597 ingenio
954 552 986 585 &
1012 564 1095 586 con-

336 596 468 644 jeE‘curfi
505 596 757 634 immutandis.
795 600 887 635 Heic
924 609 1016 636 certe
1050 600 1096 636 il-

337 647 411 681 lum
442 646 497 681 sua
526 647 653 683 defecit
681 648 854 685 eruditio.
884 651 1097 697 Argentarios

337 696 479 744 quidem
510 700 653 737 Fabros,
684 700 717 733 &
745 701 957 746 Argentariae
984 701 1096 746 Vascu-

339 747 434 781 darios
458 747 622 784 habemus
648 748 685 784 in
706 747 842 785 Codice
862 750 1095 794 Justinianeo,

340 807 582 845 argenteorum
617 799 752 835 scilicet
781 800 940 836 vasorum
968 802 1097 837 Artifi-

338 860 413 882 ces.
438 848 562 884 Itidem
584 848 622 884 in
643 850 876 899 Inscriptione
897 852 985 899 apud
1006 854 1098 887 Gru—

337 905 451 932 terum
491 911 566 946 pag.
603 901 687 935 621.
721 912 750 935 1.
788 902 942 936 occurrit
979 905 1098 938 CVR-

338 948 419 983 Tll.
435 950 506 983 [VS
534 951 802 986 HERMEROS
825 954 985 988 FABER
1011 955 1097 988 AR—

336 1000 646 1036 GENTARIVS.
685 1004 737 1036 At
765 1015 871 1050 quum
906 1003 935 1038 ii
964 1016 1097 1038 memo-

336 1058 459 1083 rantur
478 1074 485 1086 ‚
525 1050 602 1086 addi
634 1050 721 1087 solet
751 1052 911 1099 aliquid,
941 1054 1095 1101 exempli

336 1099 437 1134 caus&
465 1099 595 1140 Faber,
633 1111 692 1137 aut
719 1103 827 1136 Tritor
852 1104 1094 1149 Argentarius,

336 1158 377 1184 ut
405 1149 549 1185 Artifex
578 1151 789 1191 defianetur.
826 1155 947 1197 Quum
979 1162 1095 1188 autem

334 1198 405 1234 fine
443 1201 516 1235 ullo
545 1201 710 1248 adjuneto
738 1204 932 1249 Argentarii
968 1217 1095 1238 nomen

337 1249 427 1296 apud
467 1260 598 1286 veteres
635 1252 817 1291 occurrit,
855 1253 1095 1293 Mensarium,

336 1301 565 1347 Trapezitam
588 1326 599 1341 ,
636 1302 866 1347 Collybistam
906 1303 1096 1352 significare

337 1351 545 1386 consuevit.
584 1354 803 1399 Argentariae
838 1355 957 1397 mensae
984 1355 1097 1388 exerci-

336 1411 416 1435 tores
444 1413 683 1438 memorantur
710 1404 745 1438 in
772 1405 858 1451 Leg.
881 1417 916 1449 4.
940 1404 976 1438 ff.
1000 1406 1039 1437 de
1065 1419 1096 1438 e—

335 1453 459 1487 dendo.
497 1454 535 1486 In
574 1453 653 1488 aliis
685 1453 839 1500 Legibus
871 1453 1032 1488 Pande&
1061 1455 1094 1489 8(

336 1501 485 1538 Codicis
510 1503 734 1546 Justinianei,
755 1503 948 1549 Argentarii
971 1503 1030 1539 sub
1056 1518 1095 1540 ea

337 1552 593 1600 significatione
630 1564 887 1593 memorantur,
925 1554 977 1589 uti
1006 1555 1092 1602 jam-

337 1602 399 1637 diu
427 1603 495 1638 viri
525 1603 713 1639 doetiffimi
752 1604 1093 1645 animadverterunt,

337 1651 375 1687 ὃ(
405 1653 614 1700 apertiffime
651 1655 810 1702 proditur
846 1654 882 1689 in
910 1654 1092 1698 justiniani

337 1704 492 1740 Novella
528 1716 608 1751 131.
645 1705 704 1740 ubi
742 1706 934 1750 Argentarii
969 1705 1092 1741 dicun-

336 1764 394 1789 tur
422 1766 560 1789 mutuam
586 1755 747 1800 pecuniam
773 1758 848 1790 dare
864 1782 872 1790 .

388 1806 442 1839 Ita
479 1805 599 1840 mirari
629 1806 811 1854 quisquam
849 1805 976 1854 poffit,
1005 1820 1093 1853 quo—

338 1855 445 1890 modo
472 1856 684 1896 Guffierius,
714 1858 770 1892 vir
798 1870 867 1892 non
898 1857 1093 1892 eruditione

336 1905 454 1940 minus
496 1919 597 1953 quam
642 1907 779 1955 antiqui
817 1906 908 1951 Juris
950 1907 1094 1943 scienti&

338 1956 641 2003 praestantissimus
658 1982 667 1997 ,
696 1959 777 1993 Lib.
801 1971 832 2006 3.
855 1956 944 2002 Cap.
968 1970 1026 1993 22.
1055 1958 1095 1993 de

339 2006 442 2041 offic.
472 2009 606 2043 Domus
635 2008 777 2056 August.
808 2007 982 2056 postquam
1014 2008 1096 2044 scri-

339 2057 427 2104 pfit,
462 2059 674 2105 Argentarios
709 2060 745 2094 in
777 2061 872 2108 Lege
904 2070 959 2104 27.
987 2057 1032 2094 C.
1059 2061 1098 2093 de

339 2109 523 2154 pignoribus
559 2109 727 2157 appellari
753 2111 897 2155 Argenti
930 2109 1096 2150 distraffo-

339 2171 411 2198 res,
448 2158 582 2194 eosdem
621 2159 717 2195 fuisse
751 2160 911 2196 decernat
936 2165 1097 2201 ἀρνυξπρά·

341 2226 406 2247 τας,
434 2211 488 2256 qm'
518 2210 636 2253 scilicet
672 2211 706 2243 in
741 2221 846 2244 tenues
881 2212 1018 2246 laminas
1044 2225 1098 2246 ar—

336 2272 467 2310 gentum
493 2262 667 2300 dividunt,
704 2261 815 2306 quibus
836 2260 903 2304 fila
924 2262 1020 2305 serico
1047 2262 1099 2295 in—

338 2313 452 2348 voluta
478 2321 644 2346 texuntur.
677 2310 781 2346 Nihil
810 2310 904 2346 aliud
934 2322 1098 2358 argentum

337 2363 506 2406 distrahere
536 2361 630 2405 fuit,
660 2360 721 2396 nisi
760 2361 943 2409 pecuniam
974 2372 1098 2397 mutuo

338 2415 439 2457 dare,
477 2414 532 2448 feu
560 2412 730 2450 vendere,
769 2411 824 2447 seu
853 2422 1094 2447 commutare:

339 2465 432 2514 quod
458 2463 495 2500 &
517 2476 558 2498 ex
581 2471 681 2497 textu
709 2461 807 2497 illius
833 2462 939 2510 Legis
965 2462 1099 2510 liquet,

342 2516 394 2552 uti
422 2515 530 2551 etiam
557 2527 599 2550 ex
626 2515 722 2562 Lege
749 2513 852 2549 unica
879 2516 917 2549 C.
946 2513 1100 2561 Negotia-

1135 1150 1166 1184 C

1139 2054 1166 2086 Ε
1182 2050 1185 2115 l

1125 2267 1189 2561 Η

1211 311 1282 339 tes,
1319 313 1389 336 non
1426 301 1519 337 inter
1545 300 1714 337 Artifices
1749 300 1968 337 recensentur

1211 351 1356 398 Argenti
1391 351 1617 394 Distraft'ores.
1653 354 1762 387 Erant
1789 365 1871 400 ergo
1896 355 1969 386 Ar-

1207 401 1349 447 gentarii
1395 402 1677 440 Permutatores,
1720 404 1969 450 Negotiatores

1212 451 1363 499 Argenti
1389 451 1462 491 sui,
1488 453 1544 487 vel
1570 451 1631 486 fibi
1655 451 1803 490 crediti,
1828 450 1865 486 ὃ(
1890 449 1967 486 Cu-

1211 499 1317 536 stodes
1351 501 1478 538 alieni.
1515 505 1562 537 Et
1590 501 1673 549 quia
1708 500 1969 547 deponebantur

1211 551 1300 598 apud
1327 565 1385 586 eos
1411 552 1598 599 pecuniae,
1624 550 1662 587 &
1686 551 1883 586 contrafitus
1912 564 1967 585 ce-

1211 601 1454 641 lebrabantur,
1475 601 1575 637 libris
1596 601 1651 636 seu
1671 600 1891 636 Kalendariis
1911 600 1967 636 in-

1211 649 1404 691 scribendi,
1431 651 1511 687 ideo
1539 654 1723 698 Exceptores
1751 664 1889 699 quoque
1917 651 1966 686 eis

1211 701 1412 750 neceffarii;
1434 700 1472 737 &
1494 711 1681 749 utrumque
1703 702 1862 737 ordinem
1889 714 1967 748 pro-

1211 761 1325 799 pterea
1352 751 1510 800 jumstum
1539 751 1749 800 reperimus,
1774 750 1837 786 nisi
1864 754 1964 785 Exce-

1205 812 1306 848 ptores
1331 801 1573 850 intelligamus
1597 802 1789 848 publicorum
1815 800 1959 847 veJiga-

1208 853 1287 885 lium
1312 851 1522 891 conduflores,
1543 853 1596 887 uti
1625 850 1860 897 Du-Cangius
1885 863 1963 886 cen>

1208 901 1295 938 suit.
1325 905 1364 938 In
1394 902 1500 937 variis
1527 902 1682 950 Legibus
1716 901 1844 949 Digest.
1871 902 1909 935 de
1935 915 1965 935 ε»

1207 954 1327 991 dendo,
1348 953 1554 1001 Argentarii
1578 953 1713 987 rationes
1734 953 1820 986 edere
1844 951 1966 1000 juben—

1208 1012 1285 1042 tur,
1313 1003 1388 1048 quia
1415 1002 1553 1046 officium
1589 1003 1713 1036 illorum
1748 1013 1840 1048 atque
1870 1002 1966 1035 mini-

1201 1053 1331 1094 sterium
1356 1051 1515 1097 publicam
1538 1054 1630 1086 habet
1656 1053 1799 1096 causam,
1825 1053 1867 1084 (9¹
1894 1054 1966 1085 haec

1206 1102 1392 1148 principalis
1418 1115 1520 1135 eorum
1544 1112 1634 1148 opera
1661 1101 1721 1143 est,
1746 1113 1781 1135 ut
1806 1100 1896 1135 aa‘Jus
1914 1101 1968 1144 sui

1209 1152 1342 1186 rationes
1360 1152 1530 1198 diligenter
1553 1151 1737 1195 conficiant.
1759 1153 1876 1196 Quare
1896 1153 1965 1185 Ex-

1208 1213 1337 1249 ceptores
1372 1215 1443 1237 non
1479 1201 1661 1237 Excofflores
1694 1202 1730 1236 in
1761 1200 1965 1236 Reinefiano

1210 1252 1325 1301 lapide
1360 1252 1452 1287 reS’te
1495 1253 1732 1287 collocatum:
1773 1250 1809 1286 δε
1848 1264 1966 1286 revera

1209 1302 1338 1350 legitur
1362 1302 1412 1337 ita
1439 1302 1475 1336 in
1501 1315 1673 1337 marmore
1699 1301 1808 1336 adhuc
1834 1304 1965 1336 Romae

1209 1352 1393 1388 existente.
1418 1351 1640 1399 Conjunffios
1661 1352 1764 1387 habes
1785 1352 1819 1386 in
1843 1351 1963 1386 eodem

1209 1403 1324 1449 lapide
1349 1416 1425 1437 cum
1449 1403 1657 1449 Argentariis
1682 1402 1887 1448 Negotiantes
1909 1402 1966 1435 Vi-

1210 1453 1268 1487 ni:
1294 1453 1386 1500 quod
1414 1451 1451 1488 &
1478 1453 1514 1488 in
1544 1452 1775 1500 Inscriptione
1803 1465 1819 1486 a
1849 1465 1903 1486 me
1931 1464 1965 1485 e—

1209 1503 1284 1538 dita
1311 1503 1586 1538 animadvertere
1615 1502 1776 1548 potuisti.
1804 1502 1853 1536 Ea
1881 1511 1966 1549 puto

1209 1553 1249 1588 de
1287 1553 1419 1591 caus-55,
1448 1553 1539 1600 quod
1578 1554 1758 1600 pleraeque
1789 1554 1964 1600 Argenta-

1210 1603 1341 1638 riorum
1380 1603 1514 1638 mensae
1551 1617 1590 1638 ac
1617 1604 1778 1638 tabernae
1814 1604 1851 1637 in
1884 1605 1965 1636 Foro

1211 1656 1340 1689 Vinaria
1375 1655 1505 1689 effent.
1543 1653 1647 1701 Apud
1684 1653 1795 1701 ipsum
1839 1652 1965 1687 Reime-

1210 1704 1292 1739 sium
1330 1704 1434 1739 Claff.
1475 1706 1537 1738 IV.
1575 1716 1668 1738 num.
1704 1718 1739 1748 4.
1778 1700 1965 1739 Inscriotio

1209 1754 1350 1792 visum,
1372 1755 1407 1788 in
1429 1767 1495 1800 qua
1517 1756 1562 1797 Q.
1583 1754 1815 1787 AVFIDIVS
1836 1754 1966 1787 MEN-

1210 1807 1379 1839 SARIVS
1404 1805 1678 1838 TABERNAE
1704 1805 1966 1837 ARGENTA-

1211 1856 1327 1889 RiAE
1351 1856 1421 1889 AD
1447 1855 1654 1889 SCVTVM
1675 1854 1967 1888 CIMBRICVM

1211 1906 1278 1951 (ut
1309 1905 1430 1940 Italice
1468 1905 1591 1951 loquar
1627 1914 1699 1939 erat
1736 1903 1801 1938 hoc
1840 1904 1968 1949 insegna

1209 1957 1294 1990 della
1335 1956 1391 1998 [ua
1432 1957 1582 2000 bottega)
1622 1956 1734 1989 CVM
1775 1955 1966 1989 MAGNA

1210 2008 1263 2040 Vl
1293 2007 1435 2041 AERIS
1473 2007 1648 2041 ALIENI
1685 2007 1849 2040 CESSnT
1887 2006 1966 2039 Fo-

1214 2059 1298 2096 Ro,
1324 2057 1418 2103 (hoc
1447 2056 1489 2091 est
1512 2056 1587 2098 fall)
1604 2056 1636 2102 ).
1664 2054 1835 2090 Produxit
1859 2054 1966 2090 etiam

1211 2105 1354 2143 Clariss.
1380 2107 1508 2141 Gorius
1535 2106 1616 2141 Lib.
1646 2110 1672 2140 1.
1696 2118 1770 2153 pag.
1798 2108 1880 2151 308.
1908 2106 1967 2139 In—

1211 2157 1389 2204 scription.
1434 2156 1664 2191 Florentinar.
1713 2156 1833 2190 nobile
1876 2168 1967 2189 mar—

1213 2221 1307 2246 mor,
1335 2207 1370 2242 in
1400 2220 1469 2254 quo
1496 2208 1576 2242 CN.
1606 2208 1813 2241 SENTWS
1849 2206 1967 2253 appel-

1211 2260 1302 2292 latur
1324 2259 1393 2292 AD
1416 2259 1731 2301 QVADRIGAM
1757 2258 1871 2292 FORI
1898 2257 1969 2290 VI·-

1213 2310 1354 2344 NARH
1398 2309 1665 2342 PATRONVS
1703 2307 1967 2341 ARGENTA-

1213 2360 1406 2393 RIORVM
1434 2360 1499 2392 ET
1525 2359 1869 2392 NEGOTIATOR.
1896 2357 1966 2390 Vl-

1212 2411 1415 2445 NARIOR.
1463 2409 1575 2444 Fuifl'e
1621 2418 1736 2443 tamen
1780 2405 1965 2441 discrimen

1210 2461 1304 2495 inter
1329 2460 1540 2506 Argentarios
1567 2457 1604 2494 ὃς
1628 2458 1861 2493 szu-nnlarios
1888 2469 1968 2501 pro-

1211 2510 1263 2546 dit
1291 2509 1480 2558 Inscriptio
1508 2509 1601 2546 edita
1628 2523 1647 2544 a
1684 2508 1849 2544 Fabretto
1876 2504 1967 2554 Cap·

1780 2570 1814 2605 9·
1841 2569 1918 2605 9³53·
