2216 3105
329 235 412 284 629
568 267 571 268 γ
626 228 926 274 COMMENT.
955 231 1020 275 IN
1046 228 1274 274 DANTIS
1301 228 1542 273 COMOED.
1751 235 1779 274 6
1784 245 1836 286 30

326 292 353 322 ο
387 291 500 324 Marco
534 288 595 324 mio
617 313 629 329 ,
668 288 744 334 affe
760 290 788 324 io
809 313 820 329 ,
859 288 1033 338 ben’argo-
1071 296 1103 330 Α
1185 288 1317 333 Rispose
1342 303 1362 324 a
1388 301 1462 322 me:
1488 309 1504 315 -
1530 310 1546 315 -
1573 308 1589 315 -
1615 309 1631 317 ⁹

377 349 473 374 mentl
488 353 503 373 .'

277 402 320 425 ex
337 389 593 425 commixtione
610 389 741 437 gladii,
757 391 789 426 &
808 391 898 427 clare
919 391 1033 440 arguis

279 440 413 476 causam
443 454 501 488 per
536 441 717 476 effestum.
754 443 803 477 Et
836 441 902 477 hoc
930 442 1033 478 video

279 504 321 526 ex
350 491 441 525 bono
470 490 693 526 testimonio.
732 492 789 527 Ad
825 492 922 541 cujus
958 493 1033 528 evi-

279 540 434 575 dentiam
476 540 651 577 sciendum
694 541 739 577 est
763 570 773 585 ,
814 543 908 590 quod
951 542 1034 579 sicut

279 592 387 638 posset
408 591 531 639 colligi
551 605 593 627 ex
616 592 738 628 multis
764 592 883 629 Libris
911 592 1034 633 sacris,

280 642 312 675 &
342 655 382 676 ex
420 640 568 688 Josepho
596 643 708 678 Libro
735 644 1036 691 Antiquitatum,

279 691 373 727 Levi
409 691 477 726 fuit
505 705 591 727 unus
619 706 660 727 ex
689 693 821 729 duobus
858 692 944 731 filiis
980 696 1036 737 Ja-

281 743 346 776 cob
365 767 374 785 ‚
411 749 511 776 natus
540 756 581 777 ex
611 742 698 783 Lia,
735 757 752 778 a
780 757 850 791 quo
877 744 1037 779 denomi-

281 791 356 826 nati
399 790 478 827 sunt
519 793 668 828 Levitae
692 820 700 828 .
741 796 843 829 Hanc
884 795 1036 830 Tribum

283 840 425 887 Moyses
454 841 646 890 segregavit
671 844 711 878 ab
733 844 834 885 aliis,
863 842 901 881 &
930 845 1038 881 sacra-

282 892 360 932 vit.
388 901 426 926 ut
447 891 652 940 simpliciter
671 904 809 929 vacaret
837 894 1037 934 sacrificiis,

284 940 320 976 8:
349 951 486 977 vacaret
514 945 555 977 ab
583 942 703 979 officio
731 944 903 981 militiae.
933 948 1038 992 Moy-

284 992 332 1027 ses
360 1005 441 1039 ergo
469 993 676 1028 Levitarum
708 995 859 1031 Tribum
891 995 1039 1031 servitu-
1076 1026 1079 1027 γ

280 1055 353 1077 ram
398 1045 473 1077 Deo
515 1042 687 1091 separavit
728 1058 745 1080 a
788 1046 959 1094 proeliis,
1001 1045 1038 1082 &

286 1091 464 1127 constituit
493 1095 665 1138 Populum
693 1094 772 1130 dare
799 1096 848 1131 eis
877 1097 1039 1132 Decimas

285 1155 477 1177 annuorum
500 1142 675 1179 frufifflum
689 1173 697 1180 .
719 1146 809 1181 Vide
830 1160 933 1194 ergo,
954 1146 1038 1195 quid

287 1194 391 1227 Poeta
420 1195 498 1228 vult
524 1194 637 1230 dicere
665 1195 764 1239 heic,
792 1210 900 1244 quum
928 1197 1038 1233 dicit:

335 1246 383 1277 Et
409 1257 440 1276 ον
465 1244 600 1288 dtherno
626 1266 642 1272 -
669 1266 684 1272 -
711 1268 726 1273 -
753 1267 769 1273 -

283 1294 332 1328 Et
358 1306 449 1328 nunc
478 1295 675 1342 perpendo:

336 1364 352 1370 -
378 1364 393 1370 —
422 1364 437 1369 —
464 1365 479 1370 -
504 1346 612 1390 perch&
638 1347 695 1381 dal
722 1348 862 1394 retaggt'o

336 1394 380 1428 Li
396 1393 479 1439 figli
504 1396 540 1428 di
566 1397 648 1430 Levi
669 1396 902 1441 suron’esentt'.

285 1442 383 1478 Sicut
409 1443 575 1488 Moyses,
605 1448 751 1484 Aaron,
779 1448 812 1481 δ(
841 1447 903 1481 alii
932 1447 1042 1483 Levi·-

284 1500 366 1533 tae,
395 1493 494 1527 divifi
523 1495 557 1528 &
585 1495 712 1530 remoti
742 1509 759 1529 a
787 1496 975 1540 dominio,
1004 1496 1042 1532 δέ

283 1541 476 1578 hereditate
498 1544 627 1579 Terrae
648 1544 813 1585 Sanfi'lae.
838 1559 941 1593 quam
965 1559 1043 1594 pro-

285 1592 425 1628 miserat
452 1594 544 1628 Deus
569 1594 723 1630 Abraam
739 1620 748 1634 ‚
777 1595 892 1638 Isaac,
914 1597 1043 1641 Jacob,

283 1643 317 1677 &
346 1642 470 1678 semini
498 1657 639 1680 eorum:
670 1646 806 1681 Deinde
834 1649 939 1682 Poeta
967 1661 1044 1683 rno-

284 1701 345 1727 vet
373 1692 515 1726 dubium
555 1693 679 1729 Marco
708 1696 798 1731 eirca
835 1710 942 1733 unum
981 1712 1044 1733 no-

287 1742 500 1776 minatorum
516 1769 524 1784 ,
547 1743 629 1788 quia
653 1755 839 1780 vocaverat
859 1760 937 1781 eum
966 1747 1044 1782 fim-

287 1792 429 1836 pliciter
455 1792 670 1828 Gherardum
690 1822 698 1835 ,
736 1808 843 1842 quum
876 1796 980 1832 multi
1010 1810 1046 1832 a·

288 1841 331 1876 lii
358 1842 489 1890 possent
515 1844 578 1878 effe
604 1844 639 1878 in
667 1845 730 1880 illa
758 1844 899 1893 regione
923 1847 956 1881 δε
985 1860 1045 1894 pa-

290 1891 356 1927 tria
385 1892 533 1940 ejusdem
564 1895 738 1930 nominis.
768 1896 870 1931 Unde
896 1896 1007 1932 dicit:

338 1945 402 1978 Ma
428 1944 504 1990 qual
530 1945 689 1979 Ghemrdo
717 1948 732 1979 ὲ
758 1947 849 1993 quel,
877 1947 927 1981 che

290 2004 327 2028 tu
356 1993 443 2029 mihi
473 1994 585 2030 dicis:

341 2065 356 2069 —
383 2065 398 2070 -
426 2065 441 2070 —
468 2066 483 2071 —
510 2057 545 2079 tu
569 2057 623 2092 per
643 2047 756 2092 qugt‘o
773 2074 784 2089 ‚

290 2093 398 2137 idest,
427 2107 488 2140 pro
516 2095 626 2143 sagaci
654 2098 687 2131 δ(
717 2097 892 2144 sapienti:

342 2145 387 2177 D>
414 2144 459 2178 ch'
476 2146 492 2177 ἑ
519 2145 629 2191 rimaso
654 2148 692 2180 de
718 2147 751 2181 la
773 2159 866 2194 gente
885 2147 1022 2192 spenta,

289 2194 372 2229 idest
387 2219 397 2233 ,
425 2202 588 2230 mortua:

341 2247 378 2279 In
407 2246 594 2290 rimprovero
619 2247 671 2281 del
696 2248 782 2281 Secol
804 2247 998 2295 selvaggio?

290 2294 394 2338 idest,
420 2295 456 2330 in
479 2296 731 2345 improperium
752 2298 785 2332 ὃ(
806 2297 950 2334 dedecus
971 2311 1047 2347 pra—

291 2345 327 2381 vi
356 2345 551 2394 temporis?

340 2401 367 2430 O
393 2407 444 2430 tuo
469 2398 580 2441 parler
605 2419 621 2425 -
646 2419 663 2425 —-
691 2419 706 2425 —
732 2420 749 2426 -

290 2446 382 2482 Heic
411 2448 540 2483 ultimo
579 2450 683 2484 Poeta
721 2448 826 2497 ponit
859 2449 1047 2497 responsio-

290 2510 367 2532 nem
405 2497 520 2534 Marci
560 2498 600 2535 ad
637 2499 828 2547 quaesitum
849 2526 861 2545 ‚
897 2499 1044 2536 dicens:

288 2547 354 2584 Ille
382 2546 527 2585 Marcus

1184 344 1211 374 O
1245 350 1298 374 tuo
1331 339 1443 386 parlar
1477 337 1678 385 m'inganna
1698 364 1708 379 ,
1744 353 1760 373 ο
1796 337 1823 374 ε’
1851 336 1895 371 mi

1237 399 1325 425 tenta
1341 416 1349 424 .
1883 394 1889 401 ‘

1137 443 1184 477 Et
1209 453 1288 476 ecce
1315 438 1519 488 quomodo:

1189 512 1205 517 —
1231 512 1247 517 —
1273 511 1289 516 -
1316 512 1332 517 -
1358 492 1410 525 che
1433 489 1635 537 parlandomt'
1660 490 1753 534 Tosco

1189 545 1254 576 Par
1268 542 1319 576 che
1331 542 1384 576 del
1404 542 1483 575 buon
1503 541 1663 574 Gherardo
1678 541 1770 575 nulla
1783 539 1896 584 senta.

1139 590 1244 637 Quasi
1272 592 1390 627 dicat:
1420 591 1538 626 Miror
1564 590 1606 626 de
1634 600 1668 626 te
1685 616 1695 630 ,
1732 589 1824 638 quod
1852 588 1898 624 li-

1141 645 1195 678 cet
1222 641 1261 677 fis
1281 641 1438 686 Tuscus,
1464 654 1534 677 non
1563 641 1805 684 Lombardus,
1827 651 1898 675 non

1113 734 1114 744 ἵ
1142 692 1270 728 videris
1298 691 1382 727 scire
1401 719 1410 735 ‚
1439 691 1517 739 quis
1545 690 1650 727 fuerit
1677 690 1898 728 Gherardus‚

1141 743 1238 791 cujus
1266 742 1444 778 curialitas
1471 743 1505 777 δε
1537 742 1674 777 bonitas
1707 742 1776 790 jam
1804 750 1900 777 tran-

1142 793 1221 828 fivit
1242 792 1494 840 Apenninum.
1518 793 1552 827 &
1581 805 1640 841 per
1667 791 1795 827 famam
1824 804 1902 840 per-

1142 843 1241 879 venit
1268 843 1305 878 in
1333 842 1519 878 Tusciam.
1547 844 1594 877 Et
1621 842 1762 878 subdit:

1192 897 1254 928 Per
1279 894 1361 927 altro
1381 894 1562 939 sopranome
1590 893 1618 927 io
1645 894 1697 927 nol
1722 893 1857 936 canesco,

1143 943 1206 979 Sed
1232 942 1310 978 heic
1335 942 1449 978 statim
1474 943 1588 978 oritur
1611 942 1809 979 dubitatio.
1837 941 1902 977 Di-

1144 1003 1235 1029 ceret
1263 993 1415 1040 aliquis:
1455 993 1647 1038 Quomodo
1676 992 1819 1028 Marcus
1847 991 1901 1027 di-

1144 1044 1216 1083 cit,
1252 1043 1284 1078 se
1312 1056 1381 1078 non
1410 1044 1502 1078 noffe
1529 1043 1629 1078 istum
1667 1043 1711 1078 ab
1743 1042 1815 1077 alio
1843 1055 1901 1077 co-

1144 1093 1332 1141 gnomine,
1358 1106 1466 1140 quum
1493 1102 1609 1128 tamen
1637 1105 1830 1141 cognomen
1857 1092 1901 1127 il-

1144 1146 1258 1179 lorum
1288 1143 1330 1179 de
1359 1142 1516 1179 Camino
1553 1144 1635 1179 effet
1671 1153 1754 1178 tunc
1791 1143 1903 1177 famo—

1146 1194 1216 1229 sum
1243 1194 1280 1229 in
1305 1193 1541 1236 Lombardia‚
1567 1193 1679 1229 immo
1703 1193 1739 1228 in
1767 1202 1841 1228 tota
1871 1194 1902 1227 1-

1144 1243 1263 1279 talia?
1302 1246 1347 1279 Et
1377 1244 1557 1292 praecipue
1584 1243 1728 1280 Marcus
1756 1243 1825 1279 fuit
1853 1242 1905 1278 fa-

1146 1294 1399 1330 miliariffimus
1435 1293 1531 1330 istius
1568 1295 1730 1338 Domus,
1766 1295 1800 1329 8<
1830 1296 1904 1328 Do—

1145 1344 1235 1380 mini
1264 1344 1454 1388 Rizzardi,
1492 1345 1588 1392 cujus
1626 1353 1722 1393 pater
1749 1343 1818 1379 fuit
1844 1343 1904 1380 iste

1145 1394 1364 1430 Gherardus?
1397 1395 1593 1430 Dicendum
1614 1394 1790 1436 breviter,
1810 1394 1904 1442 quod

1147 1447 1253 1480 Poeta
1280 1444 1346 1480 hoc
1376 1444 1480 1493 fingit
1507 1445 1548 1480 de
1578 1445 1742 1481 industria
1770 1443 1905 1493 duplici

1145 1494 1301 1530 ratione.
1331 1494 1473 1538 Primo,
1494 1504 1533 1530 ut
1557 1495 1747 1531 ostenderet
1772 1496 1844 1544 ejus
1871 1508 1906 1530 e-

1147 1545 1295 1581 ximiam
1325 1544 1542 1581 bonitatem.
1580 1547 1670 1581 Vult
1701 1545 1797 1582 enim
1827 1546 1906 1581 dare

1147 1595 1303 1642 intelligi
1332 1595 1461 1638 tacite,
1498 1595 1592 1643 quod
1620 1596 1817 1631 Gherardus
1849 1595 1908 1631 de-

1148 1646 1206 1681 bet
1242 1645 1306 1680 effe
1344 1645 1453 1694 magis
1491 1654 1595 1681 notus
1633 1646 1791 1681 bonitate
1820 1645 1906 1689 sua,

1147 1697 1252 1742 quam
1281 1695 1470 1731 nobilitate
1494 1695 1666 1732 Familiae
1694 1696 1837 1732 illorum
1866 1696 1908 1731 de

1148 1745 1325 1781 Camino.
1355 1746 1533 1785 Secundo,
1559 1756 1597 1781 ut
1622 1746 1749 1782 faceret
1774 1759 1909 1782 merno-

1148 1796 1236 1830 riam
1274 1796 1316 1830 de
1344 1796 1501 1831 vanitate
1537 1796 1632 1831 filiae
1668 1797 1762 1843 ejus.
1801 1796 1908 1832 Unde

1150 1844 1248 1880 addit
1266 1857 1274 1879 :

1199 1894 1235 1929 S'
1252 1895 1281 1928 io
1306 1895 1359 1928 nol
1381 1894 1517 1942 togliefffl’
1539 1897 1582 1931 da
1599 1895 1777 1942 sua-figlt’a
1801 1895 1908 1940 Gaja,

1150 1943 1242 1992 quasi
1279 1944 1407 1993 dicat3
1445 1958 1556 1993 neque
1593 1946 1762 1981 nobilitas
1799 1958 1911 1993 neque

1151 1995 1290 2030 bonitas
1327 1993 1411 2030 facit
1439 2008 1517 2030 eum
1555 1995 1606 2031 ita
1643 2005 1789 2040 notum,
1826 1995 1912 2031 ficut

1153 2044 1226 2080 filia
1263 2046 1335 2090 ejus
1372 2045 1573 2081 notiffima.
1615 2045 1669 2081 Ita
1706 2046 1800 2081 enim
1839 2053 1912 2082 erat

1153 2094 1372 2130 samofiffima
1397 2096 1433 2131 in
1457 2105 1533 2131 tota
1558 2096 1793 2136 Lombardia,
1819 2095 1912 2143 quod

1154 2145 1283 2193 ubique
1311 2146 1491 2181 dicebatur
1518 2146 1559 2181 de
1584 2159 1641 2182 ea:
1672 2147 1807 2182 Mulier
1833 2145 1912 2193 qui-

1155 2196 1232 2231 dem
1261 2197 1340 2231 vere
1375 2196 1451 2244 gaia
1479 2197 1512 2231 &
1541 2210 1649 2232 vana.
1688 2199 1734 2231 Et
1771 2206 1809 2231 ut
1837 2197 1913 2232 bre-

1156 2246 1248 2282 viter
1283 2245 1395 2281 dicam
1418 2271 1429 2286 ‚
1459 2256 1534 2282 tota
1566 2246 1772 2289 Tarvifina‚
1806 2248 1839 2281 &
1878 2259 1914 2282 a-

1156 2296 1311 2332 morosa.
1346 2298 1446 2342 Quae
1473 2297 1611 2333 dicebat
1641 2297 1799 2332 Domino
1829 2296 1915 2332 Riz-

1155 2347 1260 2383 zardo
1286 2346 1386 2382 fratri
1414 2346 1494 2383 suo:
1526 2351 1660 2383 Procura
1688 2358 1813 2383 tantum
1837 2347 1917 2381 mihi

1151 2398 1287 2443 juvenes
1319 2408 1446 2443 procos,
1486 2396 1532 2436 ἐφ’
1568 2411 1623 2445 ego
1652 2400 1820 2445 procurabo
1855 2396 1918 2432 tibi

1153 2449 1277 2496 puellas
1299 2448 1471 2492 formosas.
1509 2447 1630 2484 Multa
1664 2448 1779 2496 jocosa
1806 2447 1916 2484 sciens

1157 2506 1333 2547 praetereo
1358 2497 1399 2533 de
1423 2497 1554 2535 semina
1577 2498 1639 2535 ista
1663 2498 1799 2540 dicere,
1827 2511 1914 2547 quae

1157 2548 1268 2598 pudor
1293 2548 1481 2598 prohibet.
