<?xml version="1.0" encoding="UTF-8"?>
<!DOCTYPE html PUBLIC "-//W3C//DTD XHTML 1.0 Transitional//EN"
    "http://www.w3.org/TR/xhtml1/DTD/xhtml1-transitional.dtd">
<html xmlns="http://www.w3.org/1999/xhtml" xml:lang="en" lang="en">
 <head>
  <title>
</title>
<meta http-equiv="Content-Type" content="text/html;charset=utf-8" />
  <meta name='ocr-system' content='tesseract 3.04.00' />
  <meta name='ocr-capabilities' content='ocr_page ocr_carea ocr_par ocr_line ocrx_word'/>
</head>
<body>
  <div class='ocr_page' id='page_1' title='image "antiquitatesital03mura_0024.png"; bbox 0 0 2216 3105; ppageno 0'>
   <div class='ocr_carea' id='block_1_1' title="bbox 358 226 1203 2576">
    <p class='ocr_par' dir='ltr' id='par_1_1' title="bbox 358 226 1203 2576">
     <span class='ocr_line' id='line_1_1' title="bbox 430 226 476 252; baseline 0.065 -3"><span class='ocrx_word' id='word_1_1' title='bbox 430 227 447 249; x_wconf 71' lang='lat'><em>9</em></span> <span class='ocrx_word' id='word_1_2' title='bbox 465 226 476 252; x_wconf 73' lang='grc' dir='ltr'>ἱ</span> 
     </span>
     <span class='ocr_line' id='line_1_2' title="bbox 365 247 1203 319; baseline 0.004 -16"><span class='ocrx_word' id='word_1_3' title='bbox 365 247 539 316; x_wconf 58' lang='lat' dir='ltr'>rieii&#39;tem3</span> <span class='ocrx_word' id='word_1_4' title='bbox 580 281 649 316; x_wconf 83' lang='lat' dir='ltr'>quo</span> <span class='ocrx_word' id='word_1_5' title='bbox 687 269 793 304; x_wconf 84' lang='lat' dir='ltr'>etiam</span> <span class='ocrx_word' id='word_1_6' title='bbox 823 279 1001 319; x_wconf 87' lang='lat' dir='ltr'>tempore,</span> <span class='ocrx_word' id='word_1_7' title='bbox 1043 270 1126 306; x_wconf 89' lang='lat' dir='ltr'>idest</span> <span class='ocrx_word' id='word_1_8' title='bbox 1170 272 1203 306; x_wconf 92' lang='lat' dir='ltr'>A</span> 
     </span>
     <span class='ocr_line' id='line_1_3' title="bbox 364 320 1157 357; baseline 0.004 -3"><span class='ocrx_word' id='word_1_9' title='bbox 364 320 474 354; x_wconf 87' lang='lat' dir='ltr'>Anno</span> <span class='ocrx_word' id='word_1_10' title='bbox 502 320 724 355; x_wconf 80' lang='lat' dir='ltr'>MCCCXX.</span> <span class='ocrx_word' id='word_1_11' title='bbox 755 320 931 356; x_wconf 83' lang='lat' dir='ltr'>Pastorelli</span> <span class='ocrx_word' id='word_1_12' title='bbox 960 321 997 356; x_wconf 82' lang='lat' dir='ltr'>in</span> <span class='ocrx_word' id='word_1_13' title='bbox 1039 323 1125 357; x_wconf 80' lang='lat' dir='ltr'>Gal-</span> <span class='ocrx_word' id='word_1_14' title='bbox 1156 347 1157 350; x_wconf 57' lang='lat'><em>=</em></span> 
     </span>
     <span class='ocr_line' id='line_1_4' title="bbox 365 368 1124 410; baseline 0.004 -6"><span class='ocrx_word' id='word_1_15' title='bbox 365 368 413 404; x_wconf 82' lang='lat' dir='ltr'>lia</span> <span class='ocrx_word' id='word_1_16' title='bbox 435 370 642 405; x_wconf 83' lang='lat' dir='ltr'>tumultuati</span> <span class='ocrx_word' id='word_1_17' title='bbox 664 369 761 410; x_wconf 81' lang='lat' dir='ltr'>sunt,</span> <span class='ocrx_word' id='word_1_18' title='bbox 782 370 981 407; x_wconf 77' lang='lat' dir='ltr'>teterrimae</span> <span class='ocrx_word' id='word_1_19' title='bbox 1003 372 1124 407; x_wconf 81' lang='lat' dir='ltr'>adver-</span> 
     </span>
     <span class='ocr_line' id='line_1_5' title="bbox 364 420 1124 468; baseline 0.004 -14"><span class='ocrx_word' id='word_1_20' title='bbox 364 420 421 454; x_wconf 71' lang='lat' dir='ltr'>sus</span> <span class='ocrx_word' id='word_1_21' title='bbox 449 433 506 455; x_wconf 80' lang='lat' dir='ltr'>eos</span> <span class='ocrx_word' id='word_1_22' title='bbox 536 422 748 468; x_wconf 86' lang='lat' dir='ltr'>Populorum</span> <span class='ocrx_word' id='word_1_23' title='bbox 777 420 963 457; x_wconf 82' lang='lat' dir='ltr'>seditiones</span> <span class='ocrx_word' id='word_1_24' title='bbox 992 423 1124 458; x_wconf 53' lang='lat' dir='ltr'>exeita-</span> 
     </span>
     <span class='ocr_line' id='line_1_6' title="bbox 364 470 1123 509; baseline 0.004 -5"><span class='ocrx_word' id='word_1_25' title='bbox 364 478 422 505; x_wconf 88' lang='lat' dir='ltr'>tae</span> <span class='ocrx_word' id='word_1_26' title='bbox 450 470 548 509; x_wconf 84' lang='lat' dir='ltr'>sunt,</span> <span class='ocrx_word' id='word_1_27' title='bbox 576 470 628 506; x_wconf 86' lang='lat' dir='ltr'>ita</span> <span class='ocrx_word' id='word_1_28' title='bbox 656 482 693 506; x_wconf 87' lang='lat' dir='ltr'>ut</span> <span class='ocrx_word' id='word_1_29' title='bbox 721 471 840 507; x_wconf 79' lang='lat' dir='ltr'>caedes</span> <span class='ocrx_word' id='word_1_30' title='bbox 868 485 988 508; x_wconf 89' lang='lat' dir='ltr'>eorum</span> <span class='ocrx_word' id='word_1_31' title='bbox 1016 472 1123 507; x_wconf 82' lang='lat' dir='ltr'>sedari</span> 
     </span>
     <span class='ocr_line' id='line_1_7' title="bbox 363 512 1157 570; baseline 0.003 -15"><span class='ocrx_word' id='word_1_32' title='bbox 363 520 428 556; x_wconf 82' lang='lat' dir='ltr'>vix</span> <span class='ocrx_word' id='word_1_33' title='bbox 458 521 657 569; x_wconf 86' lang='lat' dir='ltr'>potuerint.</span> <span class='ocrx_word' id='word_1_34' title='bbox 687 522 744 556; x_wconf 89' lang='lat' dir='ltr'>Ad</span> <span class='ocrx_word' id='word_1_35' title='bbox 768 522 905 557; x_wconf 81' lang='lat' dir='ltr'>ltaliam</span> <span class='ocrx_word' id='word_1_36' title='bbox 929 525 1010 558; x_wconf 77' lang='lat' dir='ltr'>vero</span> <span class='ocrx_word' id='word_1_37' title='bbox 1032 523 1123 570; x_wconf 84' lang='lat' dir='ltr'>quod</span> <span class='ocrx_word' id='word_1_38' title='bbox 1154 512 1157 557; x_wconf 78' lang='lat' dir='ltr'>l</span> 
     </span>
     <span class='ocr_line' id='line_1_8' title="bbox 365 571 1123 617; baseline 0.001 -11"><span class='ocrx_word' id='word_1_39' title='bbox 365 571 515 610; x_wconf 80' lang='lat' dir='ltr'>attinet,</span> <span class='ocrx_word' id='word_1_40' title='bbox 544 571 614 617; x_wconf 86' lang='lat' dir='ltr'>post</span> <span class='ocrx_word' id='word_1_41' title='bbox 642 572 799 607; x_wconf 61' lang='lat' dir='ltr'>inveStos</span> <span class='ocrx_word' id='word_1_42' title='bbox 827 572 934 608; x_wconf 85' lang='lat' dir='ltr'>etiam</span> <span class='ocrx_word' id='word_1_43' title='bbox 957 573 1123 608; x_wconf 80' lang='lat' dir='ltr'>Barbaros</span> 
     </span>
     <span class='ocr_line' id='line_1_9' title="bbox 365 620 1122 669; baseline 0.003 -14"><span class='ocrx_word' id='word_1_44' title='bbox 365 620 423 656; x_wconf 81' lang='lat' dir='ltr'>sua</span> <span class='ocrx_word' id='word_1_45' title='bbox 458 635 598 669; x_wconf 88' lang='lat' dir='ltr'>quoque</span> <span class='ocrx_word' id='word_1_46' title='bbox 635 623 772 666; x_wconf 87' lang='lat' dir='ltr'>Judaeis</span> <span class='ocrx_word' id='word_1_47' title='bbox 809 622 901 659; x_wconf 83' lang='lat' dir='ltr'>sedes</span> <span class='ocrx_word' id='word_1_48' title='bbox 928 623 1005 658; x_wconf 85' lang='lat' dir='ltr'>heic</span> <span class='ocrx_word' id='word_1_49' title='bbox 1034 622 1122 658; x_wconf 80' lang='lat' dir='ltr'>suit.</span> 
     </span>
     <span class='ocr_line' id='line_1_10' title="bbox 363 671 1123 719; baseline 0.004 -14"><span class='ocrx_word' id='word_1_50' title='bbox 363 673 544 707; x_wconf 83' lang='lat' dir='ltr'>Memorat</span> <span class='ocrx_word' id='word_1_51' title='bbox 578 671 829 719; x_wconf 13' lang='lat' dir='ltr'>&#39;&#39;Cnffiodorius</span> <span class='ocrx_word' id='word_1_52' title='bbox 849 698 859 712; x_wconf 88' lang='lat'><em>‚</em></span> <span class='ocrx_word' id='word_1_53' title='bbox 901 673 1123 708; x_wconf 84' lang='lat' dir='ltr'>Theoderico</span> 
     </span>
     <span class='ocr_line' id='line_1_11' title="bbox 365 723 1123 771; baseline 0.001 -15"><span class='ocrx_word' id='word_1_54' title='bbox 365 723 460 769; x_wconf 83' lang='lat' dir='ltr'>Rege</span> <span class='ocrx_word' id='word_1_55' title='bbox 486 734 672 771; x_wconf 75' lang='lat' dir='ltr'>regnante,</span> <span class='ocrx_word' id='word_1_56' title='bbox 711 724 856 767; x_wconf 80' lang='lat' dir='ltr'>Judaeos</span> <span class='ocrx_word' id='word_1_57' title='bbox 898 723 1123 765; x_wconf 83' lang='lat' dir='ltr'>Mediolani,</span> 
     </span>
     <span class='ocr_line' id='line_1_12' title="bbox 363 773 1124 822; baseline 0.003 -16"><span class='ocrx_word' id='word_1_58' title='bbox 363 773 533 815; x_wconf 86' lang='lat' dir='ltr'>Genuae‚</span> <span class='ocrx_word' id='word_1_59' title='bbox 569 774 603 808; x_wconf 78' lang='lat'>8&lt;</span> <span class='ocrx_word' id='word_1_60' title='bbox 631 774 719 808; x_wconf 86' lang='lat' dir='ltr'>alibi</span> <span class='ocrx_word' id='word_1_61' title='bbox 746 782 905 822; x_wconf 75' lang='lat' dir='ltr'>agentes,</span> <span class='ocrx_word' id='word_1_62' title='bbox 941 773 1066 820; x_wconf 84' lang='lat' dir='ltr'>quibus</span> <span class='ocrx_word' id='word_1_63' title='bbox 1093 773 1124 808; x_wconf 89' lang='lat' dir='ltr'>i-</span> 
     </span>
     <span class='ocr_line' id='line_1_13' title="bbox 364 822 1124 872; baseline 0.001 -15"><span class='ocrx_word' id='word_1_64' title='bbox 364 822 443 857; x_wconf 90' lang='lat' dir='ltr'>dem</span> <span class='ocrx_word' id='word_1_65' title='bbox 472 825 548 858; x_wconf 86' lang='lat' dir='ltr'>Rex</span> <span class='ocrx_word' id='word_1_66' title='bbox 575 823 763 872; x_wconf 88' lang='lat' dir='ltr'>privilegia</span> <span class='ocrx_word' id='word_1_67' title='bbox 781 823 1026 859; x_wconf 86' lang='lat' dir='ltr'>confirmavit.</span> <span class='ocrx_word' id='word_1_68' title='bbox 1054 826 1124 859; x_wconf 91' lang='lat' dir='ltr'>Le-</span> 
     </span>
     <span class='ocr_line' id='line_1_14' title="bbox 366 872 1123 921; baseline 0.001 -14"><span class='ocrx_word' id='word_1_69' title='bbox 366 885 408 920; x_wconf 87' lang='lat' dir='ltr'>ge</span> <span class='ocrx_word' id='word_1_70' title='bbox 449 872 639 921; x_wconf 82' lang='lat' dir='ltr'>Epistolam</span> <span class='ocrx_word' id='word_1_71' title='bbox 684 886 741 921; x_wconf 84' lang='lat'>37.</span> <span class='ocrx_word' id='word_1_72' title='bbox 773 874 856 911; x_wconf 86' lang='lat' dir='ltr'><strong>Lib.</strong></span> <span class='ocrx_word' id='word_1_73' title='bbox 892 886 925 919; x_wconf 77' lang='lat'>5.</span> <span class='ocrx_word' id='word_1_74' title='bbox 960 873 1123 921; x_wconf 85' lang='lat' dir='ltr'>scriptam</span> 
     </span>
     <span class='ocr_line' id='line_1_15' title="bbox 358 923 1124 969; baseline 0.003 -13"><span class='ocrx_word' id='word_1_75' title='bbox 358 924 499 968; x_wconf 85' lang='lat' dir='ltr'>Judaeis</span> <span class='ocrx_word' id='word_1_76' title='bbox 534 924 847 965; x_wconf 77' lang='lat' dir='ltr'>Mediolanensibus,</span> <span class='ocrx_word' id='word_1_77' title='bbox 891 923 950 960; x_wconf 89' lang='lat' dir='ltr'>ubi</span> <span class='ocrx_word' id='word_1_78' title='bbox 994 924 1124 969; x_wconf 81' lang='lat' dir='ltr'>praeci-</span> 
     </span>
     <span class='ocr_line' id='line_1_16' title="bbox 366 973 1124 1021; baseline 0 -14"><span class='ocrx_word' id='word_1_79' title='bbox 366 973 446 1021; x_wconf 87' lang='lat' dir='ltr'>pit:</span> <span class='ocrx_word' id='word_1_80' title='bbox 477 984 512 1008; x_wconf 79' lang='lat' dir='ltr'>ut</span> <span class='ocrx_word' id='word_1_81' title='bbox 539 973 700 1021; x_wconf 81' lang='lat' dir='ltr'>religionis</span> <span class='ocrx_word' id='word_1_82' title='bbox 725 975 831 1015; x_wconf 85' lang='lat' dir='ltr'>cultu,</span> <span class='ocrx_word' id='word_1_83' title='bbox 860 975 907 1010; x_wconf 81' lang='lat' dir='ltr'>ita</span> <span class='ocrx_word' id='word_1_84' title='bbox 931 973 977 1011; x_wconf 69' lang='lat'>&amp;⁴</span> <span class='ocrx_word' id='word_1_85' title='bbox 1001 975 1124 1009; x_wconf 60' lang='lat' dir='ltr'>affluam</span> 
     </span>
     <span class='ocr_line' id='line_1_17' title="bbox 360 1023 1125 1070; baseline 0.003 -13"><span class='ocrx_word' id='word_1_86' title='bbox 360 1023 429 1065; x_wconf 76' lang='lat' dir='ltr'>sint</span> <span class='ocrx_word' id='word_1_87' title='bbox 456 1024 685 1069; x_wconf 77' lang='lat' dir='ltr'>conversatione</span> <span class='ocrx_word' id='word_1_88' title='bbox 709 1025 852 1070; x_wconf 68' lang='lat' dir='ltr'>discreti,</span> <span class='ocrx_word' id='word_1_89' title='bbox 894 1024 977 1060; x_wconf 87' lang='lat' dir='ltr'>idest</span> <span class='ocrx_word' id='word_1_90' title='bbox 1004 1025 1125 1060; x_wconf 84' lang='lat' dir='ltr'>Eccle-</span> 
     </span>
     <span class='ocr_line' id='line_1_18' title="bbox 366 1073 1126 1117; baseline 0.001 -9"><span class='ocrx_word' id='word_1_91' title='bbox 366 1073 488 1109; x_wconf 85' lang='lat' dir='ltr'>fiastici</span> <span class='ocrx_word' id='word_1_92' title='bbox 529 1088 547 1109; x_wconf 90' lang='lat' dir='ltr'>a</span> <span class='ocrx_word' id='word_1_93' title='bbox 582 1075 719 1117; x_wconf 84' lang='lat' dir='ltr'>Judaeis</span> <span class='ocrx_word' id='word_1_94' title='bbox 755 1074 895 1110; x_wconf 83' lang='lat' dir='ltr'>discreti</span> <span class='ocrx_word' id='word_1_95' title='bbox 937 1074 1031 1110; x_wconf 88' lang='lat' dir='ltr'>fint.</span> <span class='ocrx_word' id='word_1_96' title='bbox 1076 1080 1126 1109; x_wconf 60' lang='lat' dir='ltr'>bt</span> 
     </span>
     <span class='ocr_line' id='line_1_19' title="bbox 364 1123 1126 1161; baseline -0.001 -1"><span class='ocrx_word' id='word_1_97' title='bbox 364 1123 542 1161; x_wconf 85' lang='lat' dir='ltr'>Chronici</span> <span class='ocrx_word' id='word_1_98' title='bbox 580 1124 850 1160; x_wconf 86' lang='lat' dir='ltr'>Mediolanenfis</span> <span class='ocrx_word' id='word_1_99' title='bbox 889 1125 987 1160; x_wconf 81' lang='lat' dir='ltr'>Msti</span> <span class='ocrx_word' id='word_1_100' title='bbox 1024 1126 1126 1159; x_wconf 86' lang='lat' dir='ltr'>Ano-</span> 
     </span>
     <span class='ocr_line' id='line_1_20' title="bbox 365 1174 1126 1221; baseline -0.003 -11"><span class='ocrx_word' id='word_1_101' title='bbox 365 1188 492 1220; x_wconf 81' lang='lat' dir='ltr'>nymus</span> <span class='ocrx_word' id='word_1_102' title='bbox 520 1174 659 1210; x_wconf 62' lang='lat' dir='ltr'>Auffior</span> <span class='ocrx_word' id='word_1_103' title='bbox 695 1174 866 1221; x_wconf 83' lang='lat' dir='ltr'>(fortaffe</span> <span class='ocrx_word' id='word_1_104' title='bbox 902 1175 1126 1210; x_wconf 85' lang='lat' dir='ltr'>Gualvaneus</span> 
     </span>
     <span class='ocr_line' id='line_1_21' title="bbox 366 1223 1126 1261; baseline -0.001 -1"><span class='ocrx_word' id='word_1_105' title='bbox 366 1226 458 1261; x_wconf 88' lang='lat' dir='ltr'>della</span> <span class='ocrx_word' id='word_1_106' title='bbox 487 1226 645 1259; x_wconf 78' lang='lat' dir='ltr'>Flamma</span> <span class='ocrx_word' id='word_1_107' title='bbox 672 1224 814 1260; x_wconf 82' lang='lat' dir='ltr'>circiter</span> <span class='ocrx_word' id='word_1_108' title='bbox 841 1227 987 1260; x_wconf 89' lang='lat' dir='ltr'>Annum</span> <span class='ocrx_word' id='word_1_109' title='bbox 1017 1223 1126 1259; x_wconf 88' lang='lat' dir='ltr'>Chri-</span> 
     </span>
     <span class='ocr_line' id='line_1_22' title="bbox 365 1274 1126 1323; baseline -0.003 -12"><span class='ocrx_word' id='word_1_110' title='bbox 365 1276 405 1311; x_wconf 90' lang='lat' dir='ltr'>sti</span> <span class='ocrx_word' id='word_1_111' title='bbox 443 1275 734 1323; x_wconf 72' lang='lat' dir='ltr'>Mcccxxx.)</span> <span class='ocrx_word' id='word_1_112' title='bbox 777 1274 860 1310; x_wconf 90' lang='lat' dir='ltr'>haec</span> <span class='ocrx_word' id='word_1_113' title='bbox 899 1275 1003 1311; x_wconf 87' lang='lat' dir='ltr'>aliter</span> <span class='ocrx_word' id='word_1_114' title='bbox 1037 1274 1126 1310; x_wconf 90' lang='lat' dir='ltr'>olim</span> 
     </span>
     <span class='ocr_line' id='line_1_23' title="bbox 366 1324 1126 1374; baseline -0.001 -13"><span class='ocrx_word' id='word_1_115' title='bbox 366 1326 523 1374; x_wconf 81' lang='lat' dir='ltr'>legebat.</span> <span class='ocrx_word' id='word_1_116' title='bbox 570 1325 713 1374; x_wconf 83' lang='lat' dir='ltr'>Quippe</span> <span class='ocrx_word' id='word_1_117' title='bbox 753 1324 1013 1361; x_wconf 81' lang='lat' dir='ltr'>Theodericum</span> <span class='ocrx_word' id='word_1_118' title='bbox 1059 1328 1126 1360; x_wconf 87' lang='lat' dir='ltr'>Re-</span> 
     </span>
     <span class='ocr_line' id='line_1_24' title="bbox 366 1375 1155 1440; baseline -0.004 -29"><span class='ocrx_word' id='word_1_119' title='bbox 366 1390 443 1425; x_wconf 81' lang='lat' dir='ltr'>gem</span> <span class='ocrx_word' id='word_1_120' title='bbox 474 1375 635 1423; x_wconf 70' lang='lat' dir='ltr'>scripsisse</span> <span class='ocrx_word' id='word_1_121' title='bbox 664 1375 791 1411; x_wconf 83' lang='lat' dir='ltr'>tradit:</span> <span class='ocrx_word' id='word_1_122' title='bbox 814 1377 955 1420; x_wconf 81' lang='lat' dir='ltr'>Judaeis</span> <span class='ocrx_word' id='word_1_123' title='bbox 978 1376 1010 1409; x_wconf 82' lang='lat' dir='ltr'>in</span> <span class='ocrx_word' id='word_1_124' title='bbox 1032 1375 1126 1409; x_wconf 80' lang='lat' dir='ltr'>Civi-</span> <span class='ocrx_word' id='word_1_125' title='bbox 1151 1377 1155 1440; x_wconf 69' lang='grc' dir='ltr'>Ι</span> 
     </span>
     <span class='ocr_line' id='line_1_25' title="bbox 365 1425 1154 1472; baseline -0.005 -10"><span class='ocrx_word' id='word_1_126' title='bbox 365 1438 431 1462; x_wconf 66' lang='lat' dir='ltr'>tate</span> <span class='ocrx_word' id='word_1_127' title='bbox 452 1427 633 1461; x_wconf 83' lang='lat' dir='ltr'>Mediolani</span> <span class='ocrx_word' id='word_1_128' title='bbox 654 1425 912 1461; x_wconf 77' lang='lat' dir='ltr'>commorantibus</span> <span class='ocrx_word' id='word_1_129' title='bbox 933 1425 1127 1472; x_wconf 81' lang='lat' dir='ltr'>praecipien-</span> <span class='ocrx_word' id='word_1_130' title='bbox 1151 1442 1154 1451; x_wconf 86' lang='lat'><strong>·</strong></span> 
     </span>
     <span class='ocr_line' id='line_1_26' title="bbox 365 1475 1126 1521; baseline -0.005 -9"><span class='ocrx_word' id='word_1_131' title='bbox 365 1480 405 1512; x_wconf 89' lang='lat' dir='ltr'>do</span> <span class='ocrx_word' id='word_1_132' title='bbox 431 1478 638 1515; x_wconf 75' lang='lat' dir='ltr'><em>mandamus,</em></span> <span class='ocrx_word' id='word_1_133' title='bbox 682 1487 717 1510; x_wconf 77' lang='lat' dir='ltr'>ut</span> <span class='ocrx_word' id='word_1_134' title='bbox 737 1476 820 1516; x_wconf 81' lang='lat' dir='ltr'>ficut</span> <span class='ocrx_word' id='word_1_135' title='bbox 854 1475 1036 1521; x_wconf 83' lang='lat' dir='ltr'>Religionis</span> <span class='ocrx_word' id='word_1_136' title='bbox 1061 1476 1126 1509; x_wconf 83' lang='lat' dir='ltr'>cul-</span> 
     </span>
     <span class='ocr_line' id='line_1_27' title="bbox 365 1525 1127 1567; baseline -0.005 -5"><span class='ocrx_word' id='word_1_137' title='bbox 365 1538 422 1567; x_wconf 81' lang='lat' dir='ltr'>tu,</span> <span class='ocrx_word' id='word_1_138' title='bbox 450 1528 498 1562; x_wconf 82' lang='lat' dir='ltr'>ita</span> <span class='ocrx_word' id='word_1_139' title='bbox 525 1525 570 1564; x_wconf 51' lang='grc' dir='ltr'><strong><em>ὡ</em></strong></span> <span class='ocrx_word' id='word_1_140' title='bbox 597 1527 708 1560; x_wconf 77' lang='lat' dir='ltr'>habitu</span> <span class='ocrx_word' id='word_1_141' title='bbox 729 1525 797 1566; x_wconf 80' lang='lat' dir='ltr'>sint</span> <span class='ocrx_word' id='word_1_142' title='bbox 824 1525 870 1562; x_wconf 81' lang='lat'><em>&amp;</em></span> <span class='ocrx_word' id='word_1_143' title='bbox 897 1525 1127 1564; x_wconf 80' lang='lat' dir='ltr'>conversatione</span> 
     </span>
     <span class='ocr_line' id='line_1_28' title="bbox 363 1574 1127 1622; baseline -0.003 -11"><span class='ocrx_word' id='word_1_144' title='bbox 363 1578 507 1622; x_wconf 75' lang='lat' dir='ltr'>discreti.</span> <span class='ocrx_word' id='word_1_145' title='bbox 545 1578 584 1611; x_wconf 91' lang='lat' dir='ltr'>In</span> <span class='ocrx_word' id='word_1_146' title='bbox 622 1575 743 1611; x_wconf 86' lang='lat' dir='ltr'>Sicilia</span> <span class='ocrx_word' id='word_1_147' title='bbox 780 1587 919 1622; x_wconf 88' lang='lat' dir='ltr'>quoque</span> <span class='ocrx_word' id='word_1_148' title='bbox 956 1576 997 1610; x_wconf 88' lang='lat' dir='ltr'>ab</span> <span class='ocrx_word' id='word_1_149' title='bbox 1035 1574 1127 1609; x_wconf 83' lang='lat' dir='ltr'>anti-</span> 
     </span>
     <span class='ocr_line' id='line_1_29' title="bbox 364 1624 1126 1674; baseline -0.003 -12"><span class='ocrx_word' id='word_1_150' title='bbox 364 1627 443 1674; x_wconf 88' lang='lat' dir='ltr'>quis</span> <span class='ocrx_word' id='word_1_151' title='bbox 473 1625 605 1662; x_wconf 86' lang='lat' dir='ltr'>Seculis</span> <span class='ocrx_word' id='word_1_152' title='bbox 651 1624 762 1661; x_wconf 85' lang='lat' dir='ltr'>sedem</span> <span class='ocrx_word' id='word_1_153' title='bbox 791 1625 962 1665; x_wconf 83' lang='lat' dir='ltr'>fixerant,</span> <span class='ocrx_word' id='word_1_154' title='bbox 1000 1638 1039 1660; x_wconf 86' lang='lat' dir='ltr'>ac</span> <span class='ocrx_word' id='word_1_155' title='bbox 1067 1624 1126 1660; x_wconf 86' lang='lat' dir='ltr'>sub</span> 
     </span>
     <span class='ocr_line' id='line_1_30' title="bbox 364 1675 1125 1722; baseline -0.004 -9"><span class='ocrx_word' id='word_1_156' title='bbox 364 1677 524 1713; x_wconf 81' lang='lat' dir='ltr'>Arabum</span> <span class='ocrx_word' id='word_1_157' title='bbox 563 1675 671 1711; x_wconf 81' lang='lat' dir='ltr'>etiam</span> <span class='ocrx_word' id='word_1_158' title='bbox 709 1689 816 1722; x_wconf 83' lang='lat' dir='ltr'>regno</span> <span class='ocrx_word' id='word_1_159' title='bbox 852 1675 1044 1711; x_wconf 90' lang='lat' dir='ltr'>retinuere.</span> <span class='ocrx_word' id='word_1_160' title='bbox 1086 1677 1125 1709; x_wconf 90' lang='lat' dir='ltr'>In</span> 
     </span>
     <span class='ocr_line' id='line_1_31' title="bbox 364 1726 1126 1773; baseline -0.001 -11"><span class='ocrx_word' id='word_1_161' title='bbox 364 1727 545 1765; x_wconf 89' lang='lat' dir='ltr'>Sardinia,</span> <span class='ocrx_word' id='word_1_162' title='bbox 575 1726 752 1773; x_wconf 87' lang='lat' dir='ltr'>Neapoli,</span> <span class='ocrx_word' id='word_1_163' title='bbox 790 1726 1023 1765; x_wconf 85' lang='lat' dir='ltr'>Terracinae,</span> <span class='ocrx_word' id='word_1_164' title='bbox 1052 1727 1126 1761; x_wconf 89' lang='lat' dir='ltr'>Lu-</span> 
     </span>
     <span class='ocr_line' id='line_1_32' title="bbox 364 1776 1126 1824; baseline -0.003 -11"><span class='ocrx_word' id='word_1_165' title='bbox 364 1778 441 1817; x_wconf 88' lang='lat' dir='ltr'>nis,</span> <span class='ocrx_word' id='word_1_166' title='bbox 470 1776 606 1812; x_wconf 86' lang='lat' dir='ltr'>sedente</span> <span class='ocrx_word' id='word_1_167' title='bbox 634 1776 807 1824; x_wconf 87' lang='lat' dir='ltr'>Gregorio</span> <span class='ocrx_word' id='word_1_168' title='bbox 834 1779 888 1811; x_wconf 89' lang='lat' dir='ltr'>M.</span> <span class='ocrx_word' id='word_1_169' title='bbox 918 1778 1036 1824; x_wconf 85' lang='lat' dir='ltr'>Papa,</span> <span class='ocrx_word' id='word_1_170' title='bbox 1065 1776 1126 1810; x_wconf 89' lang='lat' dir='ltr'>ha-</span> 
     </span>
     <span class='ocr_line' id='line_1_33' title="bbox 367 1826 1127 1874; baseline -0.003 -11"><span class='ocrx_word' id='word_1_171' title='bbox 367 1829 549 1874; x_wconf 73' lang='lat' dir='ltr'>bitabant3</span> <span class='ocrx_word' id='word_1_172' title='bbox 594 1828 727 1861; x_wconf 84' lang='lat' dir='ltr'>Romae</span> <span class='ocrx_word' id='word_1_173' title='bbox 757 1829 837 1862; x_wconf 77' lang='lat' dir='ltr'>vero</span> <span class='ocrx_word' id='word_1_174' title='bbox 865 1839 1042 1874; x_wconf 86' lang='lat' dir='ltr'>nunquam</span> <span class='ocrx_word' id='word_1_175' title='bbox 1068 1826 1127 1862; x_wconf 89' lang='lat' dir='ltr'>de-</span> 
     </span>
     <span class='ocr_line' id='line_1_34' title="bbox 364 1875 1126 1915; baseline -0.004 -1"><span class='ocrx_word' id='word_1_176' title='bbox 364 1877 420 1914; x_wconf 86' lang='lat' dir='ltr'>siit</span> <span class='ocrx_word' id='word_1_177' title='bbox 448 1875 672 1913; x_wconf 76' lang='lat' dir='ltr'>vetustissima</span> <span class='ocrx_word' id='word_1_178' title='bbox 710 1877 854 1912; x_wconf 81' lang='lat' dir='ltr'>illorum</span> <span class='ocrx_word' id='word_1_179' title='bbox 893 1877 1055 1915; x_wconf 90' lang='lat' dir='ltr'>colonia,</span> <span class='ocrx_word' id='word_1_180' title='bbox 1093 1878 1126 1911; x_wconf 67' lang='grc' dir='ltr'>δε</span> 
     </span>
     <span class='ocr_line' id='line_1_35' title="bbox 365 1925 1127 1976; baseline -0.001 -13"><span class='ocrx_word' id='word_1_181' title='bbox 365 1928 507 1976; x_wconf 76' lang='lat' dir='ltr'>quidem</span> <span class='ocrx_word' id='word_1_182' title='bbox 537 1940 606 1962; x_wconf 87' lang='lat' dir='ltr'>non</span> <span class='ocrx_word' id='word_1_183' title='bbox 637 1927 848 1962; x_wconf 82' lang='lat' dir='ltr'>mediocris.</span> <span class='ocrx_word' id='word_1_184' title='bbox 885 1925 1127 1962; x_wconf 76' lang='lat' dir='ltr'>Cassiodorius</span> 
     </span>
     <span class='ocr_line' id='line_1_36' title="bbox 365 1977 1126 2025; baseline -0.003 -11"><span class='ocrx_word' id='word_1_185' title='bbox 365 1978 458 2014; x_wconf 85' lang='lat' dir='ltr'>idem</span> <span class='ocrx_word' id='word_1_186' title='bbox 496 1991 552 2013; x_wconf 92' lang='lat' dir='ltr'>eos</span> <span class='ocrx_word' id='word_1_187' title='bbox 599 1979 728 2012; x_wconf 75' lang='lat' dir='ltr'>Romae</span> <span class='ocrx_word' id='word_1_188' title='bbox 771 1977 932 2025; x_wconf 81' lang='lat' dir='ltr'>degentes</span> <span class='ocrx_word' id='word_1_189' title='bbox 960 1977 1126 2012; x_wconf 87' lang='lat' dir='ltr'>exhibet.</span> 
     </span>
     <span class='ocr_line' id='line_1_37' title="bbox 365 2027 1126 2063; baseline -0.001 0"><span class='ocrx_word' id='word_1_190' title='bbox 365 2031 411 2063; x_wconf 84' lang='lat' dir='ltr'>Et</span> <span class='ocrx_word' id='word_1_191' title='bbox 434 2027 606 2063; x_wconf 85' lang='lat' dir='ltr'>Henricus</span> <span class='ocrx_word' id='word_1_192' title='bbox 628 2029 672 2062; x_wconf 90' lang='lat' dir='ltr'>V.</span> <span class='ocrx_word' id='word_1_193' title='bbox 692 2030 765 2063; x_wconf 84' lang='lat' dir='ltr'>Rex</span> <span class='ocrx_word' id='word_1_194' title='bbox 788 2030 1026 2063; x_wconf 86' lang='lat' dir='ltr'>Romanorum</span> <span class='ocrx_word' id='word_1_195' title='bbox 1049 2029 1126 2062; x_wconf 91' lang='lat' dir='ltr'>An-</span> 
     </span>
     <span class='ocr_line' id='line_1_38' title="bbox 366 2077 1127 2124; baseline -0.003 -11"><span class='ocrx_word' id='word_1_196' title='bbox 366 2092 412 2113; x_wconf 90' lang='lat' dir='ltr'>no</span> <span class='ocrx_word' id='word_1_197' title='bbox 439 2080 580 2114; x_wconf 74' lang='lat' dir='ltr'><strong>MCXI.</strong></span> <span class='ocrx_word' id='word_1_198' title='bbox 618 2077 752 2113; x_wconf 86' lang='lat' dir='ltr'>intrans</span> <span class='ocrx_word' id='word_1_199' title='bbox 790 2078 921 2113; x_wconf 87' lang='lat' dir='ltr'>Urbem</span> <span class='ocrx_word' id='word_1_200' title='bbox 957 2088 1030 2112; x_wconf 79' lang='lat' dir='ltr'>ante</span> <span class='ocrx_word' id='word_1_201' title='bbox 1055 2089 1127 2124; x_wconf 82' lang='lat' dir='ltr'>por-</span> 
     </span>
     <span class='ocr_line' id='line_1_39' title="bbox 365 2128 1126 2175; baseline -0.001 -12"><span class='ocrx_word' id='word_1_202' title='bbox 365 2140 431 2165; x_wconf 77' lang='lat' dir='ltr'>tam</span> <span class='ocrx_word' id='word_1_203' title='bbox 457 2133 477 2163; x_wconf 76' lang='grc' dir='ltr'><em>ᾱ</em></span> <span class='ocrx_word' id='word_1_204' title='bbox 495 2128 656 2172; x_wconf 84' lang='lat' dir='ltr'>Judaeis,</span> <span class='ocrx_word' id='word_1_205' title='bbox 686 2129 718 2162; x_wconf 81' lang='lat' dir='ltr'>in</span> <span class='ocrx_word' id='word_1_206' title='bbox 743 2139 835 2175; x_wconf 78' lang='lat' dir='ltr'>porta</span> <span class='ocrx_word' id='word_1_207' title='bbox 856 2131 876 2162; x_wconf 76' lang='grc' dir='ltr'>ὰ</span> <span class='ocrx_word' id='word_1_208' title='bbox 902 2129 1028 2162; x_wconf 78' lang='lat' dir='ltr'>Graecis</span> <span class='ocrx_word' id='word_1_209' title='bbox 1052 2142 1126 2162; x_wconf 82' lang='lat' dir='ltr'>can-</span> 
     </span>
     <span class='ocr_line' id='line_1_40' title="bbox 365 2178 1127 2225; baseline -0.001 -12"><span class='ocrx_word' id='word_1_210' title='bbox 365 2182 462 2214; x_wconf 83' lang='lat' dir='ltr'>tando</span> <span class='ocrx_word' id='word_1_211' title='bbox 489 2190 627 2225; x_wconf 78' lang='lat' dir='ltr'>exceptus</span> <span class='ocrx_word' id='word_1_212' title='bbox 648 2178 734 2222; x_wconf 75' lang='lat' dir='ltr'>fuit,</span> <span class='ocrx_word' id='word_1_213' title='bbox 772 2179 826 2213; x_wconf 88' lang='lat' dir='ltr'>uti</span> <span class='ocrx_word' id='word_1_214' title='bbox 855 2178 976 2213; x_wconf 87' lang='lat' dir='ltr'>scribit</span> <span class='ocrx_word' id='word_1_215' title='bbox 1007 2180 1127 2212; x_wconf 83' lang='lat' dir='ltr'>Petrus</span> 
     </span>
     <span class='ocr_line' id='line_1_41' title="bbox 366 2227 1127 2274; baseline -0.003 -10"><span class='ocrx_word' id='word_1_216' title='bbox 366 2229 545 2264; x_wconf 84' lang='lat' dir='ltr'>Diaconus</span> <span class='ocrx_word' id='word_1_217' title='bbox 574 2228 656 2263; x_wconf 90' lang='lat' dir='ltr'>Lib.</span> <span class='ocrx_word' id='word_1_218' title='bbox 681 2241 717 2273; x_wconf 92' lang='lat'>4.</span> <span class='ocrx_word' id='word_1_219' title='bbox 747 2227 836 2274; x_wconf 87' lang='lat' dir='ltr'>Cap.</span> <span class='ocrx_word' id='word_1_220' title='bbox 865 2239 923 2274; x_wconf 81' lang='lat'>37.</span> <span class='ocrx_word' id='word_1_221' title='bbox 951 2227 1127 2262; x_wconf 86' lang='lat' dir='ltr'>Chronici</span> 
     </span>
     <span class='ocr_line' id='line_1_42' title="bbox 368 2276 1127 2324; baseline -0.003 -10"><span class='ocrx_word' id='word_1_222' title='bbox 368 2278 557 2315; x_wconf 82' lang='lat' dir='ltr'>Cafinensis</span> <span class='ocrx_word' id='word_1_223' title='bbox 574 2304 582 2312; x_wconf 92' lang='lat'>.</span> <span class='ocrx_word' id='word_1_224' title='bbox 613 2276 746 2324; x_wconf 78' lang='lat' dir='ltr'>Ipsique</span> <span class='ocrx_word' id='word_1_225' title='bbox 773 2277 892 2320; x_wconf 84' lang='lat' dir='ltr'>Judaei</span> <span class='ocrx_word' id='word_1_226' title='bbox 921 2278 1127 2312; x_wconf 87' lang='lat' dir='ltr'>Alexandro</span> 
     </span>
     <span class='ocr_line' id='line_1_43' title="bbox 367 2326 1125 2365; baseline -0.003 0"><span class='ocrx_word' id='word_1_227' title='bbox 367 2331 433 2365; x_wconf 84' lang='grc' dir='ltr'><strong>ΙΙΙ.</strong></span> <span class='ocrx_word' id='word_1_228' title='bbox 454 2328 589 2364; x_wconf 90' lang='lat' dir='ltr'>summo</span> <span class='ocrx_word' id='word_1_229' title='bbox 612 2326 780 2362; x_wconf 84' lang='lat' dir='ltr'>Pontifici</span> <span class='ocrx_word' id='word_1_230' title='bbox 802 2329 911 2362; x_wconf 88' lang='lat' dir='ltr'>Anno</span> <span class='ocrx_word' id='word_1_231' title='bbox 932 2329 1125 2363; x_wconf 77' lang='lat' dir='ltr'><strong>MCLXV.</strong></span> 
     </span>
     <span class='ocr_line' id='line_1_44' title="bbox 367 2376 1127 2425; baseline -0.003 -10"><span class='ocrx_word' id='word_1_232' title='bbox 367 2380 409 2415; x_wconf 84' lang='lat' dir='ltr'>ad</span> <span class='ocrx_word' id='word_1_233' title='bbox 438 2379 569 2414; x_wconf 83' lang='lat' dir='ltr'>Urbem</span> <span class='ocrx_word' id='word_1_234' title='bbox 607 2376 766 2412; x_wconf 85' lang='lat' dir='ltr'>redeunti</span> <span class='ocrx_word' id='word_1_235' title='bbox 807 2377 949 2412; x_wconf 87' lang='lat' dir='ltr'>obviarn</span> <span class='ocrx_word' id='word_1_236' title='bbox 979 2377 1127 2425; x_wconf 57' lang='lat' dir='ltr'>profesti</span> 
     </span>
     <span class='ocr_line' id='line_1_45' title="bbox 368 2427 1127 2474; baseline -0.004 -9"><span class='ocrx_word' id='word_1_237' title='bbox 368 2429 467 2469; x_wconf 82' lang='lat' dir='ltr'>sunt,</span> <span class='ocrx_word' id='word_1_238' title='bbox 496 2442 563 2464; x_wconf 90' lang='lat' dir='ltr'>una</span> <span class='ocrx_word' id='word_1_239' title='bbox 585 2441 663 2463; x_wconf 87' lang='lat' dir='ltr'>cum</span> <span class='ocrx_word' id='word_1_240' title='bbox 689 2427 882 2474; x_wconf 69' lang='lat' dir='ltr'>signiferis,</span> <span class='ocrx_word' id='word_1_241' title='bbox 910 2427 1127 2468; x_wconf 71' lang='lat' dir='ltr'>stratoribus,</span> 
     </span>
     <span class='ocr_line' id='line_1_46' title="bbox 368 2478 1129 2522; baseline -0.004 -7"><span class='ocrx_word' id='word_1_242' title='bbox 368 2479 574 2517; x_wconf 77' lang='lat' dir='ltr'>Scriniariis,</span> <span class='ocrx_word' id='word_1_243' title='bbox 605 2478 801 2522; x_wconf 68' lang='lat' dir='ltr'>Judicdms,</span> <span class='ocrx_word' id='word_1_244' title='bbox 845 2479 954 2517; x_wconf 80' lang='lat' dir='ltr'>Clero‚</span> <span class='ocrx_word' id='word_1_245' title='bbox 997 2478 1064 2513; x_wconf 57' lang='lat' dir='ltr'>&amp;aa</span> <span class='ocrx_word' id='word_1_246' title='bbox 1091 2480 1129 2512; x_wconf 87' lang='lat' dir='ltr'>de</span> 
     </span>
     <span class='ocr_line' id='line_1_47' title="bbox 370 2528 1128 2576; baseline -0.001 -12"><span class='ocrx_word' id='word_1_247' title='bbox 370 2543 450 2564; x_wconf 78' lang='lat' dir='ltr'>:nore</span> <span class='ocrx_word' id='word_1_248' title='bbox 477 2533 590 2576; x_wconf 80' lang='lat' dir='ltr'>Legem</span> <span class='ocrx_word' id='word_1_249' title='bbox 610 2529 703 2574; x_wconf 78' lang='lat' dir='ltr'>suam</span> <span class='ocrx_word' id='word_1_250' title='bbox 728 2528 896 2572; x_wconf 77' lang='lat' dir='ltr'>deserentes</span> <span class='ocrx_word' id='word_1_251' title='bbox 923 2529 956 2563; x_wconf 85' lang='lat' dir='ltr'>in</span> <span class='ocrx_word' id='word_1_252' title='bbox 975 2529 1128 2564; x_wconf 78' lang='lat' dir='ltr'>brachiis.</span> 
     </span>
    </p>
   </div>
   <div class='ocr_carea' id='block_1_2' title="bbox 1154 351 1158 509">
    <p class='ocr_par' dir='ltr' id='par_1_2' title="bbox 1154 351 1158 509">
     <span class='ocr_line' id='line_1_48' title="bbox 1154 351 1158 509; baseline 0 2596"><span class='ocrx_word' id='word_1_253' title='bbox 1154 351 1158 509; x_wconf 95' lang='lat' dir='ltr'> </span> 
     </span>
    </p>
   </div>
   <div class='ocr_carea' id='block_1_3' title="bbox 1152 594 1157 734">
    <p class='ocr_par' dir='ltr' id='par_1_3' title="bbox 1152 594 1157 734">
     <span class='ocr_line' id='line_1_49' title="bbox 1152 594 1157 734; baseline 0 2371"><span class='ocrx_word' id='word_1_254' title='bbox 1152 594 1157 734; x_wconf 95' lang='lat' dir='ltr'> </span> 
     </span>
    </p>
   </div>
   <div class='ocr_carea' id='block_1_4' title="bbox 1150 1455 1154 1633">
    <p class='ocr_par' dir='ltr' id='par_1_4' title="bbox 1150 1455 1154 1633">
     <span class='ocr_line' id='line_1_50' title="bbox 1150 1455 1154 1633; baseline 0 1472"><span class='ocrx_word' id='word_1_255' title='bbox 1150 1455 1154 1633; x_wconf 95' lang='lat' dir='ltr'> </span> 
     </span>
    </p>
   </div>
   <div class='ocr_carea' id='block_1_5' title="bbox 1169 1628 1202 1661">
    <p class='ocr_par' dir='ltr' id='par_1_5' title="bbox 1169 1628 1202 1661">
     <span class='ocr_line' id='line_1_51' title="bbox 1169 1628 1202 1661; baseline 0 0"><span class='ocrx_word' id='word_1_256' title='bbox 1169 1628 1202 1661; x_wconf 93' lang='lat' dir='ltr'>D</span> 
     </span>
    </p>
   </div>
   <div class='ocr_carea' id='block_1_6' title="bbox 1149 2078 1191 2246">
    <p class='ocr_par' dir='ltr' id='par_1_6' title="bbox 1149 2078 1191 2246">
     <span class='ocr_line' id='line_1_52' title="bbox 1149 2078 1191 2166; baseline 0 -54"><span class='ocrx_word' id='word_1_257' title='bbox 1149 2078 1191 2166; x_wconf 44' lang='lat' dir='ltr'>&#39;E</span> 
     </span>
     <span class='ocr_line' id='line_1_53' title="bbox 1151 2174 1155 2246; baseline 0 0"><span class='ocrx_word' id='word_1_258' title='bbox 1151 2174 1155 2246; x_wconf 68' lang='lat' dir='ltr'>l</span> 
     </span>
    </p>
   </div>
   <div class='ocr_carea' id='block_1_7' title="bbox 729 210 1628 269">
    <p class='ocr_par' dir='ltr' id='par_1_7' title="bbox 729 210 1628 269">
     <span class='ocr_line' id='line_1_54' title="bbox 729 210 1628 269; baseline 0.003 -16"><span class='ocrx_word' id='word_1_259' title='bbox 729 210 1134 269; x_wconf 65' lang='lat' dir='ltr'><strong><em>ANTIQUJT.</em></strong></span> <span class='ocrx_word' id='word_1_260' title='bbox 1175 211 1412 255; x_wconf 87' lang='lat' dir='ltr'><em>MEDII</em></span> <span class='ocrx_word' id='word_1_261' title='bbox 1446 212 1628 256; x_wconf 87' lang='lat' dir='ltr'><em>AEVI</em></span> 
     </span>
    </p>
   </div>
   <div class='ocr_carea' id='block_1_8' title="bbox 1154 725 1217 765">
    <p class='ocr_par' dir='ltr' id='par_1_8' title="bbox 1154 725 1217 765">
     <span class='ocr_line' id='line_1_55' title="bbox 1154 725 1217 765; baseline 0.079 -5"><span class='ocrx_word' id='word_1_262' title='bbox 1154 725 1217 765; x_wconf 61' lang='lat' dir='ltr'>&gt;BL</span> 
     </span>
    </p>
   </div>
   <div class='ocr_carea' id='block_1_9' title="bbox 1207 1724 1212 1929">
    <p class='ocr_par' dir='ltr' id='par_1_9' title="bbox 1207 1724 1212 1929">
     <span class='ocr_line' id='line_1_56' title="bbox 1207 1724 1212 1929; baseline 0 1176"><span class='ocrx_word' id='word_1_263' title='bbox 1207 1724 1212 1929; x_wconf 95' lang='lat' dir='ltr'> </span> 
     </span>
    </p>
   </div>
   <div class='ocr_carea' id='block_1_10' title="bbox 1216 232 2006 1513">
    <p class='ocr_par' dir='ltr' id='par_1_10' title="bbox 1216 232 2006 1513">
     <span class='ocr_line' id='line_1_57' title="bbox 1918 232 1940 259; baseline 0 0"><span class='ocrx_word' id='word_1_264' title='bbox 1918 232 1940 259; x_wconf 70' lang='lat'><em>2</em></span> 
     </span>
     <span class='ocr_line' id='line_1_58' title="bbox 1216 232 2002 320; baseline 0.001 -13"><span class='ocrx_word' id='word_1_265' title='bbox 1216 293 1217 296; x_wconf 67' lang='lat'><em>=</em></span> <span class='ocrx_word' id='word_1_266' title='bbox 1298 273 1426 307; x_wconf 87' lang='lat' dir='ltr'>Nullus</span> <span class='ocrx_word' id='word_1_267' title='bbox 1454 273 1599 316; x_wconf 84' lang='lat' dir='ltr'>dubito,</span> <span class='ocrx_word' id='word_1_268' title='bbox 1643 272 1728 320; x_wconf 85' lang='lat' dir='ltr'>quin</span> <span class='ocrx_word' id='word_1_269' title='bbox 1756 272 1789 308; x_wconf 75' lang='grc' dir='ltr'>ὅ(</span> <span class='ocrx_word' id='word_1_270' title='bbox 1818 232 1909 309; x_wconf 62' lang='lat' dir='ltr'>alia}</span> <span class='ocrx_word' id='word_1_271' title='bbox 1933 272 2002 310; x_wconf 81' lang='lat' dir='ltr'>Ci-</span> 
     </span>
     <span class='ocr_line' id='line_1_59' title="bbox 1245 321 2002 372; baseline 0.001 -15"><span class='ocrx_word' id='word_1_272' title='bbox 1245 321 1373 357; x_wconf 90' lang='lat' dir='ltr'>vitates</span> <span class='ocrx_word' id='word_1_273' title='bbox 1402 324 1567 367; x_wconf 82' lang='lat' dir='ltr'>Italicae,</span> <span class='ocrx_word' id='word_1_274' title='bbox 1596 323 1765 371; x_wconf 73' lang='lat' dir='ltr'>ejusmodi</span> <span class='ocrx_word' id='word_1_275' title='bbox 1795 334 1934 372; x_wconf 82' lang='lat' dir='ltr'>gentem</span> <span class='ocrx_word' id='word_1_276' title='bbox 1963 325 2002 360; x_wconf 78' lang='lat' dir='ltr'>in</span> 
     </span>
     <span class='ocr_line' id='line_1_60' title="bbox 1245 372 2003 421; baseline 0.004 -14"><span class='ocrx_word' id='word_1_277' title='bbox 1245 372 1316 407; x_wconf 87' lang='lat' dir='ltr'>sino</span> <span class='ocrx_word' id='word_1_278' title='bbox 1337 372 1396 408; x_wconf 90' lang='lat' dir='ltr'>suo</span> <span class='ocrx_word' id='word_1_279' title='bbox 1417 373 1504 408; x_wconf 90' lang='lat' dir='ltr'>olim</span> <span class='ocrx_word' id='word_1_280' title='bbox 1527 373 1864 421; x_wconf 65' lang='lat' dir='ltr'>complefflerentur,</span> <span class='ocrx_word' id='word_1_281' title='bbox 1891 387 2003 421; x_wconf 87' lang='lat' dir='ltr'>quum</span> 
     </span>
     <span class='ocr_line' id='line_1_61' title="bbox 1244 423 2004 459; baseline 0.001 -1"><span class='ocrx_word' id='word_1_282' title='bbox 1244 423 1277 457; x_wconf 80' lang='lat'>8&lt;</span> <span class='ocrx_word' id='word_1_283' title='bbox 1314 423 1478 458; x_wconf 87' lang='lat' dir='ltr'>Mutinae</span> <span class='ocrx_word' id='word_1_284' title='bbox 1520 424 1560 458; x_wconf 87' lang='lat' dir='ltr'>ad</span> <span class='ocrx_word' id='word_1_285' title='bbox 1603 425 1749 459; x_wconf 86' lang='lat' dir='ltr'>Annum</span> <span class='ocrx_word' id='word_1_286' title='bbox 1777 427 1936 459; x_wconf 83' lang='lat' dir='ltr'>Mxxv.</span> <span class='ocrx_word' id='word_1_287' title='bbox 1964 424 2004 459; x_wconf 79' lang='lat' dir='ltr'>in</span> 
     </span>
     <span class='ocr_line' id='line_1_62' title="bbox 1244 471 2004 522; baseline 0.004 -15"><span class='ocrx_word' id='word_1_288' title='bbox 1244 471 1379 507; x_wconf 81' lang='lat' dir='ltr'>Charta</span> <span class='ocrx_word' id='word_1_289' title='bbox 1423 473 1565 521; x_wconf 86' lang='lat' dir='ltr'>Ingonis</span> <span class='ocrx_word' id='word_1_290' title='bbox 1602 472 1767 520; x_wconf 84' lang='lat' dir='ltr'>Episcopi</span> <span class='ocrx_word' id='word_1_291' title='bbox 1808 475 2004 522; x_wconf 78' lang='lat' dir='ltr'>evulganda</span> 
     </span>
     <span class='ocr_line' id='line_1_63' title="bbox 1246 522 2001 570; baseline 0.004 -14"><span class='ocrx_word' id='word_1_292' title='bbox 1246 522 1282 556; x_wconf 83' lang='lat' dir='ltr'>in</span> <span class='ocrx_word' id='word_1_293' title='bbox 1314 523 1560 558; x_wconf 89' lang='lat' dir='ltr'>Dissertatione</span> <span class='ocrx_word' id='word_1_294' title='bbox 1587 525 1720 558; x_wconf 85' lang='lat' dir='ltr'>XVIII.</span> <span class='ocrx_word' id='word_1_295' title='bbox 1743 524 1781 557; x_wconf 81' lang='lat' dir='ltr'>de</span> <span class='ocrx_word' id='word_1_296' title='bbox 1802 525 2001 570; x_wconf 64' lang='lat' dir='ltr'>Republica,</span> 
     </span>
     <span class='ocr_line' id='line_1_64' title="bbox 1245 573 2003 612; baseline 0.001 -6"><span class='ocrx_word' id='word_1_297' title='bbox 1245 573 1432 607; x_wconf 78' lang='lat' dir='ltr'>memorari</span> <span class='ocrx_word' id='word_1_298' title='bbox 1482 573 1620 608; x_wconf 84' lang='lat' dir='ltr'>videam</span> <span class='ocrx_word' id='word_1_299' title='bbox 1671 574 1832 608; x_wconf 77' lang='lat' dir='ltr'>Decimam</span> <span class='ocrx_word' id='word_1_300' title='bbox 1877 575 1967 608; x_wconf 81' lang='lat' dir='ltr'>illam</span> <span class='ocrx_word' id='word_1_301' title='bbox 1991 597 2003 612; x_wconf 84' lang='lat'>,</span> 
     </span>
     <span class='ocr_line' id='line_1_65' title="bbox 1245 622 2003 669; baseline 0.004 -14"><span class='ocrx_word' id='word_1_302' title='bbox 1245 636 1338 668; x_wconf 82' lang='lat' dir='ltr'>quam</span> <span class='ocrx_word' id='word_1_303' title='bbox 1365 622 1466 656; x_wconf 78' lang='lat' dir='ltr'>tenuit</span> <span class='ocrx_word' id='word_1_304' title='bbox 1491 623 1663 669; x_wconf 76' lang='lat' dir='ltr'>Ardingus</span> <span class='ocrx_word' id='word_1_305' title='bbox 1689 625 1836 668; x_wconf 83' lang='lat' dir='ltr'>Judaeus</span> <span class='ocrx_word' id='word_1_306' title='bbox 1872 624 1905 657; x_wconf 87' lang='lat' dir='ltr'>in</span> <span class='ocrx_word' id='word_1_307' title='bbox 1941 627 2003 659; x_wconf 77' lang='lat' dir='ltr'>Sa-</span> 
     </span>
     <span class='ocr_line' id='line_1_66' title="bbox 1245 672 2004 720; baseline 0.005 -15"><span class='ocrx_word' id='word_1_308' title='bbox 1245 673 1350 707; x_wconf 85' lang='lat' dir='ltr'>liceto.</span> <span class='ocrx_word' id='word_1_309' title='bbox 1387 672 1532 708; x_wconf 87' lang='lat' dir='ltr'>Lucenfi</span> <span class='ocrx_word' id='word_1_310' title='bbox 1570 686 1709 720; x_wconf 85' lang='lat' dir='ltr'>quoque</span> <span class='ocrx_word' id='word_1_311' title='bbox 1745 673 1782 708; x_wconf 88' lang='lat' dir='ltr'>in</span> <span class='ocrx_word' id='word_1_312' title='bbox 1820 674 1914 709; x_wconf 89' lang='lat' dir='ltr'>Urbe</span> <span class='ocrx_word' id='word_1_313' title='bbox 1942 674 2004 709; x_wconf 83' lang='lat' dir='ltr'>sub</span> 
     </span>
     <span class='ocr_line' id='line_1_67' title="bbox 1245 722 2004 770; baseline 0.004 -14"><span class='ocrx_word' id='word_1_314' title='bbox 1245 722 1391 757; x_wconf 86' lang='lat' dir='ltr'>initium</span> <span class='ocrx_word' id='word_1_315' title='bbox 1420 723 1554 759; x_wconf 81' lang='lat' dir='ltr'>Saeculi</span> <span class='ocrx_word' id='word_1_316' title='bbox 1583 724 1732 770; x_wconf 79' lang='lat' dir='ltr'>ejuldem</span> <span class='ocrx_word' id='word_1_317' title='bbox 1763 726 1823 758; x_wconf 88' lang='lat' dir='ltr'>XI.</span> <span class='ocrx_word' id='word_1_318' title='bbox 1851 723 1891 759; x_wconf 90' lang='lat' dir='ltr'>ad</span> <span class='ocrx_word' id='word_1_319' title='bbox 1908 726 2004 759; x_wconf 72' lang='lat' dir='ltr'>&#39;Sari-</span> 
     </span>
     <span class='ocr_line' id='line_1_68' title="bbox 1247 772 2003 810; baseline 0.004 -3"><span class='ocrx_word' id='word_1_320' title='bbox 1247 772 1341 807; x_wconf 64' lang='lat' dir='ltr'>&amp;cum</span> <span class='ocrx_word' id='word_1_321' title='bbox 1365 773 1562 808; x_wconf 79' lang='lat' dir='ltr'>Simeonem</span> <span class='ocrx_word' id='word_1_322' title='bbox 1588 774 1781 808; x_wconf 80' lang='lat' dir='ltr'>Eremitam</span> <span class='ocrx_word' id='word_1_323' title='bbox 1803 774 1886 809; x_wconf 87' lang='lat' dir='ltr'>illac</span> <span class='ocrx_word' id='word_1_324' title='bbox 1908 783 2003 810; x_wconf 85' lang='lat' dir='ltr'>tran—</span> 
     </span>
     <span class='ocr_line' id='line_1_69' title="bbox 1245 821 2003 869; baseline 0.001 -12"><span class='ocrx_word' id='word_1_325' title='bbox 1245 821 1399 858; x_wconf 85' lang='lat' dir='ltr'>seuntem</span> <span class='ocrx_word' id='word_1_326' title='bbox 1425 824 1530 869; x_wconf 85' lang='lat' dir='ltr'>plures</span> <span class='ocrx_word' id='word_1_327' title='bbox 1556 825 1752 868; x_wconf 75' lang='lat' dir='ltr'>judaeorum</span> <span class='ocrx_word' id='word_1_328' title='bbox 1793 834 1866 858; x_wconf 84' lang='lat' dir='ltr'>tunc</span> <span class='ocrx_word' id='word_1_329' title='bbox 1892 838 2003 858; x_wconf 83' lang='lat' dir='ltr'>conve-</span> 
     </span>
     <span class='ocr_line' id='line_1_70' title="bbox 1245 873 2005 918; baseline 0.004 -12"><span class='ocrx_word' id='word_1_330' title='bbox 1245 884 1376 908; x_wconf 80' lang='lat' dir='ltr'>nerunt.</span> <span class='ocrx_word' id='word_1_331' title='bbox 1405 873 1584 909; x_wconf 82' lang='lat' dir='ltr'>Miraculo</span> <span class='ocrx_word' id='word_1_332' title='bbox 1612 874 1687 908; x_wconf 84' lang='lat' dir='ltr'>viso</span> <span class='ocrx_word' id='word_1_333' title='bbox 1705 899 1714 912; x_wconf 91' lang='lat'>,</span> <span class='ocrx_word' id='word_1_334' title='bbox 1744 888 1833 908; x_wconf 81' lang='lat' dir='ltr'>mane</span> <span class='ocrx_word' id='word_1_335' title='bbox 1853 873 1944 918; x_wconf 70' lang='lat' dir='ltr'>sac70</span> <span class='ocrx_word' id='word_1_336' title='bbox 1970 889 2005 909; x_wconf 82' lang='lat' dir='ltr'>ex</span> 
     </span>
     <span class='ocr_line' id='line_1_71' title="bbox 1244 924 2006 971; baseline 0.005 -15"><span class='ocrx_word' id='word_1_337' title='bbox 1244 933 1311 958; x_wconf 76' lang='lat' dir='ltr'>tota</span> <span class='ocrx_word' id='word_1_338' title='bbox 1338 924 1396 958; x_wconf 70' lang='lat' dir='ltr'>illa</span> <span class='ocrx_word' id='word_1_339' title='bbox 1423 924 1568 958; x_wconf 77' lang='lat' dir='ltr'>Civitate</span> <span class='ocrx_word' id='word_1_340' title='bbox 1589 925 1767 970; x_wconf 80' lang='lat' dir='ltr'>quicumque</span> <span class='ocrx_word' id='word_1_341' title='bbox 1788 924 1926 959; x_wconf 79' lang='lat' dir='ltr'>Hebraei</span> <span class='ocrx_word' id='word_1_342' title='bbox 1943 935 2006 971; x_wconf 80' lang='lat' dir='ltr'>pa-</span> 
     </span>
     <span class='ocr_line' id='line_1_72' title="bbox 1244 974 2003 1018; baseline 0.003 -12"><span class='ocrx_word' id='word_1_343' title='bbox 1244 986 1318 1007; x_wconf 84' lang='lat' dir='ltr'>vore</span> <span class='ocrx_word' id='word_1_344' title='bbox 1344 975 1469 1018; x_wconf 82' lang='lat' dir='ltr'>concuffi</span> <span class='ocrx_word' id='word_1_345' title='bbox 1510 977 1543 1008; x_wconf 84' lang='lat' dir='ltr'>in</span> <span class='ocrx_word' id='word_1_346' title='bbox 1580 988 1675 1008; x_wconf 84' lang='lat' dir='ltr'>unum</span> <span class='ocrx_word' id='word_1_347' title='bbox 1702 975 1915 1013; x_wconf 78' lang='lat' dir='ltr'>conveniunt,</span> <span class='ocrx_word' id='word_1_348' title='bbox 1958 974 2003 1013; x_wconf 55' lang='grc' dir='ltr'>(ῥ’</span> 
     </span>
     <span class='ocr_line' id='line_1_73' title="bbox 1245 1024 2005 1065; baseline 0.003 -9"><span class='ocrx_word' id='word_1_349' title='bbox 1245 1025 1425 1058; x_wconf 81' lang='lat' dir='ltr'>exhortante</span> <span class='ocrx_word' id='word_1_350' title='bbox 1453 1025 1523 1057; x_wconf 85' lang='lat' dir='ltr'>illos</span> <span class='ocrx_word' id='word_1_351' title='bbox 1549 1025 1668 1065; x_wconf 79' lang='lat' dir='ltr'>Christi</span> <span class='ocrx_word' id='word_1_352' title='bbox 1693 1025 1764 1058; x_wconf 80' lang='lat' dir='ltr'>viro</span> <span class='ocrx_word' id='word_1_353' title='bbox 1804 1026 1944 1058; x_wconf 80' lang='lat' dir='ltr'>Simeone</span> <span class='ocrx_word' id='word_1_354' title='bbox 1971 1024 2005 1058; x_wconf 80' lang='lat' dir='ltr'>in</span> 
     </span>
     <span class='ocr_line' id='line_1_74' title="bbox 1245 1072 2005 1114; baseline 0.001 -9"><span class='ocrx_word' id='word_1_355' title='bbox 1245 1072 1400 1114; x_wconf 77' lang='lat' dir='ltr'>Christum</span> <span class='ocrx_word' id='word_1_356' title='bbox 1427 1073 1492 1107; x_wconf 81' lang='lat' dir='ltr'>Dei</span> <span class='ocrx_word' id='word_1_357' title='bbox 1514 1074 1638 1107; x_wconf 81' lang='lat' dir='ltr'>Filium</span> <span class='ocrx_word' id='word_1_358' title='bbox 1662 1075 1877 1108; x_wconf 78' lang='lat' dir='ltr'>crediderunt.</span> <span class='ocrx_word' id='word_1_359' title='bbox 1905 1074 2005 1108; x_wconf 80' lang='lat' dir='ltr'>Idcir—</span> 
     </span>
     <span class='ocr_line' id='line_1_75' title="bbox 1244 1123 2005 1170; baseline 0.003 -14"><span class='ocrx_word' id='word_1_360' title='bbox 1244 1135 1275 1156; x_wconf 88' lang='lat' dir='ltr'>co</span> <span class='ocrx_word' id='word_1_361' title='bbox 1299 1133 1353 1168; x_wconf 83' lang='lat' dir='ltr'>per</span> <span class='ocrx_word' id='word_1_362' title='bbox 1392 1135 1495 1156; x_wconf 84' lang='lat' dir='ltr'>omnes</span> <span class='ocrx_word' id='word_1_363' title='bbox 1529 1123 1688 1157; x_wconf 83' lang='lat' dir='ltr'>Civitatis</span> <span class='ocrx_word' id='word_1_364' title='bbox 1723 1123 1879 1164; x_wconf 77' lang='lat' dir='ltr'>Ecclefias</span> <span class='ocrx_word' id='word_1_365' title='bbox 1904 1123 2005 1170; x_wconf 76' lang='lat' dir='ltr'>figna</span> 
     </span>
     <span class='ocr_line' id='line_1_76' title="bbox 1244 1171 2003 1220; baseline 0.001 -13"><span class='ocrx_word' id='word_1_366' title='bbox 1244 1171 1359 1219; x_wconf 71' lang='lat' dir='ltr'>(idest</span> <span class='ocrx_word' id='word_1_367' title='bbox 1386 1174 1615 1220; x_wconf 87' lang='lat' dir='ltr'>Campanae)</span> <span class='ocrx_word' id='word_1_368' title='bbox 1641 1173 1769 1219; x_wconf 74' lang='lat' dir='ltr'>pulsata</span> <span class='ocrx_word' id='word_1_369' title='bbox 1789 1174 1896 1217; x_wconf 79' lang='lat' dir='ltr'>suere.</span> <span class='ocrx_word' id='word_1_370' title='bbox 1923 1176 2003 1208; x_wconf 90' lang='lat' dir='ltr'>An-</span> 
     </span>
     <span class='ocr_line' id='line_1_77' title="bbox 1242 1223 2001 1270; baseline 0.004 -14"><span class='ocrx_word' id='word_1_371' title='bbox 1242 1235 1289 1257; x_wconf 88' lang='lat' dir='ltr'>no</span> <span class='ocrx_word' id='word_1_372' title='bbox 1309 1236 1447 1270; x_wconf 87' lang='lat' dir='ltr'>quoque</span> <span class='ocrx_word' id='word_1_373' title='bbox 1469 1225 1765 1259; x_wconf 84' lang='lat' dir='ltr'>MCCLXXXH.</span> <span class='ocrx_word' id='word_1_374' title='bbox 1787 1223 2001 1264; x_wconf 67' lang='lat' dir='ltr'>ingredienti</span> 
     </span>
     <span class='ocr_line' id='line_1_78' title="bbox 1243 1272 2001 1322; baseline 0.001 -15"><span class='ocrx_word' id='word_1_375' title='bbox 1243 1274 1346 1307; x_wconf 86' lang='lat' dir='ltr'>Petro</span> <span class='ocrx_word' id='word_1_376' title='bbox 1374 1272 1649 1321; x_wconf 86' lang='lat' dir='ltr'>Aragonenfium</span> <span class='ocrx_word' id='word_1_377' title='bbox 1680 1273 1766 1322; x_wconf 85' lang='lat' dir='ltr'>Regi</span> <span class='ocrx_word' id='word_1_378' title='bbox 1803 1274 2001 1309; x_wconf 68' lang='lat' dir='ltr'>Messanen-</span> 
     </span>
     <span class='ocr_line' id='line_1_79' title="bbox 1240 1322 2002 1368; baseline 0.001 -11"><span class='ocrx_word' id='word_1_379' title='bbox 1240 1322 1308 1357; x_wconf 89' lang='lat' dir='ltr'>sem</span> <span class='ocrx_word' id='word_1_380' title='bbox 1333 1323 1463 1358; x_wconf 88' lang='lat' dir='ltr'>Urbem</span> <span class='ocrx_word' id='word_1_381' title='bbox 1485 1333 1710 1359; x_wconf 89' lang='lat' dir='ltr'>occurrerunt</span> <span class='ocrx_word' id='word_1_382' title='bbox 1725 1325 1923 1368; x_wconf 76' lang='lat' dir='ltr'>judaeorum</span> <span class='ocrx_word' id='word_1_383' title='bbox 1944 1324 2002 1358; x_wconf 80' lang='lat' dir='ltr'>Si-</span> 
     </span>
     <span class='ocr_line' id='line_1_80' title="bbox 1239 1374 2001 1420; baseline 0.004 -14"><span class='ocrx_word' id='word_1_384' title='bbox 1239 1386 1377 1419; x_wconf 83' lang='lat' dir='ltr'>nagogae</span> <span class='ocrx_word' id='word_1_385' title='bbox 1419 1377 1533 1419; x_wconf 79' lang='lat' dir='ltr'>Legem</span> <span class='ocrx_word' id='word_1_386' title='bbox 1576 1375 1768 1420; x_wconf 82' lang='lat' dir='ltr'>aperientes,</span> <span class='ocrx_word' id='word_1_387' title='bbox 1811 1384 1849 1409; x_wconf 92' lang='lat' dir='ltr'>ut</span> <span class='ocrx_word' id='word_1_388' title='bbox 1878 1374 2001 1409; x_wconf 86' lang='lat' dir='ltr'>scribit</span> 
     </span>
     <span class='ocr_line' id='line_1_81' title="bbox 1240 1423 2000 1471; baseline 0.004 -15"><span class='ocrx_word' id='word_1_389' title='bbox 1240 1423 1527 1459; x_wconf 82' lang='lat' dir='ltr'>Bartholomaeus</span> <span class='ocrx_word' id='word_1_390' title='bbox 1555 1423 1596 1459; x_wconf 85' lang='lat' dir='ltr'>de</span> <span class='ocrx_word' id='word_1_391' title='bbox 1626 1424 1812 1459; x_wconf 84' lang='lat' dir='ltr'>Neocastro</span> <span class='ocrx_word' id='word_1_392' title='bbox 1833 1423 1923 1470; x_wconf 85' lang='lat' dir='ltr'>Cap.</span> <span class='ocrx_word' id='word_1_393' title='bbox 1940 1435 2000 1471; x_wconf 80' lang='lat'>53.</span> 
     </span>
     <span class='ocr_line' id='line_1_82' title="bbox 1240 1472 2001 1513; baseline 0.003 -6"><span class='ocrx_word' id='word_1_394' title='bbox 1240 1472 1369 1508; x_wconf 89' lang='lat' dir='ltr'>Histor.</span> <span class='ocrx_word' id='word_1_395' title='bbox 1396 1473 1552 1513; x_wconf 82' lang='lat' dir='ltr'>Siculae,</span> <span class='ocrx_word' id='word_1_396' title='bbox 1594 1475 1713 1509; x_wconf 87' lang='lat' dir='ltr'>Tomo</span> <span class='ocrx_word' id='word_1_397' title='bbox 1742 1476 1840 1509; x_wconf 85' lang='lat' dir='ltr'><strong>XIII.</strong></span> <span class='ocrx_word' id='word_1_398' title='bbox 1870 1477 2001 1509; x_wconf 83' lang='lat' dir='ltr'>Rerum</span> 
     </span>
    </p>
   </div>
   <div class='ocr_carea' id='block_1_11' title="bbox 1213 304 1218 497">
    <p class='ocr_par' dir='ltr' id='par_1_11' title="bbox 1213 304 1218 497">
     <span class='ocr_line' id='line_1_83' title="bbox 1213 304 1218 497; baseline 0 2608"><span class='ocrx_word' id='word_1_399' title='bbox 1213 304 1218 497; x_wconf 95' lang='lat' dir='ltr'> </span> 
     </span>
    </p>
   </div>
   <div class='ocr_carea' id='block_1_12' title="bbox 1212 500 1218 722">
    <p class='ocr_par' dir='ltr' id='par_1_12' title="bbox 1212 500 1218 722">
     <span class='ocr_line' id='line_1_84' title="bbox 1212 500 1218 722; baseline 0 2383"><span class='ocrx_word' id='word_1_400' title='bbox 1212 500 1218 722; x_wconf 95' lang='lat' dir='ltr'> </span> 
     </span>
    </p>
   </div>
   <div class='ocr_carea' id='block_1_13' title="bbox 1208 1523 2000 2612">
    <p class='ocr_par' dir='ltr' id='par_1_13' title="bbox 1208 1523 2000 2612">
     <span class='ocr_line' id='line_1_85' title="bbox 1239 1523 1999 1571; baseline 0.001 -14"><span class='ocrx_word' id='word_1_401' title='bbox 1239 1523 1463 1559; x_wconf 81' lang='lat' dir='ltr'>Italicarum.</span> <span class='ocrx_word' id='word_1_402' title='bbox 1502 1526 1626 1571; x_wconf 87' lang='lat' dir='ltr'>Neque</span> <span class='ocrx_word' id='word_1_403' title='bbox 1663 1524 1779 1559; x_wconf 85' lang='lat' dir='ltr'>deerat</span> <span class='ocrx_word' id='word_1_404' title='bbox 1822 1524 1999 1559; x_wconf 85' lang='lat' dir='ltr'>Ferrariae</span> 
     </span>
     <span class='ocr_line' id='line_1_86' title="bbox 1237 1572 2000 1621; baseline 0.001 -13"><span class='ocrx_word' id='word_1_405' title='bbox 1237 1573 1406 1619; x_wconf 87' lang='lat' dir='ltr'>ejusmodi</span> <span class='ocrx_word' id='word_1_406' title='bbox 1435 1586 1516 1621; x_wconf 85' lang='lat' dir='ltr'>gens</span> <span class='ocrx_word' id='word_1_407' title='bbox 1543 1573 1664 1609; x_wconf 86' lang='lat' dir='ltr'>eodem</span> <span class='ocrx_word' id='word_1_408' title='bbox 1706 1575 1829 1609; x_wconf 90' lang='lat' dir='ltr'>Seculo</span> <span class='ocrx_word' id='word_1_409' title='bbox 1865 1572 2000 1610; x_wconf 86' lang='lat' dir='ltr'>Christi</span> 
     </span>
     <span class='ocr_line' id='line_1_87' title="bbox 1211 1625 2000 1673; baseline 0.003 -16"><span class='ocrx_word' id='word_1_410' title='bbox 1211 1643 1212 1648; x_wconf 67' lang='lat'>=</span> <span class='ocrx_word' id='word_1_411' title='bbox 1239 1626 1336 1658; x_wconf 86' lang='lat' dir='ltr'>XIII.</span> <span class='ocrx_word' id='word_1_412' title='bbox 1368 1626 1479 1658; x_wconf 76' lang='lat' dir='ltr'>[mmo</span> <span class='ocrx_word' id='word_1_413' title='bbox 1500 1633 1600 1660; x_wconf 89' lang='lat' dir='ltr'>tanto</span> <span class='ocrx_word' id='word_1_414' title='bbox 1625 1626 1777 1673; x_wconf 88' lang='lat' dir='ltr'>Populus</span> <span class='ocrx_word' id='word_1_415' title='bbox 1803 1625 2000 1660; x_wconf 76' lang='lat' dir='ltr'>ferrarien-</span> 
     </span>
     <span class='ocr_line' id='line_1_88' title="bbox 1208 1657 2000 1722; baseline 0.001 -14"><span class='ocrx_word' id='word_1_416' title='bbox 1208 1657 1212 1720; x_wconf 70' lang='grc' dir='ltr'>Ι</span> <span class='ocrx_word' id='word_1_417' title='bbox 1238 1673 1277 1708; x_wconf 88' lang='lat' dir='ltr'>fis</span> <span class='ocrx_word' id='word_1_418' title='bbox 1325 1674 1523 1722; x_wconf 85' lang='lat' dir='ltr'>patrocinio</span> <span class='ocrx_word' id='word_1_419' title='bbox 1570 1675 1669 1709; x_wconf 87' lang='lat' dir='ltr'>illam</span> <span class='ocrx_word' id='word_1_420' title='bbox 1729 1675 2000 1722; x_wconf 88' lang='lat' dir='ltr'>prosequebatur</span> 
     </span>
     <span class='ocr_line' id='line_1_89' title="bbox 1237 1723 2000 1771; baseline 0.001 -13"><span class='ocrx_word' id='word_1_421' title='bbox 1237 1726 1345 1759; x_wconf 83' lang='lat' dir='ltr'>Anno</span> <span class='ocrx_word' id='word_1_422' title='bbox 1382 1723 1514 1759; x_wconf 85' lang='lat' dir='ltr'>Christi</span> <span class='ocrx_word' id='word_1_423' title='bbox 1553 1726 1813 1760; x_wconf 77' lang='lat' dir='ltr'>MCCLXXV.</span> <span class='ocrx_word' id='word_1_424' title='bbox 1857 1733 1895 1759; x_wconf 84' lang='lat' dir='ltr'>ut</span> <span class='ocrx_word' id='word_1_425' title='bbox 1936 1737 2000 1771; x_wconf 90' lang='lat' dir='ltr'>pro</span> 
     </span>
     <span class='ocr_line' id='line_1_90' title="bbox 1237 1773 2000 1818; baseline 0 -10"><span class='ocrx_word' id='word_1_426' title='bbox 1237 1775 1447 1818; x_wconf 79' lang='lat' dir='ltr'>absolutione,</span> <span class='ocrx_word' id='word_1_427' title='bbox 1484 1775 1687 1813; x_wconf 82' lang='lat' dir='ltr'>liberatione,</span> <span class='ocrx_word' id='word_1_428' title='bbox 1727 1773 1773 1812; x_wconf 51' lang='grc' dir='ltr'>όν</span> <span class='ocrx_word' id='word_1_429' title='bbox 1802 1774 2000 1809; x_wconf 81' lang='lat' dir='ltr'>immunitate</span> 
     </span>
     <span class='ocr_line' id='line_1_91' title="bbox 1234 1824 2000 1870; baseline -0.001 -11"><span class='ocrx_word' id='word_1_430' title='bbox 1234 1824 1332 1868; x_wconf 61' lang='lat' dir='ltr'>faffis</span> <span class='ocrx_word' id='word_1_431' title='bbox 1350 1827 1379 1868; x_wconf 90' lang='lat' dir='ltr'><em>J</em></span> <span class='ocrx_word' id='word_1_432' title='bbox 1383 1824 1491 1858; x_wconf 86' lang='lat' dir='ltr'>udaeis</span> <span class='ocrx_word' id='word_1_433' title='bbox 1519 1825 1686 1858; x_wconf 77' lang='lat' dir='ltr'>Ferrariae</span> <span class='ocrx_word' id='word_1_434' title='bbox 1721 1835 1776 1870; x_wconf 84' lang='lat' dir='ltr'>per</span> <span class='ocrx_word' id='word_1_435' title='bbox 1807 1825 2000 1869; x_wconf 82' lang='lat' dir='ltr'>Jacobinum</span> 
     </span>
     <span class='ocr_line' id='line_1_92' title="bbox 1239 1874 1999 1909; baseline 0 -1"><span class='ocrx_word' id='word_1_436' title='bbox 1239 1875 1393 1909; x_wconf 81' lang='lat' dir='ltr'>Guardoli</span> <span class='ocrx_word' id='word_1_437' title='bbox 1422 1874 1579 1908; x_wconf 80' lang='lat' dir='ltr'>Vicarium</span> <span class='ocrx_word' id='word_1_438' title='bbox 1607 1874 1740 1908; x_wconf 83' lang='lat' dir='ltr'>Domini</span> <span class='ocrx_word' id='word_1_439' title='bbox 1763 1875 1932 1909; x_wconf 77' lang='lat' dir='ltr'>Guitielmi</span> <span class='ocrx_word' id='word_1_440' title='bbox 1959 1876 1999 1908; x_wconf 83' lang='lat' dir='ltr'>de</span> 
     </span>
     <span class='ocr_line' id='line_1_93' title="bbox 1239 1924 1998 1966; baseline 0.001 -7"><span class='ocrx_word' id='word_1_441' title='bbox 1239 1924 1455 1960; x_wconf 80' lang='lat' dir='ltr'>Lambertinis</span> <span class='ocrx_word' id='word_1_442' title='bbox 1480 1924 1644 1966; x_wconf 80' lang='lat' dir='ltr'>Potestatis</span> <span class='ocrx_word' id='word_1_443' title='bbox 1667 1926 1852 1964; x_wconf 84' lang='lat' dir='ltr'>Ferrariae,</span> <span class='ocrx_word' id='word_1_444' title='bbox 1882 1925 1998 1960; x_wconf 87' lang='lat' dir='ltr'>decre-</span> 
     </span>
     <span class='ocr_line' id='line_1_94' title="bbox 1240 1973 2000 2011; baseline -0.001 -1"><span class='ocrx_word' id='word_1_445' title='bbox 1240 1985 1316 2010; x_wconf 86' lang='lat' dir='ltr'>tum</span> <span class='ocrx_word' id='word_1_446' title='bbox 1353 1973 1633 2010; x_wconf 86' lang='lat' dir='ltr'>confirmationis</span> <span class='ocrx_word' id='word_1_447' title='bbox 1685 1975 1865 2011; x_wconf 88' lang='lat' dir='ltr'>emiserint</span> <span class='ocrx_word' id='word_1_448' title='bbox 1906 1974 2000 2010; x_wconf 88' lang='lat' dir='ltr'>tanti</span> 
     </span>
     <span class='ocr_line' id='line_1_95' title="bbox 1240 2024 1998 2072; baseline -0.001 -12"><span class='ocrx_word' id='word_1_449' title='bbox 1240 2024 1395 2064; x_wconf 88' lang='lat' dir='ltr'>roboris,</span> <span class='ocrx_word' id='word_1_450' title='bbox 1423 2033 1462 2060; x_wconf 88' lang='lat' dir='ltr'>ut</span> <span class='ocrx_word' id='word_1_451' title='bbox 1482 2024 1495 2071; x_wconf 87' lang='lat'>(</span> <span class='ocrx_word' id='word_1_452' title='bbox 1513 2026 1604 2072; x_wconf 88' lang='lat' dir='ltr'>quod</span> <span class='ocrx_word' id='word_1_453' title='bbox 1629 2024 1778 2072; x_wconf 86' lang='lat' dir='ltr'>mirere)</span> <span class='ocrx_word' id='word_1_454' title='bbox 1806 2027 1843 2060; x_wconf 83' lang='lat' dir='ltr'>de</span> <span class='ocrx_word' id='word_1_455' title='bbox 1862 2026 1915 2060; x_wconf 79' lang='lat' dir='ltr'>hoc</span> <span class='ocrx_word' id='word_1_456' title='bbox 1937 2028 1998 2059; x_wconf 84' lang='lat' dir='ltr'>Po·-</span> 
     </span>
     <span class='ocr_line' id='line_1_96' title="bbox 1240 2073 1998 2121; baseline 0 -11"><span class='ocrx_word' id='word_1_457' title='bbox 1240 2076 1331 2118; x_wconf 75' lang='lat' dir='ltr'>testas</span> <span class='ocrx_word' id='word_1_458' title='bbox 1359 2075 1524 2110; x_wconf 81' lang='lat' dir='ltr'>Ferrariae</span> <span class='ocrx_word' id='word_1_459' title='bbox 1541 2099 1551 2114; x_wconf 86' lang='lat'><em>‚</em></span> <span class='ocrx_word' id='word_1_460' title='bbox 1578 2076 1633 2121; x_wconf 83' lang='lat' dir='ltr'>qui</span> <span class='ocrx_word' id='word_1_461' title='bbox 1658 2075 1719 2116; x_wconf 78' lang='lat' dir='ltr'>eft,</span> <span class='ocrx_word' id='word_1_462' title='bbox 1756 2077 1810 2110; x_wconf 77' lang='lat' dir='ltr'>vel</span> <span class='ocrx_word' id='word_1_463' title='bbox 1835 2076 1915 2115; x_wconf 81' lang='lat' dir='ltr'>erit,</span> <span class='ocrx_word' id='word_1_464' title='bbox 1951 2073 1998 2113; x_wconf 57' lang='grc' dir='ltr'>ἂν·</span> 
     </span>
     <span class='ocr_line' id='line_1_97' title="bbox 1240 2124 1999 2171; baseline 0 -11"><span class='ocrx_word' id='word_1_465' title='bbox 1240 2130 1340 2160; x_wconf 80' lang='lat' dir='ltr'>eorum</span> <span class='ocrx_word' id='word_1_466' title='bbox 1358 2126 1491 2170; x_wconf 81' lang='lat' dir='ltr'>Judices</span> <span class='ocrx_word' id='word_1_467' title='bbox 1518 2124 1564 2162; x_wconf 53' lang='grc' dir='ltr'>ψ’</span> <span class='ocrx_word' id='word_1_468' title='bbox 1591 2124 1784 2171; x_wconf 66' lang='lat' dir='ltr'>Affeffores,</span> <span class='ocrx_word' id='word_1_469' title='bbox 1805 2126 1876 2166; x_wconf 77' lang='lat' dir='ltr'>sive</span> <span class='ocrx_word' id='word_1_470' title='bbox 1905 2126 1999 2160; x_wconf 79' lang='lat' dir='ltr'>Vica-</span> 
     </span>
     <span class='ocr_line' id='line_1_98' title="bbox 1240 2175 1998 2222; baseline 0 -12"><span class='ocrx_word' id='word_1_471' title='bbox 1240 2177 1306 2216; x_wconf 82' lang='lat' dir='ltr'>rii,</span> <span class='ocrx_word' id='word_1_472' title='bbox 1347 2189 1406 2210; x_wconf 82' lang='lat' dir='ltr'>non</span> <span class='ocrx_word' id='word_1_473' title='bbox 1444 2175 1558 2222; x_wconf 80' lang='lat' dir='ltr'>poffint</span> <span class='ocrx_word' id='word_1_474' title='bbox 1596 2175 1722 2218; x_wconf 67' lang='lat' dir='ltr'>absolvi</span> <span class='ocrx_word' id='word_1_475' title='bbox 1746 2187 1801 2221; x_wconf 84' lang='lat' dir='ltr'>per</span> <span class='ocrx_word' id='word_1_476' title='bbox 1827 2176 1998 2210; x_wconf 72' lang='lat' dir='ltr'>Dominum</span> 
     </span>
     <span class='ocr_line' id='line_1_99' title="bbox 1238 2225 1998 2273; baseline -0.004 -11"><span class='ocrx_word' id='word_1_477' title='bbox 1238 2230 1390 2273; x_wconf 78' lang='lat' dir='ltr'>Papam,</span> <span class='ocrx_word' id='word_1_478' title='bbox 1432 2225 1489 2269; x_wconf 73' lang='lat' dir='ltr'>Jeu‘</span> <span class='ocrx_word' id='word_1_479' title='bbox 1527 2237 1583 2272; x_wconf 84' lang='lat' dir='ltr'>per</span> <span class='ocrx_word' id='word_1_480' title='bbox 1619 2227 1788 2260; x_wconf 72' lang='lat' dir='ltr'>Dominum</span> <span class='ocrx_word' id='word_1_481' title='bbox 1829 2228 1998 2271; x_wconf 53' lang='lat' dir='ltr'>Obizenem</span> 
     </span>
     <span class='ocr_line' id='line_1_100' title="bbox 1238 2276 1996 2323; baseline -0.003 -12"><span class='ocrx_word' id='word_1_482' title='bbox 1238 2277 1453 2311; x_wconf 77' lang='lat' dir='ltr'>Marchionem</span> <span class='ocrx_word' id='word_1_483' title='bbox 1481 2276 1660 2320; x_wconf 70' lang='lat' dir='ltr'>Estensem,</span> <span class='ocrx_word' id='word_1_484' title='bbox 1700 2290 1750 2310; x_wconf 84' lang='lat' dir='ltr'>nec</span> <span class='ocrx_word' id='word_1_485' title='bbox 1774 2287 1829 2323; x_wconf 83' lang='lat' dir='ltr'>per</span> <span class='ocrx_word' id='word_1_486' title='bbox 1855 2277 1996 2322; x_wconf 80' lang='lat' dir='ltr'>aliquam</span> 
     </span>
     <span class='ocr_line' id='line_1_101' title="bbox 1236 2326 1995 2372; baseline -0.003 -11"><span class='ocrx_word' id='word_1_487' title='bbox 1236 2327 1335 2361; x_wconf 81' lang='lat' dir='ltr'>aliam</span> <span class='ocrx_word' id='word_1_488' title='bbox 1357 2326 1543 2372; x_wconf 83' lang='lat' dir='ltr'>perfimam.</span> <span class='ocrx_word' id='word_1_489' title='bbox 1588 2326 1708 2362; x_wconf 85' lang='lat' dir='ltr'>Usuris</span> <span class='ocrx_word' id='word_1_490' title='bbox 1746 2338 1860 2362; x_wconf 79' lang='lat' dir='ltr'>autem</span> <span class='ocrx_word' id='word_1_491' title='bbox 1890 2327 1995 2369; x_wconf 89' lang='lat' dir='ltr'>illos,</span> 
     </span>
     <span class='ocr_line' id='line_1_102' title="bbox 1237 2375 1996 2412; baseline -0.004 0"><span class='ocrx_word' id='word_1_492' title='bbox 1237 2376 1290 2412; x_wconf 89' lang='lat' dir='ltr'>uti</span> <span class='ocrx_word' id='word_1_493' title='bbox 1318 2389 1409 2411; x_wconf 90' lang='lat' dir='ltr'>nunc</span> <span class='ocrx_word' id='word_1_494' title='bbox 1437 2376 1473 2411; x_wconf 88' lang='lat' dir='ltr'>in</span> <span class='ocrx_word' id='word_1_495' title='bbox 1503 2376 1683 2412; x_wconf 85' lang='lat' dir='ltr'>nonnullis</span> <span class='ocrx_word' id='word_1_496' title='bbox 1722 2377 1846 2412; x_wconf 89' lang='lat' dir='ltr'>Italiae</span> <span class='ocrx_word' id='word_1_497' title='bbox 1888 2375 1996 2410; x_wconf 83' lang='lat' dir='ltr'>Urbi-</span> 
     </span>
     <span class='ocr_line' id='line_1_103' title="bbox 1237 2425 1995 2474; baseline -0.004 -12"><span class='ocrx_word' id='word_1_498' title='bbox 1237 2427 1329 2470; x_wconf 90' lang='lat' dir='ltr'>bus,</span> <span class='ocrx_word' id='word_1_499' title='bbox 1371 2426 1421 2461; x_wconf 86' lang='lat' dir='ltr'>ita</span> <span class='ocrx_word' id='word_1_500' title='bbox 1462 2428 1495 2461; x_wconf 88' lang='lat'>&amp;</span> <span class='ocrx_word' id='word_1_501' title='bbox 1538 2426 1626 2462; x_wconf 86' lang='lat' dir='ltr'>olim</span> <span class='ocrx_word' id='word_1_502' title='bbox 1665 2440 1803 2474; x_wconf 83' lang='lat' dir='ltr'>operam</span> <span class='ocrx_word' id='word_1_503' title='bbox 1847 2425 1995 2470; x_wconf 76' lang='lat' dir='ltr'>dedisse,</span> 
     </span>
     <span class='ocr_line' id='line_1_104' title="bbox 1236 2475 1995 2525; baseline 0 -13"><span class='ocrx_word' id='word_1_504' title='bbox 1236 2477 1409 2524; x_wconf 82' lang='lat' dir='ltr'>conjicere</span> <span class='ocrx_word' id='word_1_505' title='bbox 1438 2477 1614 2525; x_wconf 67' lang='lat' dir='ltr'>possumus</span> <span class='ocrx_word' id='word_1_506' title='bbox 1641 2491 1683 2512; x_wconf 79' lang='lat' dir='ltr'>ex</span> <span class='ocrx_word' id='word_1_507' title='bbox 1712 2475 1825 2511; x_wconf 83' lang='lat' dir='ltr'>verbis</span> <span class='ocrx_word' id='word_1_508' title='bbox 1864 2477 1995 2512; x_wconf 83' lang='lat' dir='ltr'>Leonis</span> 
     </span>
     <span class='ocr_line' id='line_1_105' title="bbox 1210 2525 1996 2583; baseline 0 -21"><span class='ocrx_word' id='word_1_509' title='bbox 1210 2547 1214 2561; x_wconf 76' lang='lat' dir='ltr'>i</span> <span class='ocrx_word' id='word_1_510' title='bbox 1235 2526 1417 2567; x_wconf 86' lang='lat' dir='ltr'>Ostiensis,</span> <span class='ocrx_word' id='word_1_511' title='bbox 1446 2527 1508 2575; x_wconf 80' lang='lat' dir='ltr'>qui</span> <span class='ocrx_word' id='word_1_512' title='bbox 1536 2528 1618 2564; x_wconf 85' lang='lat' dir='ltr'>Lib.</span> <span class='ocrx_word' id='word_1_513' title='bbox 1641 2540 1674 2564; x_wconf 88' lang='lat'>2.</span> <span class='ocrx_word' id='word_1_514' title='bbox 1696 2525 1785 2576; x_wconf 87' lang='lat' dir='ltr'>Cap.</span> <span class='ocrx_word' id='word_1_515' title='bbox 1799 2539 1860 2574; x_wconf 83' lang='lat'>43.</span> <span class='ocrx_word' id='word_1_516' title='bbox 1878 2525 1996 2583; x_wconf 69' lang='lat' dir='ltr'>Clito-</span> 
     </span>
     <span class='ocr_line' id='line_1_106' title="bbox 1889 2589 1944 2612; baseline 0 0"><span class='ocrx_word' id='word_1_517' title='bbox 1889 2589 1944 2612; x_wconf 70' lang='lat' dir='ltr'>m-</span> 
     </span>
    </p>
   </div>
   <div class='ocr_carea' id='block_1_14' title="bbox 2022 808 2032 826">
    <p class='ocr_par' dir='ltr' id='par_1_14' title="bbox 2022 808 2032 826">
     <span class='ocr_line' id='line_1_107' title="bbox 2022 808 2032 826; baseline 0 0"><span class='ocrx_word' id='word_1_518' title='bbox 2022 808 2032 826; x_wconf 87' lang='grc'><strong><em>7</em></strong></span> 
     </span>
    </p>
   </div>
  </div>
 </body>
</html>
