<?xml version="1.0" encoding="UTF-8"?>
<!DOCTYPE html PUBLIC "-//W3C//DTD XHTML 1.0 Transitional//EN"
    "http://www.w3.org/TR/xhtml1/DTD/xhtml1-transitional.dtd">
<html xmlns="http://www.w3.org/1999/xhtml" xml:lang="en" lang="en">
 <head>
  <title>
</title>
<meta http-equiv="Content-Type" content="text/html;charset=utf-8" />
  <meta name='ocr-system' content='tesseract 3.04.00' />
  <meta name='ocr-capabilities' content='ocr_page ocr_carea ocr_par ocr_line ocrx_word'/>
</head>
<body>
  <div class='ocr_page' id='page_1' title='image "antiquitatesital03mura_0343.png"; bbox 0 0 2216 3105; ppageno 0'>
   <div class='ocr_carea' id='block_1_1' title="bbox 288 241 373 281">
    <p class='ocr_par' dir='ltr' id='par_1_1' title="bbox 288 241 373 281">
     <span class='ocr_line' id='line_1_1' title="bbox 288 241 373 281; baseline -0.012 0"><span class='ocrx_word' id='word_1_1' title='bbox 288 241 373 281; x_wconf 72' lang='lat'>661&#39;</span> 
     </span>
    </p>
   </div>
   <div class='ocr_carea' id='block_1_2' title="bbox 586 228 1505 279">
    <p class='ocr_par' dir='ltr' id='par_1_2' title="bbox 586 228 1505 279">
     <span class='ocr_line' id='line_1_2' title="bbox 586 228 1505 279; baseline -0.004 -3"><span class='ocrx_word' id='word_1_2' title='bbox 586 234 886 278; x_wconf 78' lang='lat' dir='ltr'><em>COMMENT,</em></span> <span class='ocrx_word' id='word_1_3' title='bbox 920 236 980 279; x_wconf 87' lang='lat' dir='ltr'>IN</span> <span class='ocrx_word' id='word_1_4' title='bbox 1008 231 1141 276; x_wconf 90' lang='lat' dir='ltr'>DAN</span> <span class='ocrx_word' id='word_1_5' title='bbox 1149 229 1235 273; x_wconf 79' lang='lat' dir='ltr'>TIS</span> <span class='ocrx_word' id='word_1_6' title='bbox 1262 228 1505 272; x_wconf 78' lang='lat' dir='ltr'><em>COMOED.</em></span> 
     </span>
    </p>
   </div>
   <div class='ocr_carea' id='block_1_3' title="bbox 1711 233 1795 274">
    <p class='ocr_par' dir='ltr' id='par_1_3' title="bbox 1711 233 1795 274">
     <span class='ocr_line' id='line_1_3' title="bbox 1711 233 1795 274; baseline 0 -6"><span class='ocrx_word' id='word_1_7' title='bbox 1711 233 1795 274; x_wconf 79' lang='lat'>662</span> 
     </span>
    </p>
   </div>
   <div class='ocr_carea' id='block_1_4' title="bbox 235 282 1853 334">
    <p class='ocr_par' dir='ltr' id='par_1_4' title="bbox 235 282 1853 334">
     <span class='ocr_line' id='line_1_4' title="bbox 235 282 1853 334; baseline -0.007 -3"><span class='ocrx_word' id='word_1_8' title='bbox 235 298 385 331; x_wconf 73' lang='lat' dir='ltr'>Francos</span> <span class='ocrx_word' id='word_1_9' title='bbox 421 301 541 330; x_wconf 84' lang='lat' dir='ltr'>contra</span> <span class='ocrx_word' id='word_1_10' title='bbox 569 293 790 329; x_wconf 81' lang='lat' dir='ltr'>Forlivium.</span> <span class='ocrx_word' id='word_1_11' title='bbox 835 294 902 329; x_wconf 87' lang='lat' dir='ltr'>Vir</span> <span class='ocrx_word' id='word_1_12' title='bbox 929 295 991 330; x_wconf 87' lang='lat' dir='ltr'>bo·</span> <span class='ocrx_word' id='word_1_13' title='bbox 1030 300 1063 333; x_wconf 84' lang='lat' dir='ltr'>A</span> <span class='ocrx_word' id='word_1_14' title='bbox 1093 290 1199 334; x_wconf 84' lang='lat' dir='ltr'>idest,</span> <span class='ocrx_word' id='word_1_15' title='bbox 1227 288 1431 325; x_wconf 79' lang='lat' dir='ltr'>nominavit</span> <span class='ocrx_word' id='word_1_16' title='bbox 1458 287 1547 322; x_wconf 88' lang='lat' dir='ltr'>mihi</span> <span class='ocrx_word' id='word_1_17' title='bbox 1586 286 1650 322; x_wconf 86' lang='lat' dir='ltr'>ille</span> <span class='ocrx_word' id='word_1_18' title='bbox 1675 282 1853 321; x_wconf 79' lang='lat' dir='ltr'>Forefius:</span> 
     </span>
    </p>
   </div>
   <div class='ocr_carea' id='block_1_5' title="bbox 211 343 992 747">
    <p class='ocr_par' dir='ltr' id='par_1_5' title="bbox 211 343 992 747">
     <span class='ocr_line' id='line_1_5' title="bbox 211 343 990 394; baseline -0.003 -13"><span class='ocrx_word' id='word_1_19' title='bbox 211 359 297 381; x_wconf 22' lang='lat' dir='ltr'>Vnus</span> <span class='ocrx_word' id='word_1_20' title='bbox 324 347 357 382; x_wconf 88' lang='lat'>&amp;</span> <span class='ocrx_word' id='word_1_21' title='bbox 387 345 556 394; x_wconf 79' lang='lat' dir='ltr'>prudens,</span> <span class='ocrx_word' id='word_1_22' title='bbox 598 344 705 380; x_wconf 88' lang='lat' dir='ltr'>nimis</span> <span class='ocrx_word' id='word_1_23' title='bbox 733 354 850 379; x_wconf 81' lang='lat' dir='ltr'>tamen</span> <span class='ocrx_word' id='word_1_24' title='bbox 879 343 990 392; x_wconf 85' lang='lat' dir='ltr'>splen-</span> 
     </span>
     <span class='ocr_line' id='line_1_6' title="bbox 234 394 992 443; baseline 0.001 -12"><span class='ocrx_word' id='word_1_25' title='bbox 234 397 314 432; x_wconf 84' lang='lat' dir='ltr'>dide</span> <span class='ocrx_word' id='word_1_26' title='bbox 343 396 484 432; x_wconf 81' lang='lat' dir='ltr'>vivens.</span> <span class='ocrx_word' id='word_1_27' title='bbox 513 397 605 431; x_wconf 87' lang='lat' dir='ltr'>Nam</span> <span class='ocrx_word' id='word_1_28' title='bbox 626 408 732 443; x_wconf 87' lang='lat' dir='ltr'>quum</span> <span class='ocrx_word' id='word_1_29' title='bbox 754 394 894 430; x_wconf 83' lang='lat' dir='ltr'>haberet</span> <span class='ocrx_word' id='word_1_30' title='bbox 915 394 992 432; x_wconf 48' lang='lat' dir='ltr'>Cu*</span> 
     </span>
     <span class='ocr_line' id='line_1_7' title="bbox 235 445 990 491; baseline 0 -9"><span class='ocrx_word' id='word_1_31' title='bbox 235 447 323 483; x_wconf 88' lang='lat' dir='ltr'>riam</span> <span class='ocrx_word' id='word_1_32' title='bbox 351 447 389 482; x_wconf 88' lang='lat' dir='ltr'>in</span> <span class='ocrx_word' id='word_1_33' title='bbox 419 447 520 482; x_wconf 88' lang='lat' dir='ltr'>Italia</span> <span class='ocrx_word' id='word_1_34' title='bbox 547 446 584 481; x_wconf 91' lang='lat' dir='ltr'>in</span> <span class='ocrx_word' id='word_1_35' title='bbox 613 445 774 482; x_wconf 81' lang='lat' dir='ltr'>Civitate</span> <span class='ocrx_word' id='word_1_36' title='bbox 811 445 990 491; x_wconf 83' lang='lat' dir='ltr'>viterbii,</span> 
     </span>
     <span class='ocr_line' id='line_1_8' title="bbox 235 496 990 545; baseline 0.001 -13"><span class='ocrx_word' id='word_1_37' title='bbox 235 497 385 532; x_wconf 84' lang='lat' dir='ltr'>faciebat</span> <span class='ocrx_word' id='word_1_38' title='bbox 420 496 580 532; x_wconf 83' lang='lat' dir='ltr'>suffocari</span> <span class='ocrx_word' id='word_1_39' title='bbox 620 496 793 545; x_wconf 84' lang='lat' dir='ltr'>anguillas</span> <span class='ocrx_word' id='word_1_40' title='bbox 838 496 990 543; x_wconf 85' lang='lat' dir='ltr'>optimas</span> 
     </span>
     <span class='ocr_line' id='line_1_9' title="bbox 235 546 992 591; baseline -0.001 -8"><span class='ocrx_word' id='word_1_41' title='bbox 235 547 333 583; x_wconf 84' lang='lat' dir='ltr'>illius</span> <span class='ocrx_word' id='word_1_42' title='bbox 361 549 474 582; x_wconf 88' lang='lat' dir='ltr'>Lacus</span> <span class='ocrx_word' id='word_1_43' title='bbox 501 546 538 583; x_wconf 90' lang='lat' dir='ltr'>in</span> <span class='ocrx_word' id='word_1_44' title='bbox 567 546 652 582; x_wconf 89' lang='lat' dir='ltr'>vino</span> <span class='ocrx_word' id='word_1_45' title='bbox 678 547 818 591; x_wconf 73' lang='lat' dir='ltr'>optimo</span> <span class='ocrx_word' id='word_1_46' title='bbox 839 549 992 583; x_wconf 85' lang='lat' dir='ltr'>Vernac-</span> 
     </span>
     <span class='ocr_line' id='line_1_10' title="bbox 236 596 992 646; baseline 0.001 -13"><span class='ocrx_word' id='word_1_47' title='bbox 236 598 343 641; x_wconf 91' lang='lat' dir='ltr'>cino‚</span> <span class='ocrx_word' id='word_1_48' title='bbox 371 596 409 633; x_wconf 76' lang='grc' dir='ltr'>δε</span> <span class='ocrx_word' id='word_1_49' title='bbox 437 598 516 633; x_wconf 85' lang='lat' dir='ltr'>illas</span> <span class='ocrx_word' id='word_1_50' title='bbox 544 597 769 646; x_wconf 76' lang='lat' dir='ltr'>sapidissimas</span> <span class='ocrx_word' id='word_1_51' title='bbox 797 597 992 635; x_wconf 87' lang='lat' dir='ltr'>avidiffime</span> 
     </span>
     <span class='ocr_line' id='line_1_11' title="bbox 237 648 992 685; baseline 0.001 -2"><span class='ocrx_word' id='word_1_52' title='bbox 237 648 460 684; x_wconf 86' lang='lat' dir='ltr'>comedebat.</span> <span class='ocrx_word' id='word_1_53' title='bbox 491 650 568 683; x_wconf 89' lang='lat' dir='ltr'>Nec</span> <span class='ocrx_word' id='word_1_54' title='bbox 595 648 710 684; x_wconf 91' lang='lat' dir='ltr'>minus</span> <span class='ocrx_word' id='word_1_55' title='bbox 738 650 824 685; x_wconf 87' lang='lat' dir='ltr'>bene</span> <span class='ocrx_word' id='word_1_56' title='bbox 852 649 992 685; x_wconf 78' lang='lat' dir='ltr'>bibebat</span> 
     </span>
     <span class='ocr_line' id='line_1_12' title="bbox 237 698 992 747; baseline 0.003 -14"><span class='ocrx_word' id='word_1_57' title='bbox 237 712 315 734; x_wconf 87' lang='lat' dir='ltr'>cum</span> <span class='ocrx_word' id='word_1_58' title='bbox 343 698 438 737; x_wconf 89' lang='lat' dir='ltr'>illis,</span> <span class='ocrx_word' id='word_1_59' title='bbox 466 700 549 746; x_wconf 88' lang='lat' dir='ltr'>quia</span> <span class='ocrx_word' id='word_1_60' title='bbox 577 700 731 747; x_wconf 83' lang='lat' dir='ltr'>anguilla</span> <span class='ocrx_word' id='word_1_61' title='bbox 760 701 839 735; x_wconf 86' lang='lat' dir='ltr'>vult</span> <span class='ocrx_word' id='word_1_62' title='bbox 875 710 992 735; x_wconf 84' lang='lat' dir='ltr'>natare</span> 
     </span>
    </p>
   </div>
   <div class='ocr_carea' id='block_1_6' title="bbox 236 748 1065 797">
    <p class='ocr_par' dir='ltr' id='par_1_6' title="bbox 236 748 1065 797">
     <span class='ocr_line' id='line_1_13' title="bbox 236 748 1065 797; baseline 0.001 -13"><span class='ocrx_word' id='word_1_63' title='bbox 236 748 274 784; x_wconf 87' lang='lat' dir='ltr'>in</span> <span class='ocrx_word' id='word_1_64' title='bbox 304 749 388 784; x_wconf 90' lang='lat' dir='ltr'>vino</span> <span class='ocrx_word' id='word_1_65' title='bbox 417 749 454 784; x_wconf 89' lang='lat' dir='ltr'>in</span> <span class='ocrx_word' id='word_1_66' title='bbox 481 759 624 785; x_wconf 81' lang='lat' dir='ltr'>ventre.</span> <span class='ocrx_word' id='word_1_67' title='bbox 663 750 763 785; x_wconf 89' lang='lat' dir='ltr'>Dicit</span> <span class='ocrx_word' id='word_1_68' title='bbox 801 763 882 797; x_wconf 89' lang='lat' dir='ltr'>ergo</span> <span class='ocrx_word' id='word_1_69' title='bbox 926 753 994 785; x_wconf 83' lang='lat' dir='ltr'>Fo-</span> <span class='ocrx_word' id='word_1_70' title='bbox 1036 748 1065 781; x_wconf 83' lang='lat' dir='ltr'>B</span> 
     </span>
    </p>
   </div>
   <div class='ocr_carea' id='block_1_7' title="bbox 231 798 1062 1838">
    <p class='ocr_par' dir='ltr' id='par_1_7' title="bbox 232 798 1062 1301">
     <span class='ocr_line' id='line_1_14' title="bbox 235 798 992 848; baseline 0.001 -13"><span class='ocrx_word' id='word_1_71' title='bbox 235 799 360 842; x_wconf 84' lang='lat' dir='ltr'>relius,</span> <span class='ocrx_word' id='word_1_72' title='bbox 397 798 590 835; x_wconf 87' lang='lat' dir='ltr'>describens</span> <span class='ocrx_word' id='word_1_73' title='bbox 630 799 731 836; x_wconf 88' lang='lat' dir='ltr'>istum</span> <span class='ocrx_word' id='word_1_74' title='bbox 774 800 936 848; x_wconf 88' lang='lat' dir='ltr'>spiritum</span> <span class='ocrx_word' id='word_1_75' title='bbox 974 814 992 836; x_wconf 84' lang='lat' dir='ltr'>a</span> 
     </span>
     <span class='ocr_line' id='line_1_15' title="bbox 236 848 993 899; baseline 0.003 -15"><span class='ocrx_word' id='word_1_76' title='bbox 236 849 430 897; x_wconf 83' lang='lat' dir='ltr'>dignitate,</span> <span class='ocrx_word' id='word_1_77' title='bbox 476 848 515 885; x_wconf 91' lang='lat'>&amp;</span> <span class='ocrx_word' id='word_1_78' title='bbox 560 863 579 885; x_wconf 83' lang='lat' dir='ltr'>a</span> <span class='ocrx_word' id='word_1_79' title='bbox 624 850 763 898; x_wconf 85' lang='lat' dir='ltr'>propria</span> <span class='ocrx_word' id='word_1_80' title='bbox 791 851 993 899; x_wconf 74' lang='lat' dir='ltr'>gulositate.</span> 
     </span>
     <span class='ocr_line' id='line_1_16' title="bbox 236 900 993 946; baseline 0.005 -13"><span class='ocrx_word' id='word_1_81' title='bbox 236 902 268 935; x_wconf 87' lang='lat' dir='ltr'><em>E</em></span> <span class='ocrx_word' id='word_1_82' title='bbox 296 901 399 946; x_wconf 84' lang='lat' dir='ltr'>quella</span> <span class='ocrx_word' id='word_1_83' title='bbox 420 900 521 943; x_wconf 78' lang='lat' dir='ltr'>faccia</span> <span class='ocrx_word' id='word_1_84' title='bbox 546 901 583 934; x_wconf 76' lang='lat' dir='ltr'>di</span> <span class='ocrx_word' id='word_1_85' title='bbox 609 901 643 935; x_wconf 61' lang='lat' dir='ltr'>ld</span> <span class='ocrx_word' id='word_1_86' title='bbox 677 903 721 935; x_wconf 77' lang='lat' dir='ltr'>da</span> <span class='ocrx_word' id='word_1_87' title='bbox 746 902 814 945; x_wconf 80' lang='lat' dir='ltr'>lui,</span> <span class='ocrx_word' id='word_1_88' title='bbox 858 901 993 937; x_wconf 87' lang='lat' dir='ltr'>scilicet</span> 
     </span>
     <span class='ocr_line' id='line_1_17' title="bbox 235 949 995 1001; baseline 0.004 -17"><span class='ocrx_word' id='word_1_89' title='bbox 235 949 308 998; x_wconf 87' lang='lat' dir='ltr'>post</span> <span class='ocrx_word' id='word_1_90' title='bbox 336 950 592 998; x_wconf 85' lang='lat' dir='ltr'>Bonagiuntam</span> <span class='ocrx_word' id='word_1_91' title='bbox 621 952 662 986; x_wconf 89' lang='lat' dir='ltr'>de</span> <span class='ocrx_word' id='word_1_92' title='bbox 690 953 811 999; x_wconf 84' lang='lat' dir='ltr'>Luca;</span> <span class='ocrx_word' id='word_1_93' title='bbox 850 953 909 1001; x_wconf 57' lang='lat' dir='ltr'>piis</span> <span class='ocrx_word' id='word_1_94' title='bbox 945 953 995 987; x_wconf 85' lang='lat' dir='ltr'>che</span> 
     </span>
     <span class='ocr_line' id='line_1_18' title="bbox 235 999 992 1051; baseline 0.007 -18"><span class='ocrx_word' id='word_1_95' title='bbox 235 999 259 1033; x_wconf 71' lang='grc' dir='ltr'><em>Γ</em></span> <span class='ocrx_word' id='word_1_96' title='bbox 271 1001 350 1034; x_wconf 77' lang='lat' dir='ltr'>altre</span> <span class='ocrx_word' id='word_1_97' title='bbox 376 1011 548 1047; x_wconf 79' lang='lat' dir='ltr'>trapunta‚</span> <span class='ocrx_word' id='word_1_98' title='bbox 576 1001 684 1041; x_wconf 87' lang='lat' dir='ltr'>idest,</span> <span class='ocrx_word' id='word_1_99' title='bbox 712 1004 824 1051; x_wconf 85' lang='lat' dir='ltr'>magis</span> <span class='ocrx_word' id='word_1_100' title='bbox 852 1015 965 1038; x_wconf 87' lang='lat' dir='ltr'>macra</span> <span class='ocrx_word' id='word_1_101' title='bbox 982 1030 992 1046; x_wconf 86' lang='lat'>‚</span> 
     </span>
     <span class='ocr_line' id='line_1_19' title="bbox 236 1050 992 1101; baseline 0.004 -16"><span class='ocrx_word' id='word_1_102' title='bbox 236 1050 319 1098; x_wconf 87' lang='lat' dir='ltr'>quia</span> <span class='ocrx_word' id='word_1_103' title='bbox 365 1050 505 1098; x_wconf 84' lang='lat' dir='ltr'>gravius</span> <span class='ocrx_word' id='word_1_104' title='bbox 549 1051 729 1101; x_wconf 82' lang='lat' dir='ltr'>deliquit;</span> <span class='ocrx_word' id='word_1_105' title='bbox 777 1053 860 1100; x_wconf 88' lang='lat' dir='ltr'>quia</span> <span class='ocrx_word' id='word_1_106' title='bbox 896 1053 992 1088; x_wconf 83' lang='lat' dir='ltr'>varia</span> 
     </span>
     <span class='ocr_line' id='line_1_20' title="bbox 238 1102 993 1140; baseline 0.004 -5"><span class='ocrx_word' id='word_1_107' title='bbox 238 1109 312 1137; x_wconf 77' lang='lat' dir='ltr'>arte</span> <span class='ocrx_word' id='word_1_108' title='bbox 357 1102 498 1137; x_wconf 85' lang='lat' dir='ltr'>laxabat</span> <span class='ocrx_word' id='word_1_109' title='bbox 543 1113 722 1140; x_wconf 78' lang='lat' dir='ltr'>ventrem,</span> <span class='ocrx_word' id='word_1_110' title='bbox 770 1103 826 1138; x_wconf 88' lang='lat' dir='ltr'>cui</span> <span class='ocrx_word' id='word_1_111' title='bbox 867 1103 993 1138; x_wconf 87' lang='lat' dir='ltr'>utilior</span> 
     </span>
     <span class='ocr_line' id='line_1_21' title="bbox 236 1150 992 1193; baseline 0.004 -8"><span class='ocrx_word' id='word_1_112' title='bbox 236 1161 310 1186; x_wconf 85' lang='lat' dir='ltr'>erat</span> <span class='ocrx_word' id='word_1_113' title='bbox 338 1150 465 1191; x_wconf 86' lang='lat' dir='ltr'>fames,</span> <span class='ocrx_word' id='word_1_114' title='bbox 506 1150 546 1188; x_wconf 84' lang='lat'>&amp;</span> <span class='ocrx_word' id='word_1_115' title='bbox 595 1152 777 1189; x_wconf 75' lang='lat' dir='ltr'>utilissima</span> <span class='ocrx_word' id='word_1_116' title='bbox 805 1153 992 1193; x_wconf 81' lang='lat' dir='ltr'>sobrietas,</span> 
     </span>
     <span class='ocr_line' id='line_1_22' title="bbox 234 1200 1062 1240; baseline 0.002 -4"><span class='ocrx_word' id='word_1_117' title='bbox 234 1201 316 1236; x_wconf 89' lang='lat' dir='ltr'>dum</span> <span class='ocrx_word' id='word_1_118' title='bbox 346 1202 383 1236; x_wconf 91' lang='lat' dir='ltr'>in</span> <span class='ocrx_word' id='word_1_119' title='bbox 411 1200 513 1237; x_wconf 89' lang='lat' dir='ltr'>foedo</span> <span class='ocrx_word' id='word_1_120' title='bbox 543 1204 576 1237; x_wconf 73' lang='grc' dir='ltr'>δε</span> <span class='ocrx_word' id='word_1_121' title='bbox 606 1203 732 1239; x_wconf 89' lang='lat' dir='ltr'>misero</span> <span class='ocrx_word' id='word_1_122' title='bbox 773 1203 909 1240; x_wconf 87' lang='lat' dir='ltr'>sacculo</span> <span class='ocrx_word' id='word_1_123' title='bbox 937 1214 992 1239; x_wconf 72' lang='lat' dir='ltr'>tot</span> <span class='ocrx_word' id='word_1_124' title='bbox 1031 1203 1062 1237; x_wconf 88' lang='lat' dir='ltr'>C</span> 
     </span>
     <span class='ocr_line' id='line_1_23' title="bbox 232 1251 670 1301; baseline 0.005 -15"><span class='ocrx_word' id='word_1_125' title='bbox 232 1251 383 1301; x_wconf 83' lang='lat' dir='ltr'>pretiosa</span> <span class='ocrx_word' id='word_1_126' title='bbox 412 1252 670 1288; x_wconf 78' lang='lat' dir='ltr'>confundebat:</span> 
     </span>
    </p>

    <p class='ocr_par' dir='ltr' id='par_1_8' title="bbox 283 1304 992 1350">
     <span class='ocr_line' id='line_1_24' title="bbox 283 1304 992 1350; baseline 0.004 -14"><span class='ocrx_word' id='word_1_127' title='bbox 283 1304 374 1337; x_wconf 66' lang='lat' dir='ltr'>Ebbe</span> <span class='ocrx_word' id='word_1_128' title='bbox 414 1304 449 1337; x_wconf 81' lang='lat' dir='ltr'>la</span> <span class='ocrx_word' id='word_1_129' title='bbox 487 1306 592 1338; x_wconf 79' lang='lat' dir='ltr'>Santa</span> <span class='ocrx_word' id='word_1_130' title='bbox 631 1304 744 1350; x_wconf 79' lang='lat' dir='ltr'>Chiesa</span> <span class='ocrx_word' id='word_1_131' title='bbox 783 1304 817 1339; x_wconf 71' lang='lat' dir='ltr'>in</span> <span class='ocrx_word' id='word_1_132' title='bbox 864 1306 895 1339; x_wconf 87' lang='lat' dir='ltr'>le</span> <span class='ocrx_word' id='word_1_133' title='bbox 935 1305 992 1349; x_wconf 82' lang='lat' dir='ltr'>sue</span> 
     </span>
    </p>

    <p class='ocr_par' dir='ltr' id='par_1_9' title="bbox 335 1353 475 1388">
     <span class='ocr_line' id='line_1_25' title="bbox 335 1353 475 1388; baseline 0.014 -2"><span class='ocrx_word' id='word_1_134' title='bbox 335 1353 475 1388; x_wconf 64' lang='lat' dir='ltr'>bruccia.</span> 
     </span>
    </p>

    <p class='ocr_par' dir='ltr' id='par_1_10' title="bbox 231 1402 991 1498">
     <span class='ocr_line' id='line_1_26' title="bbox 233 1402 991 1454; baseline 0.004 -17"><span class='ocrx_word' id='word_1_135' title='bbox 233 1402 317 1437; x_wconf 87' lang='lat' dir='ltr'>Plus</span> <span class='ocrx_word' id='word_1_136' title='bbox 345 1412 462 1438; x_wconf 86' lang='lat' dir='ltr'>tamen</span> <span class='ocrx_word' id='word_1_137' title='bbox 500 1402 624 1440; x_wconf 81' lang='lat' dir='ltr'>habuit</span> <span class='ocrx_word' id='word_1_138' title='bbox 664 1418 781 1441; x_wconf 87' lang='lat' dir='ltr'>curam</span> <span class='ocrx_word' id='word_1_139' title='bbox 818 1405 991 1454; x_wconf 83' lang='lat' dir='ltr'>anguilla-</span> 
     </span>
     <span class='ocr_line' id='line_1_27' title="bbox 231 1454 715 1498; baseline 0.006 -11"><span class='ocrx_word' id='word_1_140' title='bbox 231 1465 308 1488; x_wconf 82' lang='lat' dir='ltr'>rum</span> <span class='ocrx_word' id='word_1_141' title='bbox 327 1477 337 1492; x_wconf 90' lang='lat'><em>,</em></span> <span class='ocrx_word' id='word_1_142' title='bbox 365 1454 469 1498; x_wconf 70' lang='lat' dir='ltr'>quam</span> <span class='ocrx_word' id='word_1_143' title='bbox 498 1454 715 1490; x_wconf 87' lang='lat' dir='ltr'>animarum.</span> 
     </span>
    </p>

    <p class='ocr_par' dir='ltr' id='par_1_11' title="bbox 233 1503 994 1637">
     <span class='ocr_line' id='line_1_28' title="bbox 286 1503 566 1545; baseline -0.004 -9"><span class='ocrx_word' id='word_1_144' title='bbox 286 1504 356 1536; x_wconf 80' lang='lat' dir='ltr'>Dal</span> <span class='ocrx_word' id='word_1_145' title='bbox 382 1503 475 1543; x_wconf 77' lang='lat' dir='ltr'>Torso</span> <span class='ocrx_word' id='word_1_146' title='bbox 496 1503 535 1545; x_wconf 71' lang='lat' dir='ltr'>fia</span> <span class='ocrx_word' id='word_1_147' title='bbox 546 1517 566 1545; x_wconf 68' lang='lat'>,-</span> 
     </span>
     <span class='ocr_line' id='line_1_29' title="bbox 233 1550 994 1592; baseline 0.007 -6"><span class='ocrx_word' id='word_1_148' title='bbox 233 1550 401 1592; x_wconf 77' lang='lat' dir='ltr'>scilicet,</span> <span class='ocrx_word' id='word_1_149' title='bbox 427 1552 604 1589; x_wconf 86' lang='lat' dir='ltr'>Turonis.</span> <span class='ocrx_word' id='word_1_150' title='bbox 632 1552 775 1590; x_wconf 75' lang='lat' dir='ltr'>Civitas</span> <span class='ocrx_word' id='word_1_151' title='bbox 803 1554 848 1590; x_wconf 84' lang='lat' dir='ltr'>est</span> <span class='ocrx_word' id='word_1_152' title='bbox 885 1557 994 1591; x_wconf 86' lang='lat' dir='ltr'>Fran-</span> 
     </span>
     <span class='ocr_line' id='line_1_30' title="bbox 233 1602 331 1637; baseline 0 0"><span class='ocrx_word' id='word_1_153' title='bbox 233 1602 331 1637; x_wconf 86' lang='lat' dir='ltr'>eiae:</span> 
     </span>
    </p>

    <p class='ocr_par' dir='ltr' id='par_1_12' title="bbox 283 1656 880 1703">
     <span class='ocr_line' id='line_1_31' title="bbox 283 1656 880 1703; baseline 0.007 -16"><span class='ocrx_word' id='word_1_154' title='bbox 283 1672 471 1681; x_wconf 76' lang='lat'><strong>-----</strong></span> <span class='ocrx_word' id='word_1_155' title='bbox 498 1667 514 1688; x_wconf 80' lang='lat' dir='ltr'>e</span> <span class='ocrx_word' id='word_1_156' title='bbox 537 1665 641 1701; x_wconf 77' lang='lat' dir='ltr'>purga</span> <span class='ocrx_word' id='word_1_157' title='bbox 663 1666 721 1702; x_wconf 82' lang='lat' dir='ltr'>per</span> <span class='ocrx_word' id='word_1_158' title='bbox 745 1656 880 1703; x_wconf 77' lang='lat' dir='ltr'>digium</span> 
     </span>
    </p>

    <p class='ocr_par' dir='ltr' id='par_1_13' title="bbox 235 1701 993 1838">
     <span class='ocr_line' id='line_1_32' title="bbox 286 1701 750 1748; baseline 0.006 -11"><span class='ocrx_word' id='word_1_159' title='bbox 286 1701 327 1737; x_wconf 85' lang='lat' dir='ltr'>L’</span> <span class='ocrx_word' id='word_1_160' title='bbox 342 1704 486 1747; x_wconf 83' lang='lat' dir='ltr'>anguille</span> <span class='ocrx_word' id='word_1_161' title='bbox 510 1705 546 1737; x_wconf 78' lang='lat' dir='ltr'>di</span> <span class='ocrx_word' id='word_1_162' title='bbox 573 1706 709 1748; x_wconf 83' lang='lat' dir='ltr'>Bolsena</span> <span class='ocrx_word' id='word_1_163' title='bbox 734 1727 750 1733; x_wconf 88' lang='lat'>-</span> 
     </span>
     <span class='ocr_line' id='line_1_33' title="bbox 235 1752 993 1801; baseline 0.008 -15"><span class='ocrx_word' id='word_1_164' title='bbox 235 1752 350 1787; x_wconf 77' lang='lat' dir='ltr'>Lacus</span> <span class='ocrx_word' id='word_1_165' title='bbox 378 1752 423 1787; x_wconf 84' lang='lat' dir='ltr'>est</span> <span class='ocrx_word' id='word_1_166' title='bbox 464 1753 635 1790; x_wconf 78' lang='lat' dir='ltr'>Ecclesiae</span> <span class='ocrx_word' id='word_1_167' title='bbox 674 1754 769 1791; x_wconf 85' lang='lat' dir='ltr'>inter</span> <span class='ocrx_word' id='word_1_168' title='bbox 797 1756 993 1801; x_wconf 87' lang='lat' dir='ltr'>Perufium‚</span> 
     </span>
     <span class='ocr_line' id='line_1_34' title="bbox 237 1800 526 1838; baseline 0.007 -2"><span class='ocrx_word' id='word_1_169' title='bbox 237 1800 275 1837; x_wconf 87' lang='lat'>&amp;</span> <span class='ocrx_word' id='word_1_170' title='bbox 304 1802 526 1838; x_wconf 73' lang='lat' dir='ltr'>viterbium:</span> 
     </span>
    </p>
   </div>
   <div class='ocr_carea' id='block_1_8' title="bbox 1014 1440 1018 1495">
    <p class='ocr_par' dir='ltr' id='par_1_14' title="bbox 1014 1440 1018 1495">
     <span class='ocr_line' id='line_1_35' title="bbox 1014 1440 1018 1495; baseline 0 0"><span class='ocrx_word' id='word_1_171' title='bbox 1014 1440 1018 1495; x_wconf 81' lang='lat' dir='ltr'>l</span> 
     </span>
    </p>
   </div>
   <div class='ocr_carea' id='block_1_9' title="bbox 776 1727 879 1734">
    <p class='ocr_par' dir='ltr' id='par_1_15' title="bbox 776 1727 879 1734">
     <span class='ocr_line' id='line_1_36' title="bbox 776 1727 879 1734; baseline 0.019 -2"><span class='ocrx_word' id='word_1_172' title='bbox 776 1727 879 1734; x_wconf 66' lang='grc'>---</span> 
     </span>
    </p>
   </div>
   <div class='ocr_carea' id='block_1_10' title="bbox 234 1855 1056 2603">
    <p class='ocr_par' dir='ltr' id='par_1_16' title="bbox 234 1855 1056 2545">
     <span class='ocr_line' id='line_1_37' title="bbox 286 1855 789 1892; baseline 0.008 -5"><span class='ocrx_word' id='word_1_173' title='bbox 286 1872 470 1881; x_wconf 86' lang='lat'>-----</span> <span class='ocrx_word' id='word_1_174' title='bbox 496 1868 512 1888; x_wconf 86' lang='lat' dir='ltr'>e</span> <span class='ocrx_word' id='word_1_175' title='bbox 537 1855 573 1889; x_wconf 82' lang='lat' dir='ltr'>la</span> <span class='ocrx_word' id='word_1_176' title='bbox 599 1855 789 1892; x_wconf 75' lang='lat' dir='ltr'>Vernaccr&#39;ae.</span> 
     </span>
     <span class='ocr_line' id='line_1_38' title="bbox 237 1902 993 1953; baseline 0.007 -16"><span class='ocrx_word' id='word_1_177' title='bbox 237 1902 326 1938; x_wconf 79' lang='lat' dir='ltr'>Istud</span> <span class='ocrx_word' id='word_1_178' title='bbox 365 1903 487 1940; x_wconf 87' lang='lat' dir='ltr'>vinum</span> <span class='ocrx_word' id='word_1_179' title='bbox 531 1907 607 1953; x_wconf 86' lang='lat' dir='ltr'>plus</span> <span class='ocrx_word' id='word_1_180' title='bbox 653 1907 778 1942; x_wconf 81' lang='lat' dir='ltr'>ceteris</span> <span class='ocrx_word' id='word_1_181' title='bbox 813 1906 927 1942; x_wconf 85' lang='lat' dir='ltr'>nutrit</span> <span class='ocrx_word' id='word_1_182' title='bbox 955 1905 993 1942; x_wconf 87' lang='lat'>&amp;</span> 
     </span>
     <span class='ocr_line' id='line_1_39' title="bbox 236 1953 993 2002; baseline 0.004 -13"><span class='ocrx_word' id='word_1_183' title='bbox 236 1953 457 2002; x_wconf 71' lang='lat' dir='ltr'>impinguat.</span> <span class='ocrx_word' id='word_1_184' title='bbox 486 1958 532 1990; x_wconf 88' lang='lat' dir='ltr'>Et</span> <span class='ocrx_word' id='word_1_185' title='bbox 559 1956 712 1992; x_wconf 86' lang='lat' dir='ltr'>nascitur</span> <span class='ocrx_word' id='word_1_186' title='bbox 747 1958 784 1992; x_wconf 91' lang='lat' dir='ltr'>in</span> <span class='ocrx_word' id='word_1_187' title='bbox 813 1957 993 1993; x_wconf 83' lang='lat' dir='ltr'>montibus</span> 
     </span>
     <span class='ocr_line' id='line_1_40' title="bbox 237 2003 994 2055; baseline 0.007 -17"><span class='ocrx_word' id='word_1_188' title='bbox 237 2003 411 2040; x_wconf 84' lang='lat' dir='ltr'>altiffimis</span> <span class='ocrx_word' id='word_1_189' title='bbox 453 2007 601 2049; x_wconf 87' lang='lat' dir='ltr'>Januae.</span> <span class='ocrx_word' id='word_1_190' title='bbox 645 2009 698 2043; x_wconf 89' lang='lat' dir='ltr'>De</span> <span class='ocrx_word' id='word_1_191' title='bbox 742 2021 813 2055; x_wconf 91' lang='lat' dir='ltr'>quo</span> <span class='ocrx_word' id='word_1_192' title='bbox 854 2021 924 2042; x_wconf 91' lang='lat' dir='ltr'>non</span> <span class='ocrx_word' id='word_1_193' title='bbox 952 2007 994 2043; x_wconf 83' lang='lat' dir='ltr'>fit</span> 
     </span>
     <span class='ocr_line' id='line_1_41' title="bbox 235 2055 992 2106; baseline 0.007 -18"><span class='ocrx_word' id='word_1_194' title='bbox 235 2055 372 2090; x_wconf 89' lang='lat' dir='ltr'>mentio</span> <span class='ocrx_word' id='word_1_195' title='bbox 398 2057 487 2103; x_wconf 87' lang='lat' dir='ltr'>apud</span> <span class='ocrx_word' id='word_1_196' title='bbox 514 2057 716 2098; x_wconf 68' lang='lat' dir='ltr'>AuS’cores,</span> <span class='ocrx_word' id='word_1_197' title='bbox 743 2058 826 2106; x_wconf 86' lang='lat' dir='ltr'>quia</span> <span class='ocrx_word' id='word_1_198' title='bbox 854 2058 918 2093; x_wconf 88' lang='lat' dir='ltr'>illa</span> <span class='ocrx_word' id='word_1_199' title='bbox 939 2060 992 2093; x_wconf 90' lang='lat' dir='ltr'>lo-</span> 
     </span>
     <span class='ocr_line' id='line_1_42' title="bbox 237 2108 1056 2144; baseline 0.006 -5"><span class='ocrx_word' id='word_1_200' title='bbox 237 2117 276 2139; x_wconf 86' lang='lat' dir='ltr'>ca</span> <span class='ocrx_word' id='word_1_201' title='bbox 303 2116 513 2144; x_wconf 71' lang='lat' dir='ltr'>nouerant</span> <span class='ocrx_word' id='word_1_202' title='bbox 550 2108 639 2142; x_wconf 87' lang='lat' dir='ltr'>olim</span> <span class='ocrx_word' id='word_1_203' title='bbox 681 2110 798 2144; x_wconf 86' lang='lat' dir='ltr'>culta.</span> <span class='ocrx_word' id='word_1_204' title='bbox 832 2110 881 2144; x_wconf 87' lang='lat' dir='ltr'>Et</span> <span class='ocrx_word' id='word_1_205' title='bbox 916 2108 993 2144; x_wconf 88' lang='lat' dir='ltr'>heic</span> <span class='ocrx_word' id='word_1_206' title='bbox 1028 2108 1056 2140; x_wconf 83' lang='lat' dir='ltr'>E</span> 
     </span>
     <span class='ocr_line' id='line_1_43' title="bbox 236 2157 993 2207; baseline 0.005 -18"><span class='ocrx_word' id='word_1_207' title='bbox 236 2164 341 2194; x_wconf 80' lang='lat' dir='ltr'>nota,</span> <span class='ocrx_word' id='word_1_208' title='bbox 377 2157 469 2203; x_wconf 84' lang='lat' dir='ltr'>quod</span> <span class='ocrx_word' id='word_1_209' title='bbox 506 2157 632 2192; x_wconf 91' lang='lat' dir='ltr'>utilius</span> <span class='ocrx_word' id='word_1_210' title='bbox 669 2167 743 2193; x_wconf 86' lang='lat' dir='ltr'>erat</span> <span class='ocrx_word' id='word_1_211' title='bbox 784 2157 838 2193; x_wconf 86' lang='lat' dir='ltr'>isti</span> <span class='ocrx_word' id='word_1_212' title='bbox 867 2171 993 2207; x_wconf 79' lang='lat' dir='ltr'>magno</span> 
     </span>
     <span class='ocr_line' id='line_1_44' title="bbox 235 2205 993 2252; baseline 0.005 -13"><span class='ocrx_word' id='word_1_213' title='bbox 235 2205 434 2249; x_wconf 71' lang='lat' dir='ltr'>Sacerdoti,</span> <span class='ocrx_word' id='word_1_214' title='bbox 472 2206 493 2241; x_wconf 81' lang='lat' dir='ltr'>ii</span> <span class='ocrx_word' id='word_1_215' title='bbox 531 2207 671 2243; x_wconf 77' lang='lat' dir='ltr'>bibisset</span> <span class='ocrx_word' id='word_1_216' title='bbox 709 2208 752 2243; x_wconf 82' lang='lat' dir='ltr'>de</span> <span class='ocrx_word' id='word_1_217' title='bbox 792 2208 859 2244; x_wconf 86' lang='lat' dir='ltr'>illo</span> <span class='ocrx_word' id='word_1_218' title='bbox 886 2209 993 2252; x_wconf 85' lang='lat' dir='ltr'>vino,</span> 
     </span>
     <span class='ocr_line' id='line_1_45' title="bbox 234 2255 993 2306; baseline 0.005 -16"><span class='ocrx_word' id='word_1_219' title='bbox 234 2255 272 2291; x_wconf 87' lang='lat' dir='ltr'>in</span> <span class='ocrx_word' id='word_1_220' title='bbox 301 2269 371 2303; x_wconf 90' lang='lat' dir='ltr'>quo</span> <span class='ocrx_word' id='word_1_221' title='bbox 391 2267 492 2292; x_wconf 77' lang='lat' dir='ltr'>erant</span> <span class='ocrx_word' id='word_1_222' title='bbox 514 2258 689 2306; x_wconf 85' lang='lat' dir='ltr'>anguillae</span> <span class='ocrx_word' id='word_1_223' title='bbox 710 2268 871 2294; x_wconf 84' lang='lat' dir='ltr'>necatae.</span> <span class='ocrx_word' id='word_1_224' title='bbox 898 2259 993 2305; x_wconf 83' lang='lat' dir='ltr'>Quia</span> 
     </span>
     <span class='ocr_line' id='line_1_46' title="bbox 235 2306 993 2357; baseline 0.005 -17"><span class='ocrx_word' id='word_1_225' title='bbox 235 2307 296 2354; x_wconf 86' lang='lat' dir='ltr'>qui</span> <span class='ocrx_word' id='word_1_226' title='bbox 327 2306 419 2341; x_wconf 86' lang='lat' dir='ltr'>bibit</span> <span class='ocrx_word' id='word_1_227' title='bbox 445 2308 487 2342; x_wconf 92' lang='lat' dir='ltr'>de</span> <span class='ocrx_word' id='word_1_228' title='bbox 513 2309 577 2343; x_wconf 84' lang='lat' dir='ltr'>tali</span> <span class='ocrx_word' id='word_1_229' title='bbox 607 2308 715 2348; x_wconf 89' lang='lat' dir='ltr'>vino,</span> <span class='ocrx_word' id='word_1_230' title='bbox 742 2308 874 2357; x_wconf 81' lang='lat' dir='ltr'>semper</span> <span class='ocrx_word' id='word_1_231' title='bbox 900 2309 993 2345; x_wconf 76' lang='lat' dir='ltr'>fasti-</span> 
     </span>
     <span class='ocr_line' id='line_1_47' title="bbox 234 2357 993 2408; baseline 0.007 -17"><span class='ocrx_word' id='word_1_232' title='bbox 234 2357 290 2391; x_wconf 85' lang='lat' dir='ltr'>dit</span> <span class='ocrx_word' id='word_1_233' title='bbox 317 2357 460 2392; x_wconf 87' lang='lat' dir='ltr'>vinum.</span> <span class='ocrx_word' id='word_1_234' title='bbox 501 2358 604 2394; x_wconf 88' lang='lat' dir='ltr'>Unde</span> <span class='ocrx_word' id='word_1_235' title='bbox 628 2359 720 2394; x_wconf 87' lang='lat' dir='ltr'>dicit</span> <span class='ocrx_word' id='word_1_236' title='bbox 744 2359 898 2408; x_wconf 86' lang='lat' dir='ltr'>Magnus</span> <span class='ocrx_word' id='word_1_237' title='bbox 926 2361 993 2395; x_wconf 84' lang='lat' dir='ltr'>Al-</span> 
     </span>
     <span class='ocr_line' id='line_1_48' title="bbox 235 2406 992 2459; baseline 0.004 -16"><span class='ocrx_word' id='word_1_238' title='bbox 235 2406 353 2443; x_wconf 67' lang='lat' dir='ltr'>ber‘us</span> <span class='ocrx_word' id='word_1_239' title='bbox 394 2408 512 2445; x_wconf 87' lang='lat' dir='ltr'>idem.</span> <span class='ocrx_word' id='word_1_240' title='bbox 553 2411 603 2445; x_wconf 82' lang='lat' dir='ltr'>Et</span> <span class='ocrx_word' id='word_1_241' title='bbox 637 2423 702 2459; x_wconf 89' lang='lat' dir='ltr'>ego</span> <span class='ocrx_word' id='word_1_242' title='bbox 740 2411 992 2457; x_wconf 82' lang='lat' dir='ltr'>experientiam</span> 
     </span>
     <span class='ocr_line' id='line_1_49' title="bbox 235 2458 993 2511; baseline 0.008 -19"><span class='ocrx_word' id='word_1_243' title='bbox 235 2458 309 2493; x_wconf 86' lang='lat' dir='ltr'>vidi</span> <span class='ocrx_word' id='word_1_244' title='bbox 349 2459 386 2494; x_wconf 81' lang='lat' dir='ltr'>in</span> <span class='ocrx_word' id='word_1_245' title='bbox 426 2472 496 2494; x_wconf 87' lang='lat' dir='ltr'>uno</span> <span class='ocrx_word' id='word_1_246' title='bbox 536 2473 666 2510; x_wconf 78' lang='lat' dir='ltr'>niagno</span> <span class='ocrx_word' id='word_1_247' title='bbox 705 2461 905 2511; x_wconf 83' lang='lat' dir='ltr'>Episcopo.</span> <span class='ocrx_word' id='word_1_248' title='bbox 947 2463 993 2497; x_wconf 76' lang='lat' dir='ltr'>Et</span> 
     </span>
     <span class='ocr_line' id='line_1_50' title="bbox 236 2507 509 2545; baseline 0.007 -2"><span class='ocrx_word' id='word_1_249' title='bbox 236 2507 351 2544; x_wconf 73' lang='lat' dir='ltr'>subdit</span> <span class='ocrx_word' id='word_1_250' title='bbox 381 2511 509 2545; x_wconf 57' lang='lat' dir='ltr'>Poessa:</span> 
     </span>
    </p>

    <p class='ocr_par' dir='ltr' id='par_1_17' title="bbox 281 2560 869 2603">
     <span class='ocr_line' id='line_1_51' title="bbox 281 2560 869 2603; baseline 0.005 -8"><span class='ocrx_word' id='word_1_251' title='bbox 281 2560 387 2595; x_wconf 81' lang='lat' dir='ltr'>Moln&#39;</span> <span class='ocrx_word' id='word_1_252' title='bbox 411 2561 491 2596; x_wconf 74' lang='lat' dir='ltr'>altri</span> <span class='ocrx_word' id='word_1_253' title='bbox 515 2562 564 2596; x_wconf 75' lang='lat' dir='ltr'>mi</span> <span class='ocrx_word' id='word_1_254' title='bbox 588 2565 675 2597; x_wconf 60' lang='lat' dir='ltr'>nom&amp;</span> <span class='ocrx_word' id='word_1_255' title='bbox 685 2580 869 2603; x_wconf 70' lang='lat'><strong><em>,,,,,</em></strong></span> 
     </span>
    </p>
   </div>
   <div class='ocr_carea' id='block_1_11' title="bbox 1068 841 1073 1637">
    <p class='ocr_par' dir='ltr' id='par_1_18' title="bbox 1068 841 1073 1637">
     <span class='ocr_line' id='line_1_52' title="bbox 1068 841 1073 1637; baseline 0 0"><span class='ocrx_word' id='word_1_256' title='bbox 1068 841 1073 1637; x_wconf 95' lang='lat' dir='ltr'> </span> 
     </span>
    </p>
   </div>
   <div class='ocr_carea' id='block_1_12' title="bbox 1096 340 1858 688">
    <p class='ocr_par' dir='ltr' id='par_1_19' title="bbox 1143 340 1626 376">
     <span class='ocr_line' id='line_1_53' title="bbox 1143 340 1626 376; baseline -0.014 0"><span class='ocrx_word' id='word_1_257' title='bbox 1143 363 1161 368; x_wconf 95' lang='lat'><em>-</em></span> <span class='ocrx_word' id='word_1_258' title='bbox 1185 361 1203 367; x_wconf 94' lang='lat'>-</span> <span class='ocrx_word' id='word_1_259' title='bbox 1229 362 1247 367; x_wconf 88' lang='lat'><em>-</em></span> <span class='ocrx_word' id='word_1_260' title='bbox 1272 360 1289 367; x_wconf 91' lang='lat'>-</span> <span class='ocrx_word' id='word_1_261' title='bbox 1317 340 1360 374; x_wconf 84' lang='lat' dir='ltr'>ad</span> <span class='ocrx_word' id='word_1_262' title='bbox 1386 351 1447 373; x_wconf 83' lang='lat' dir='ltr'>uno</span> <span class='ocrx_word' id='word_1_263' title='bbox 1472 341 1514 372; x_wconf 79' lang='lat' dir='ltr'>ad</span> <span class='ocrx_word' id='word_1_264' title='bbox 1541 351 1626 376; x_wconf 77' lang='lat' dir='ltr'>uno,</span> 
     </span>
    </p>

    <p class='ocr_par' dir='ltr' id='par_1_20' title="bbox 1096 384 1814 492">
     <span class='ocr_line' id='line_1_54' title="bbox 1145 384 1814 436; baseline -0.013 -9"><span class='ocrx_word' id='word_1_265' title='bbox 1145 394 1177 427; x_wconf 88' lang='grc' dir='ltr'><strong><em>Ε</em></strong></span> <span class='ocrx_word' id='word_1_266' title='bbox 1203 391 1256 425; x_wconf 82' lang='lat' dir='ltr'>del</span> <span class='ocrx_word' id='word_1_267' title='bbox 1281 402 1389 424; x_wconf 73' lang='lat' dir='ltr'>nomm</span> <span class='ocrx_word' id='word_1_268' title='bbox 1410 399 1529 436; x_wconf 76' lang='lat' dir='ltr'>parcan</span> <span class='ocrx_word' id='word_1_269' title='bbox 1557 387 1635 421; x_wconf 76' lang='lat' dir='ltr'>tutti</span> <span class='ocrx_word' id='word_1_270' title='bbox 1660 384 1814 429; x_wconf 76' lang='lat' dir='ltr'>contenti,</span> 
     </span>
     <span class='ocr_line' id='line_1_55' title="bbox 1096 438 1651 492; baseline -0.013 -14"><span class='ocrx_word' id='word_1_271' title='bbox 1096 450 1237 492; x_wconf 86' lang='lat' dir='ltr'>propter</span> <span class='ocrx_word' id='word_1_272' title='bbox 1263 439 1398 476; x_wconf 84' lang='lat' dir='ltr'>caulam</span> <span class='ocrx_word' id='word_1_273' title='bbox 1426 438 1651 487; x_wconf 73' lang='lat' dir='ltr'>assignatam:</span> 
     </span>
    </p>

    <p class='ocr_par' dir='ltr' id='par_1_21' title="bbox 1096 486 1858 591">
     <span class='ocr_line' id='line_1_56' title="bbox 1145 486 1858 538; baseline -0.013 -11"><span class='ocrx_word' id='word_1_274' title='bbox 1145 494 1183 528; x_wconf 73' lang='lat'>52</span> <span class='ocrx_word' id='word_1_275' title='bbox 1209 491 1296 527; x_wconf 84' lang='lat' dir='ltr'>ch&#39;io</span> <span class='ocrx_word' id='word_1_276' title='bbox 1320 494 1390 538; x_wconf 66' lang='lat' dir='ltr'>perh</span> <span class='ocrx_word' id='word_1_277' title='bbox 1418 503 1478 524; x_wconf 80' lang='lat' dir='ltr'>non</span> <span class='ocrx_word' id='word_1_278' title='bbox 1504 489 1579 523; x_wconf 78' lang='lat' dir='ltr'>vidi</span> <span class='ocrx_word' id='word_1_279' title='bbox 1605 486 1736 522; x_wconf 78' lang='lat' dir='ltr'>un’atto</span> <span class='ocrx_word' id='word_1_280' title='bbox 1760 487 1858 520; x_wconf 82' lang='lat' dir='ltr'>bruno</span> 
     </span>
     <span class='ocr_line' id='line_1_57' title="bbox 1096 540 1507 591; baseline -0.01 -11"><span class='ocrx_word' id='word_1_281' title='bbox 1096 542 1245 591; x_wconf 85' lang='lat' dir='ltr'>alicujus</span> <span class='ocrx_word' id='word_1_282' title='bbox 1273 540 1507 578; x_wconf 80' lang='lat' dir='ltr'>turbationis.</span> 
     </span>
    </p>

    <p class='ocr_par' dir='ltr' id='par_1_22' title="bbox 1097 592 1857 688">
     <span class='ocr_line' id='line_1_58' title="bbox 1149 592 1626 640; baseline -0.015 -11"><span class='ocrx_word' id='word_1_283' title='bbox 1149 594 1225 629; x_wconf 80' lang='lat' dir='ltr'>Vidi</span> <span class='ocrx_word' id='word_1_284' title='bbox 1248 604 1305 640; x_wconf 82' lang='lat' dir='ltr'>per</span> <span class='ocrx_word' id='word_1_285' title='bbox 1324 592 1411 637; x_wconf 79' lang='lat' dir='ltr'>fame</span> <span class='ocrx_word' id='word_1_286' title='bbox 1436 611 1626 619; x_wconf 86' lang='lat'><em>-----</em></span> 
     </span>
     <span class='ocr_line' id='line_1_59' title="bbox 1097 637 1857 688; baseline -0.012 -7"><span class='ocrx_word' id='word_1_287' title='bbox 1097 643 1190 681; x_wconf 90' lang='lat' dir='ltr'>Heic</span> <span class='ocrx_word' id='word_1_288' title='bbox 1220 645 1325 679; x_wconf 73' lang='lat' dir='ltr'>Poeta</span> <span class='ocrx_word' id='word_1_289' title='bbox 1352 641 1514 678; x_wconf 86' lang='lat' dir='ltr'>nominat</span> <span class='ocrx_word' id='word_1_290' title='bbox 1541 641 1650 677; x_wconf 86' lang='lat' dir='ltr'>alium</span> <span class='ocrx_word' id='word_1_291' title='bbox 1693 637 1857 688; x_wconf 78' lang='lat' dir='ltr'>spiritum</span> 
     </span>
    </p>
   </div>
   <div class='ocr_carea' id='block_1_13' title="bbox 1070 688 1857 741">
    <p class='ocr_par' dir='ltr' id='par_1_23' title="bbox 1070 688 1857 741">
     <span class='ocr_line' id='line_1_60' title="bbox 1070 688 1857 741; baseline -0.006 -13"><span class='ocrx_word' id='word_1_292' title='bbox 1070 725 1072 728; x_wconf 78' lang='grc'>,</span> <span class='ocrx_word' id='word_1_293' title='bbox 1098 695 1303 731; x_wconf 89' lang='lat' dir='ltr'>modernum</span> <span class='ocrx_word' id='word_1_294' title='bbox 1331 693 1372 729; x_wconf 91' lang='lat' dir='ltr'>de</span> <span class='ocrx_word' id='word_1_295' title='bbox 1400 705 1523 741; x_wconf 86' lang='lat' dir='ltr'>genere</span> <span class='ocrx_word' id='word_1_296' title='bbox 1543 690 1765 740; x_wconf 79' lang='lat' dir='ltr'>gulosorum.</span> <span class='ocrx_word' id='word_1_297' title='bbox 1796 688 1857 724; x_wconf 76' lang='lat' dir='ltr'>[ste</span> 
     </span>
    </p>
   </div>
   <div class='ocr_carea' id='block_1_14' title="bbox 1097 741 1859 1499">
    <p class='ocr_par' dir='ltr' id='par_1_24' title="bbox 1097 741 1859 1436">
     <span class='ocr_line' id='line_1_61' title="bbox 1098 741 1858 793; baseline -0.008 -13"><span class='ocrx_word' id='word_1_298' title='bbox 1098 744 1167 782; x_wconf 89' lang='lat' dir='ltr'>fuit</span> <span class='ocrx_word' id='word_1_299' title='bbox 1193 744 1334 793; x_wconf 86' lang='lat' dir='ltr'>quidam</span> <span class='ocrx_word' id='word_1_300' title='bbox 1365 743 1510 780; x_wconf 85' lang='lat' dir='ltr'>Nobilis</span> <span class='ocrx_word' id='word_1_301' title='bbox 1535 742 1646 778; x_wconf 87' lang='lat' dir='ltr'>Miles</span> <span class='ocrx_word' id='word_1_302' title='bbox 1687 741 1729 776; x_wconf 90' lang='lat' dir='ltr'>de</span> <span class='ocrx_word' id='word_1_303' title='bbox 1765 741 1858 775; x_wconf 84' lang='lat' dir='ltr'>clara</span> 
     </span>
     <span class='ocr_line' id='line_1_62' title="bbox 1099 789 1858 839; baseline -0.009 -8"><span class='ocrx_word' id='word_1_304' title='bbox 1099 796 1250 831; x_wconf 85' lang='lat' dir='ltr'>Familia</span> <span class='ocrx_word' id='word_1_305' title='bbox 1280 794 1563 831; x_wconf 77' lang='lat' dir='ltr'>Ubaldinorum,</span> <span class='ocrx_word' id='word_1_306' title='bbox 1600 792 1641 827; x_wconf 89' lang='lat' dir='ltr'>de</span> <span class='ocrx_word' id='word_1_307' title='bbox 1678 804 1744 839; x_wconf 86' lang='lat' dir='ltr'>qua</span> <span class='ocrx_word' id='word_1_308' title='bbox 1782 789 1858 825; x_wconf 64' lang='lat' dir='ltr'>fue-⁸</span> 
     </span>
     <span class='ocr_line' id='line_1_63' title="bbox 1098 840 1858 890; baseline -0.011 -8"><span class='ocrx_word' id='word_1_309' title='bbox 1098 856 1179 882; x_wconf 87' lang='lat' dir='ltr'>runt</span> <span class='ocrx_word' id='word_1_310' title='bbox 1207 846 1309 881; x_wconf 86' lang='lat' dir='ltr'>multi</span> <span class='ocrx_word' id='word_1_311' title='bbox 1341 847 1496 881; x_wconf 86' lang='lat' dir='ltr'>valentes</span> <span class='ocrx_word' id='word_1_312' title='bbox 1533 843 1633 879; x_wconf 83' lang='lat' dir='ltr'>viri.</span> <span class='ocrx_word' id='word_1_313' title='bbox 1677 841 1751 890; x_wconf 86' lang='lat' dir='ltr'>Ipse</span> <span class='ocrx_word' id='word_1_314' title='bbox 1789 840 1858 875; x_wconf 84' lang='lat' dir='ltr'>fuit</span> 
     </span>
     <span class='ocr_line' id='line_1_64' title="bbox 1098 890 1858 934; baseline -0.011 -3"><span class='ocrx_word' id='word_1_315' title='bbox 1098 897 1253 932; x_wconf 81' lang='lat' dir='ltr'>liberalis</span> <span class='ocrx_word' id='word_1_316' title='bbox 1279 897 1314 931; x_wconf 74' lang='grc' dir='ltr'>ὅ(</span> <span class='ocrx_word' id='word_1_317' title='bbox 1342 895 1484 934; x_wconf 84' lang='lat' dir='ltr'>civilis,</span> <span class='ocrx_word' id='word_1_318' title='bbox 1525 893 1631 930; x_wconf 84' lang='lat' dir='ltr'>frater</span> <span class='ocrx_word' id='word_1_319' title='bbox 1657 890 1858 928; x_wconf 80' lang='lat' dir='ltr'>cardinalis</span> 
     </span>
     <span class='ocr_line' id='line_1_65' title="bbox 1098 942 1858 994; baseline -0.009 -12"><span class='ocrx_word' id='word_1_320' title='bbox 1098 947 1288 983; x_wconf 64' lang='lat' dir='ltr'>oetaviani</span> <span class='ocrx_word' id='word_1_321' title='bbox 1317 945 1518 994; x_wconf 81' lang='lat' dir='ltr'>magnifici,</span> <span class='ocrx_word' id='word_1_322' title='bbox 1560 945 1623 992; x_wconf 89' lang='lat' dir='ltr'>qui</span> <span class='ocrx_word' id='word_1_323' title='bbox 1664 942 1768 978; x_wconf 86' lang='lat' dir='ltr'>semel</span> <span class='ocrx_word' id='word_1_324' title='bbox 1795 943 1858 976; x_wconf 89' lang='lat' dir='ltr'>du-</span> 
     </span>
     <span class='ocr_line' id='line_1_66' title="bbox 1098 993 1857 1045; baseline -0.011 -12"><span class='ocrx_word' id='word_1_325' title='bbox 1098 998 1154 1033; x_wconf 82' lang='lat' dir='ltr'>xit</span> <span class='ocrx_word' id='word_1_326' title='bbox 1183 999 1311 1045; x_wconf 87' lang='lat' dir='ltr'>Papam</span> <span class='ocrx_word' id='word_1_327' title='bbox 1340 1009 1418 1031; x_wconf 89' lang='lat' dir='ltr'>curn</span> <span class='ocrx_word' id='word_1_328' title='bbox 1447 1004 1524 1031; x_wconf 85' lang='lat' dir='ltr'>tota</span> <span class='ocrx_word' id='word_1_329' title='bbox 1551 995 1660 1030; x_wconf 82' lang='lat' dir='ltr'>Curia</span> <span class='ocrx_word' id='word_1_330' title='bbox 1689 993 1725 1028; x_wconf 88' lang='lat' dir='ltr'>in</span> <span class='ocrx_word' id='word_1_331' title='bbox 1755 1004 1857 1026; x_wconf 89' lang='lat' dir='ltr'>mon-</span> 
     </span>
     <span class='ocr_line' id='line_1_67' title="bbox 1098 1041 1857 1083; baseline -0.011 0"><span class='ocrx_word' id='word_1_332' title='bbox 1098 1057 1149 1083; x_wconf 89' lang='lat' dir='ltr'>tes</span> <span class='ocrx_word' id='word_1_333' title='bbox 1178 1047 1377 1083; x_wconf 83' lang='lat' dir='ltr'>Florentiae</span> <span class='ocrx_word' id='word_1_334' title='bbox 1404 1047 1444 1081; x_wconf 87' lang='lat' dir='ltr'>ad</span> <span class='ocrx_word' id='word_1_335' title='bbox 1473 1046 1617 1081; x_wconf 86' lang='lat' dir='ltr'>domum</span> <span class='ocrx_word' id='word_1_336' title='bbox 1655 1042 1694 1079; x_wconf 86' lang='lat'>&amp;</span> <span class='ocrx_word' id='word_1_337' title='bbox 1721 1041 1857 1078; x_wconf 78' lang='lat' dir='ltr'>Castel-</span> 
     </span>
     <span class='ocr_line' id='line_1_68' title="bbox 1097 1092 1858 1139; baseline -0.011 -5"><span class='ocrx_word' id='word_1_338' title='bbox 1097 1099 1170 1133; x_wconf 87' lang='lat' dir='ltr'>lum</span> <span class='ocrx_word' id='word_1_339' title='bbox 1208 1098 1303 1133; x_wconf 84' lang='lat' dir='ltr'>istius</span> <span class='ocrx_word' id='word_1_340' title='bbox 1340 1096 1538 1139; x_wconf 85' lang='lat' dir='ltr'>Ubaldini,</span> <span class='ocrx_word' id='word_1_341' title='bbox 1593 1097 1627 1130; x_wconf 87' lang='lat'>&amp;</span> <span class='ocrx_word' id='word_1_342' title='bbox 1670 1093 1722 1130; x_wconf 83' lang='lat' dir='ltr'>ibi</span> <span class='ocrx_word' id='word_1_343' title='bbox 1763 1092 1858 1127; x_wconf 62' lang='lat' dir='ltr'>stetit</span> 
     </span>
     <span class='ocr_line' id='line_1_69' title="bbox 1098 1144 1857 1196; baseline -0.008 -12"><span class='ocrx_word' id='word_1_344' title='bbox 1098 1149 1254 1196; x_wconf 87' lang='lat' dir='ltr'>pluribus</span> <span class='ocrx_word' id='word_1_345' title='bbox 1283 1147 1476 1183; x_wconf 85' lang='lat' dir='ltr'>mensibus.</span> <span class='ocrx_word' id='word_1_346' title='bbox 1515 1144 1629 1181; x_wconf 72' lang='lat' dir='ltr'>Modo</span> <span class='ocrx_word' id='word_1_347' title='bbox 1661 1147 1765 1180; x_wconf 69' lang='lat' dir='ltr'>Poeta</span> <span class='ocrx_word' id='word_1_348' title='bbox 1796 1157 1857 1188; x_wconf 83' lang='lat' dir='ltr'>po-</span> 
     </span>
     <span class='ocr_line' id='line_1_70' title="bbox 1099 1195 1859 1239; baseline -0.008 -5"><span class='ocrx_word' id='word_1_349' title='bbox 1099 1200 1166 1235; x_wconf 85' lang='lat' dir='ltr'>suit</span> <span class='ocrx_word' id='word_1_350' title='bbox 1202 1198 1426 1235; x_wconf 79' lang='lat' dir='ltr'>cardinalem</span> <span class='ocrx_word' id='word_1_351' title='bbox 1472 1197 1510 1233; x_wconf 87' lang='lat' dir='ltr'>in</span> <span class='ocrx_word' id='word_1_352' title='bbox 1548 1195 1716 1239; x_wconf 84' lang='lat' dir='ltr'>1nferno,</span> <span class='ocrx_word' id='word_1_353' title='bbox 1767 1203 1859 1229; x_wconf 88' lang='lat' dir='ltr'>tam-</span> 
     </span>
     <span class='ocr_line' id='line_1_71' title="bbox 1097 1244 1857 1297; baseline -0.008 -12"><span class='ocrx_word' id='word_1_354' title='bbox 1097 1263 1200 1297; x_wconf 88' lang='lat' dir='ltr'>quam</span> <span class='ocrx_word' id='word_1_355' title='bbox 1238 1249 1476 1296; x_wconf 74' lang='lat' dir='ltr'>Epicureum3</span> <span class='ocrx_word' id='word_1_356' title='bbox 1520 1245 1558 1283; x_wconf 83' lang='lat'>&amp;</span> <span class='ocrx_word' id='word_1_357' title='bbox 1594 1247 1696 1282; x_wconf 86' lang='lat' dir='ltr'>istum</span> <span class='ocrx_word' id='word_1_358' title='bbox 1741 1244 1857 1293; x_wconf 85' lang='lat' dir='ltr'>posuit</span> 
     </span>
     <span class='ocr_line' id='line_1_72' title="bbox 1097 1295 1858 1348; baseline -0.007 -13"><span class='ocrx_word' id='word_1_359' title='bbox 1097 1301 1133 1336; x_wconf 89' lang='lat' dir='ltr'>in</span> <span class='ocrx_word' id='word_1_360' title='bbox 1186 1299 1394 1348; x_wconf 72' lang='lat' dir='ltr'>purgatorio</span> <span class='ocrx_word' id='word_1_361' title='bbox 1439 1312 1502 1347; x_wconf 86' lang='lat' dir='ltr'>pro</span> <span class='ocrx_word' id='word_1_362' title='bbox 1547 1297 1669 1347; x_wconf 87' lang='lat' dir='ltr'>guloso</span> <span class='ocrx_word' id='word_1_363' title='bbox 1694 1323 1705 1332; x_wconf 82' lang='grc'><strong>.</strong></span> <span class='ocrx_word' id='word_1_364' title='bbox 1755 1295 1858 1331; x_wconf 85' lang='lat' dir='ltr'>Dicit</span> 
     </span>
     <span class='ocr_line' id='line_1_73' title="bbox 1097 1364 1200 1400; baseline 0 -14"><span class='ocrx_word' id='word_1_365' title='bbox 1097 1364 1200 1400; x_wconf 85' lang='lat' dir='ltr'>ergo:</span> 
     </span>
     <span class='ocr_line' id='line_1_74' title="bbox 1149 1401 1636 1436; baseline -0.01 0"><span class='ocrx_word' id='word_1_366' title='bbox 1149 1401 1290 1436; x_wconf 76' lang='lat' dir='ltr'>Ubaldin</span> <span class='ocrx_word' id='word_1_367' title='bbox 1316 1418 1636 1428; x_wconf 84' lang='lat'>--------</span> 
     </span>
    </p>

    <p class='ocr_par' dir='ltr' id='par_1_25' title="bbox 1098 1449 1854 1499">
     <span class='ocr_line' id='line_1_75' title="bbox 1098 1449 1854 1499; baseline -0.004 -12"><span class='ocrx_word' id='word_1_368' title='bbox 1098 1455 1239 1488; x_wconf 86' lang='lat' dir='ltr'>Nomen</span> <span class='ocrx_word' id='word_1_369' title='bbox 1267 1451 1313 1486; x_wconf 89' lang='lat' dir='ltr'>est</span> <span class='ocrx_word' id='word_1_370' title='bbox 1339 1450 1541 1499; x_wconf 83' lang='lat' dir='ltr'>proprium,</span> <span class='ocrx_word' id='word_1_371' title='bbox 1569 1449 1608 1486; x_wconf 73' lang='grc' dir='ltr'>ἃ</span> <span class='ocrx_word' id='word_1_372' title='bbox 1636 1461 1854 1498; x_wconf 83' lang='lat' dir='ltr'>cognomen,</span> 
     </span>
    </p>
   </div>
   <div class='ocr_carea' id='block_1_15' title="bbox 1068 1500 1802 1550">
    <p class='ocr_par' dir='ltr' id='par_1_26' title="bbox 1068 1500 1802 1550">
     <span class='ocr_line' id='line_1_76' title="bbox 1068 1500 1802 1550; baseline -0.005 -12"><span class='ocrx_word' id='word_1_373' title='bbox 1068 1515 1070 1526; x_wconf 70' lang='lat'>¹</span> <span class='ocrx_word' id='word_1_374' title='bbox 1096 1502 1179 1550; x_wconf 84' lang='lat' dir='ltr'>quia</span> <span class='ocrx_word' id='word_1_375' title='bbox 1207 1501 1276 1536; x_wconf 90' lang='lat' dir='ltr'>fuit</span> <span class='ocrx_word' id='word_1_376' title='bbox 1303 1501 1344 1536; x_wconf 88' lang='lat' dir='ltr'>de</span> <span class='ocrx_word' id='word_1_377' title='bbox 1373 1501 1584 1536; x_wconf 84' lang='lat' dir='ltr'>Ubaldinis.</span> <span class='ocrx_word' id='word_1_378' title='bbox 1613 1503 1660 1537; x_wconf 86' lang='lat' dir='ltr'>Et</span> <span class='ocrx_word' id='word_1_379' title='bbox 1687 1500 1802 1536; x_wconf 85' lang='lat' dir='ltr'>dicit:</span> 
     </span>
    </p>
   </div>
   <div class='ocr_carea' id='block_1_16' title="bbox 1097 1553 1863 2610">
    <p class='ocr_par' dir='ltr' id='par_1_27' title="bbox 1097 1553 1860 1990">
     <span class='ocr_line' id='line_1_77' title="bbox 1146 1553 1778 1586; baseline -0.002 0"><span class='ocrx_word' id='word_1_380' title='bbox 1146 1553 1521 1586; x_wconf 69' lang='lat' dir='ltr'>----dalaPila</span> <span class='ocrx_word' id='word_1_381' title='bbox 1547 1570 1778 1578; x_wconf 76' lang='lat'><em>------</em></span> 
     </span>
     <span class='ocr_line' id='line_1_78' title="bbox 1098 1601 1857 1650; baseline -0.007 -11"><span class='ocrx_word' id='word_1_382' title='bbox 1098 1606 1239 1639; x_wconf 87' lang='lat' dir='ltr'>Nomen</span> <span class='ocrx_word' id='word_1_383' title='bbox 1266 1601 1313 1637; x_wconf 89' lang='lat' dir='ltr'>est</span> <span class='ocrx_word' id='word_1_384' title='bbox 1340 1601 1438 1640; x_wconf 84' lang='lat' dir='ltr'>loci,</span> <span class='ocrx_word' id='word_1_385' title='bbox 1465 1615 1483 1636; x_wconf 89' lang='lat' dir='ltr'>a</span> <span class='ocrx_word' id='word_1_386' title='bbox 1512 1615 1581 1650; x_wconf 90' lang='lat' dir='ltr'>quo</span> <span class='ocrx_word' id='word_1_387' title='bbox 1610 1614 1716 1637; x_wconf 90' lang='lat' dir='ltr'>unum</span> <span class='ocrx_word' id='word_1_388' title='bbox 1747 1612 1857 1635; x_wconf 79' lang='lat' dir='ltr'>mem-</span> 
     </span>
     <span class='ocr_line' id='line_1_79' title="bbox 1098 1650 1858 1689; baseline -0.004 -1"><span class='ocrx_word' id='word_1_389' title='bbox 1098 1654 1197 1689; x_wconf 89' lang='lat' dir='ltr'>brum</span> <span class='ocrx_word' id='word_1_390' title='bbox 1240 1652 1334 1688; x_wconf 84' lang='lat' dir='ltr'>istius</span> <span class='ocrx_word' id='word_1_391' title='bbox 1372 1654 1530 1688; x_wconf 83' lang='lat' dir='ltr'>Domus.</span> <span class='ocrx_word' id='word_1_392' title='bbox 1574 1651 1744 1687; x_wconf 86' lang='lat' dir='ltr'>Ubaldini</span> <span class='ocrx_word' id='word_1_393' title='bbox 1784 1650 1858 1685; x_wconf 82' lang='lat' dir='ltr'>fue-</span> 
     </span>
     <span class='ocr_line' id='line_1_80' title="bbox 1097 1700 1859 1750; baseline -0.003 -11"><span class='ocrx_word' id='word_1_394' title='bbox 1097 1714 1179 1740; x_wconf 90' lang='lat' dir='ltr'>runt</span> <span class='ocrx_word' id='word_1_395' title='bbox 1207 1702 1433 1743; x_wconf 75' lang='lat' dir='ltr'>florentini,</span> <span class='ocrx_word' id='word_1_396' title='bbox 1475 1702 1602 1750; x_wconf 86' lang='lat' dir='ltr'>quibus</span> <span class='ocrx_word' id='word_1_397' title='bbox 1638 1702 1739 1738; x_wconf 87' lang='lat' dir='ltr'>datae</span> <span class='ocrx_word' id='word_1_398' title='bbox 1781 1700 1859 1737; x_wconf 83' lang='lat' dir='ltr'>sunt</span> 
     </span>
     <span class='ocr_line' id='line_1_81' title="bbox 1098 1750 1859 1801; baseline -0.001 -13"><span class='ocrx_word' id='word_1_399' title='bbox 1098 1756 1208 1801; x_wconf 90' lang='lat' dir='ltr'>Alpes</span> <span class='ocrx_word' id='word_1_400' title='bbox 1237 1755 1436 1789; x_wconf 84' lang='lat' dir='ltr'>Florentiae</span> <span class='ocrx_word' id='word_1_401' title='bbox 1466 1754 1525 1789; x_wconf 87' lang='lat' dir='ltr'>sub</span> <span class='ocrx_word' id='word_1_402' title='bbox 1544 1753 1798 1801; x_wconf 80' lang='lat' dir='ltr'>gubernatione</span> <span class='ocrx_word' id='word_1_403' title='bbox 1819 1750 1859 1787; x_wconf 68' lang='grc' dir='ltr'>ὃς</span> 
     </span>
     <span class='ocr_line' id='line_1_82' title="bbox 1098 1802 1858 1851; baseline 0 -13"><span class='ocrx_word' id='word_1_404' title='bbox 1098 1803 1312 1839; x_wconf 68' lang='lat' dir='ltr'>defensione·</span> <span class='ocrx_word' id='word_1_405' title='bbox 1354 1804 1418 1839; x_wconf 87' lang='lat' dir='ltr'>Sed</span> <span class='ocrx_word' id='word_1_406' title='bbox 1446 1802 1507 1851; x_wconf 83' lang='lat' dir='ltr'>ipfi</span> <span class='ocrx_word' id='word_1_407' title='bbox 1536 1805 1715 1838; x_wconf 81' lang='lat' dir='ltr'>lciverunt</span> <span class='ocrx_word' id='word_1_408' title='bbox 1741 1803 1858 1838; x_wconf 85' lang='lat' dir='ltr'>conti-</span> 
     </span>
     <span class='ocr_line' id='line_1_83' title="bbox 1099 1852 1859 1901; baseline 0 -13"><span class='ocrx_word' id='word_1_409' title='bbox 1099 1867 1204 1888; x_wconf 87' lang='lat' dir='ltr'>nuare</span> <span class='ocrx_word' id='word_1_410' title='bbox 1233 1852 1468 1899; x_wconf 80' lang='lat' dir='ltr'>poffeffionern</span> <span class='ocrx_word' id='word_1_411' title='bbox 1498 1867 1559 1901; x_wconf 87' lang='lat' dir='ltr'>per</span> <span class='ocrx_word' id='word_1_412' title='bbox 1587 1856 1693 1900; x_wconf 73' lang='lat' dir='ltr'>longa</span> <span class='ocrx_word' id='word_1_413' title='bbox 1721 1863 1859 1900; x_wconf 85' lang='lat' dir='ltr'>tempo-</span> 
     </span>
     <span class='ocr_line' id='line_1_84' title="bbox 1099 1902 1860 1950; baseline -0.001 -12"><span class='ocrx_word' id='word_1_414' title='bbox 1099 1918 1154 1939; x_wconf 89' lang='lat' dir='ltr'>ra.</span> <span class='ocrx_word' id='word_1_415' title='bbox 1183 1906 1230 1938; x_wconf 91' lang='lat' dir='ltr'>Et</span> <span class='ocrx_word' id='word_1_416' title='bbox 1257 1904 1377 1939; x_wconf 89' lang='lat' dir='ltr'>diebus</span> <span class='ocrx_word' id='word_1_417' title='bbox 1405 1903 1477 1939; x_wconf 87' lang='lat' dir='ltr'>istis</span> <span class='ocrx_word' id='word_1_418' title='bbox 1506 1903 1583 1938; x_wconf 86' lang='lat' dir='ltr'>sunt</span> <span class='ocrx_word' id='word_1_419' title='bbox 1610 1902 1772 1939; x_wconf 68' lang='lat' dir='ltr'>destruffl</span> <span class='ocrx_word' id='word_1_420' title='bbox 1799 1914 1860 1950; x_wconf 80' lang='lat' dir='ltr'>per</span> 
     </span>
     <span class='ocr_line' id='line_1_85' title="bbox 1099 1954 1554 1990; baseline -0.002 0"><span class='ocrx_word' id='word_1_421' title='bbox 1099 1956 1299 1990; x_wconf 90' lang='lat' dir='ltr'>Commune</span> <span class='ocrx_word' id='word_1_422' title='bbox 1327 1954 1554 1989; x_wconf 77' lang='lat' dir='ltr'>Florentiae.</span> 
     </span>
    </p>

    <p class='ocr_par' dir='ltr' id='par_1_28' title="bbox 1100 2003 1863 2610">
     <span class='ocr_line' id='line_1_86' title="bbox 1150 2003 1724 2049; baseline -0.002 -11"><span class='ocrx_word' id='word_1_423' title='bbox 1150 2025 1165 2031; x_wconf 89' lang='lat'>-</span> <span class='ocrx_word' id='word_1_424' title='bbox 1192 2025 1209 2031; x_wconf 87' lang='lat'><em>-</em></span> <span class='ocrx_word' id='word_1_425' title='bbox 1235 2025 1251 2030; x_wconf 94' lang='lat'>—</span> <span class='ocrx_word' id='word_1_426' title='bbox 1278 2024 1295 2030; x_wconf 90' lang='lat'><em>-</em></span> <span class='ocrx_word' id='word_1_427' title='bbox 1320 2018 1340 2038; x_wconf 90' lang='lat' dir='ltr'><em>a</em></span> <span class='ocrx_word' id='word_1_428' title='bbox 1366 2015 1439 2038; x_wconf 84' lang='lat' dir='ltr'>voto</span> <span class='ocrx_word' id='word_1_429' title='bbox 1465 2005 1537 2049; x_wconf 83' lang='lat' dir='ltr'>usar</span> <span class='ocrx_word' id='word_1_430' title='bbox 1561 2004 1591 2038; x_wconf 81' lang='lat' dir='ltr'>lt&#39;</span> <span class='ocrx_word' id='word_1_431' title='bbox 1613 2003 1724 2043; x_wconf 63' lang='lat' dir='ltr'>denti,</span> 
     </span>
     <span class='ocr_line' id='line_1_87' title="bbox 1100 2054 1860 2102; baseline -0.001 -12"><span class='ocrx_word' id='word_1_432' title='bbox 1100 2054 1205 2094; x_wconf 85' lang='lat' dir='ltr'>idest,</span> <span class='ocrx_word' id='word_1_433' title='bbox 1243 2054 1281 2090; x_wconf 90' lang='lat' dir='ltr'>in</span> <span class='ocrx_word' id='word_1_434' title='bbox 1309 2068 1464 2096; x_wconf 74' lang='lat' dir='ltr'>vanum,</span> <span class='ocrx_word' id='word_1_435' title='bbox 1502 2067 1559 2102; x_wconf 85' lang='lat' dir='ltr'>per</span> <span class='ocrx_word' id='word_1_436' title='bbox 1584 2055 1618 2089; x_wconf 85' lang='lat' dir='ltr'>la</span> <span class='ocrx_word' id='word_1_437' title='bbox 1652 2055 1763 2099; x_wconf 78' lang='lat' dir='ltr'>fame.</span> <span class='ocrx_word' id='word_1_438' title='bbox 1813 2056 1860 2090; x_wconf 81' lang='lat' dir='ltr'>Et</span> 
     </span>
     <span class='ocr_line' id='line_1_88' title="bbox 1101 2104 1862 2153; baseline -0.001 -12"><span class='ocrx_word' id='word_1_439' title='bbox 1101 2106 1187 2141; x_wconf 91' lang='lat' dir='ltr'>bene</span> <span class='ocrx_word' id='word_1_440' title='bbox 1213 2106 1274 2140; x_wconf 87' lang='lat' dir='ltr'>dat</span> <span class='ocrx_word' id='word_1_441' title='bbox 1300 2104 1354 2140; x_wconf 89' lang='lat' dir='ltr'>isti</span> <span class='ocrx_word' id='word_1_442' title='bbox 1383 2106 1473 2141; x_wconf 88' lang='lat' dir='ltr'>hunc</span> <span class='ocrx_word' id='word_1_443' title='bbox 1501 2105 1642 2149; x_wconf 52' lang='lat' dir='ltr'>afrum,</span> <span class='ocrx_word' id='word_1_444' title='bbox 1682 2105 1764 2153; x_wconf 88' lang='lat' dir='ltr'>quia</span> <span class='ocrx_word' id='word_1_445' title='bbox 1793 2104 1862 2140; x_wconf 77' lang='lat' dir='ltr'>fuit</span> 
     </span>
     <span class='ocr_line' id='line_1_89' title="bbox 1102 2155 1861 2204; baseline -0.001 -13"><span class='ocrx_word' id='word_1_446' title='bbox 1102 2156 1239 2204; x_wconf 75' lang='lat' dir='ltr'>prodigi</span> <span class='ocrx_word' id='word_1_447' title='bbox 1268 2155 1402 2204; x_wconf 84' lang='lat' dir='ltr'>ingenii</span> <span class='ocrx_word' id='word_1_448' title='bbox 1431 2157 1471 2191; x_wconf 87' lang='lat' dir='ltr'>ad</span> <span class='ocrx_word' id='word_1_449' title='bbox 1500 2155 1620 2191; x_wconf 85' lang='lat' dir='ltr'>omnia</span> <span class='ocrx_word' id='word_1_450' title='bbox 1660 2155 1861 2191; x_wconf 76' lang='lat' dir='ltr'>irritamen-</span> 
     </span>
     <span class='ocr_line' id='line_1_90' title="bbox 1102 2205 1862 2255; baseline 0 -14"><span class='ocrx_word' id='word_1_451' title='bbox 1102 2216 1137 2242; x_wconf 86' lang='lat' dir='ltr'>ta</span> <span class='ocrx_word' id='word_1_452' title='bbox 1164 2208 1290 2255; x_wconf 80' lang='lat' dir='ltr'>gulae.</span> <span class='ocrx_word' id='word_1_453' title='bbox 1328 2206 1402 2253; x_wconf 81' lang='lat' dir='ltr'>Ipse</span> <span class='ocrx_word' id='word_1_454' title='bbox 1443 2207 1535 2241; x_wconf 85' lang='lat' dir='ltr'>enim</span> <span class='ocrx_word' id='word_1_455' title='bbox 1578 2207 1620 2242; x_wconf 86' lang='lat' dir='ltr'>de</span> <span class='ocrx_word' id='word_1_456' title='bbox 1664 2220 1759 2242; x_wconf 88' lang='lat' dir='ltr'>more</span> <span class='ocrx_word' id='word_1_457' title='bbox 1801 2205 1862 2241; x_wconf 88' lang='lat' dir='ltr'>suo</span> 
     </span>
     <span class='ocr_line' id='line_1_91' title="bbox 1103 2256 1863 2304; baseline 0 -12"><span class='ocrx_word' id='word_1_458' title='bbox 1103 2257 1264 2304; x_wconf 86' lang='lat' dir='ltr'>quotidie</span> <span class='ocrx_word' id='word_1_459' title='bbox 1325 2257 1526 2304; x_wconf 80' lang='lat' dir='ltr'>inquirebat</span> <span class='ocrx_word' id='word_1_460' title='bbox 1586 2258 1628 2292; x_wconf 88' lang='lat' dir='ltr'>ab</span> <span class='ocrx_word' id='word_1_461' title='bbox 1674 2256 1863 2303; x_wconf 80' lang='lat' dir='ltr'>expensore</span> 
     </span>
     <span class='ocr_line' id='line_1_92' title="bbox 1104 2304 1862 2355; baseline 0 -13"><span class='ocrx_word' id='word_1_462' title='bbox 1104 2309 1163 2343; x_wconf 77' lang='lat' dir='ltr'>suo</span> <span class='ocrx_word' id='word_1_463' title='bbox 1180 2332 1192 2347; x_wconf 91' lang='lat'>‚</span> <span class='ocrx_word' id='word_1_464' title='bbox 1219 2307 1302 2354; x_wconf 90' lang='lat' dir='ltr'>quid</span> <span class='ocrx_word' id='word_1_465' title='bbox 1330 2304 1519 2343; x_wconf 71' lang='lat' dir='ltr'>ordinasset</span> <span class='ocrx_word' id='word_1_466' title='bbox 1545 2321 1607 2355; x_wconf 89' lang='lat' dir='ltr'>pro</span> <span class='ocrx_word' id='word_1_467' title='bbox 1636 2308 1782 2355; x_wconf 78' lang='lat' dir='ltr'>prandio</span> <span class='ocrx_word' id='word_1_468' title='bbox 1805 2308 1862 2342; x_wconf 87' lang='lat' dir='ltr'>vel.</span> 
     </span>
     <span class='ocr_line' id='line_1_93' title="bbox 1103 2358 1862 2405; baseline -0.001 -11"><span class='ocrx_word' id='word_1_469' title='bbox 1103 2372 1230 2394; x_wconf 88' lang='lat' dir='ltr'>coena.</span> <span class='ocrx_word' id='word_1_470' title='bbox 1275 2360 1320 2393; x_wconf 87' lang='lat' dir='ltr'>Et</span> <span class='ocrx_word' id='word_1_471' title='bbox 1363 2358 1428 2393; x_wconf 85' lang='lat' dir='ltr'>illo</span> <span class='ocrx_word' id='word_1_472' title='bbox 1469 2358 1698 2405; x_wconf 84' lang='lat' dir='ltr'>respondente</span> <span class='ocrx_word' id='word_1_473' title='bbox 1733 2358 1800 2393; x_wconf 90' lang='lat' dir='ltr'>hoc</span> <span class='ocrx_word' id='word_1_474' title='bbox 1827 2360 1862 2393; x_wconf 88' lang='lat'>&amp;</span> 
     </span>
     <span class='ocr_line' id='line_1_94' title="bbox 1103 2408 1863 2456; baseline 0 -12"><span class='ocrx_word' id='word_1_475' title='bbox 1103 2409 1216 2448; x_wconf 80' lang='lat' dir='ltr'>illud,</span> <span class='ocrx_word' id='word_1_476' title='bbox 1242 2408 1494 2456; x_wconf 86' lang='lat' dir='ltr'>respondebat:</span> <span class='ocrx_word' id='word_1_477' title='bbox 1541 2410 1656 2445; x_wconf 82' lang='lat' dir='ltr'>Facias</span> <span class='ocrx_word' id='word_1_478' title='bbox 1683 2409 1778 2444; x_wconf 79' lang='lat' dir='ltr'>etiam</span> <span class='ocrx_word' id='word_1_479' title='bbox 1802 2408 1863 2449; x_wconf 85' lang='lat' dir='ltr'>sic.</span> 
     </span>
     <span class='ocr_line' id='line_1_95' title="bbox 1106 2460 1862 2509; baseline -0.001 -13"><span class='ocrx_word' id='word_1_480' title='bbox 1106 2462 1182 2496; x_wconf 86' lang='lat' dir='ltr'>Nec</span> <span class='ocrx_word' id='word_1_481' title='bbox 1209 2473 1377 2508; x_wconf 83' lang='lat' dir='ltr'>umquam</span> <span class='ocrx_word' id='word_1_482' title='bbox 1406 2460 1467 2494; x_wconf 85' lang='lat' dir='ltr'>ille</span> <span class='ocrx_word' id='word_1_483' title='bbox 1495 2469 1634 2509; x_wconf 83' lang='lat' dir='ltr'>poterat</span> <span class='ocrx_word' id='word_1_484' title='bbox 1661 2470 1733 2495; x_wconf 81' lang='lat' dir='ltr'>ram</span> <span class='ocrx_word' id='word_1_485' title='bbox 1766 2460 1862 2495; x_wconf 85' lang='lat' dir='ltr'>varia</span> 
     </span>
     <span class='ocr_line' id='line_1_96' title="bbox 1102 2510 1860 2560; baseline 0.001 -14"><span class='ocrx_word' id='word_1_486' title='bbox 1102 2511 1285 2555; x_wconf 76' lang='lat' dir='ltr'>ordinare,</span> <span class='ocrx_word' id='word_1_487' title='bbox 1322 2511 1409 2558; x_wconf 83' lang='lat' dir='ltr'>quin</span> <span class='ocrx_word' id='word_1_488' title='bbox 1444 2510 1506 2547; x_wconf 88' lang='lat' dir='ltr'>iste</span> <span class='ocrx_word' id='word_1_489' title='bbox 1546 2510 1682 2560; x_wconf 84' lang='lat' dir='ltr'>semper</span> <span class='ocrx_word' id='word_1_490' title='bbox 1720 2510 1860 2547; x_wconf 81' lang='lat' dir='ltr'>adderet</span> 
     </span>
     <span class='ocr_line' id='line_1_97' title="bbox 1104 2562 1262 2610; baseline 0 -13"><span class='ocrx_word' id='word_1_491' title='bbox 1104 2562 1262 2610; x_wconf 82' lang='lat' dir='ltr'>aliquid.</span> 
     </span>
    </p>
   </div>
   <div class='ocr_carea' id='block_1_17' title="bbox 1620 2615 1814 2646">
    <p class='ocr_par' dir='ltr' id='par_1_29' title="bbox 1620 2615 1814 2646">
     <span class='ocr_line' id='line_1_98' title="bbox 1620 2615 1814 2646; baseline -0.005 1"><span class='ocrx_word' id='word_1_492' title='bbox 1620 2615 1814 2646; x_wconf 66' lang='lat' dir='ltr'>--eBa-</span> 
     </span>
    </p>
   </div>
  </div>
 </body>
</html>
