2216 3105
406 233 483 273 131
683 212 1087 271 ANTIQUIT.
1147 208 1382 251 MEDII
1435 207 1617 252 AEVI
1827 226 1904 267 152

341 274 532 320 conceffionis
555 274 677 321 pagina
697 277 735 307 de
753 284 846 308 cetero
872 273 1009 307 inlibata
1026 284 1096 319 per-
1124 271 1171 304 'A
1211 281 1291 307 reo,
1318 280 1425 315 quum
1454 267 1536 304 satis
1563 268 1711 308 constet,
1737 267 1886 317 singulos
1912 270 1965 318 jus

343 336 491 364 maneat,
519 328 666 372 roburque
678 324 889 369 firmiffimum
909 323 1028 370 semper
1046 325 1098 357 ob-

343 376 470 416 tineat,
505 376 684 410 venerabili
710 374 820 409 Crucis
846 373 941 420 signo
972 373 1099 420 propria

342 439 438 461 manu
458 425 631 472 subscripto
648 424 836 469 firmamus,
863 428 910 460 &⁹
938 423 1031 465 nostri
1050 422 1097 464 fi-

338 476 417 523 gilli
444 477 631 524 impreffi'one
653 475 797 521 juffimus
824 473 990 520 mfigm'ri.

435 564 512 636 ἦ(
581 553 698 587 Locus
733 548 853 597 sigini
884 551 925 593 *F
960 547 1049 584 cerei

631 599 822 648 deperditi.

398 681 482 711 Haeo
507 675 580 710 at‘fa
611 677 687 722 sunt
714 674 799 718 infra
834 673 994 708 Comitatu
1023 674 1100 706 Val-

348 727 477 770 terrense
504 726 536 759 in
564 726 625 759 loco
651 726 790 759 Pratello
814 734 906 771 prope
933 723 1100 764 Ecclesiam

344 776 459 811 Sanfli
476 776 649 821 frigiani,
669 775 858 822 presentibus
875 774 1016 807 Guidone
1029 777 1100 810 dyc.

345 831 447 862 Anno
477 826 641 860 Dominice
671 824 900 860 Incarnationis
927 823 1101 864 Millesimo

345 876 514 916 Centesimo
541 875 710 922 Trigefimo
736 875 864 912 Primo,
894 876 948 908 Vl.
976 875 1100 909 Kalen-

344 929 403 962 das
431 926 629 964 Decembris,
657 925 830 960 Indifflione
856 927 897 959 X.

398 981 461 1024 Ugo
489 978 639 1011 Notarius
659 975 777 1010 Domni
802 973 1019 1020 Imperatom‘s,
1046 986 1098 1007 cu-

342 1026 396 1072 jus
429 1027 585 1073 presentia&
619 1027 672 1060 hec
697 1025 800 1059 omm'a
829 1025 906 1068 sunt
940 1023 1036 1061 affin,
1064 1036 1099 1055 ex

343 1077 472 1122 juffione
505 1076 622 1123 prefati
657 1076 776 1110 Domni
804 1075 973 1119 Rampem'
1002 1075 1098 1106 Mar-

346 1127 461 1161 chionIs
487 1128 538 1160 hec
564 1126 724 1160 memoriae
750 1124 842 1168 causa
864 1121 996 1168 scripsi.

396 1180 496 1221 Quae
534 1176 576 1210 ad
618 1175 772 1221 reliquos
810 1172 959 1208 Tusciae
999 1173 1098 1206 Mar—

345 1226 486 1262 chioncs
522 1238 561 1261 ac
598 1227 711 1260 Duces
748 1222 928 1272 spectant,
966 1231 1098 1270 praete—

1212 323 1359 353 Camerae
1388 319 1449 353 fibi
1485 320 1584 354 nullo
1612 319 1872 354 contradicente
1901 320 1964 355 tri-

1214 369 1348 404 buiffe.
1387 372 1550 403 Cameram
1586 382 1724 416 quoque
1759 369 1852 404 suam
1892 382 1965 404 me—

1215 428 1327 454 morat
1363 420 1557 454 Guamerius
1592 422 1670 454 Dux
1704 420 1889 463 Spoletanus
1919 418 1965 457 &

1214 470 1357 504 Marchio
1384 470 1629 504 Anconitanus
1657 469 1694 505 in
1728 468 1860 505 Literis
1887 472 1966 505 An-

1214 532 1259 554 no
1295 521 1437 555 MCVI.
1476 519 1634 567 scriptis,
1671 533 1754 567 quas
1791 520 1893 555 habes
1927 520 1964 555 in

1213 569 1392 605 Chronico
1437 569 1584 605 farfensi
1631 583 1706 618 pag.
1747 571 1831 614 664.
1875 572 1966 605 Part.

1214 621 1258 654 11.
1288 620 1397 655 Tomi-
1433 622 1478 655 ΙΙ.
1513 622 1591 655 Rer.
1634 620 1861 655 Italicarum.
1902 619 1966 654 Sed
1997 642 1998 646 =

1213 670 1305 717 quod
1341 670 1404 705 hac
1441 670 1479 705 in
1514 683 1551 705 re
1587 670 1738 705 tenebris
1774 669 1965 705 obduffium

1213 720 1301 755 mihi
1329 721 1488 760 videtur,
1516 719 1655 767 quoties
1690 719 1861 767 ejusmodi
1888 722 1965 755 Tu—

1211 769 1299 805 sciae
1337 769 1526 809 Praesides,
1563 769 1738 818 ceterique
1777 772 1889 804 Duces
1927 782 1965 804 ac

1211 821 1457 864 Marchiones,
1486 833 1556 855 non
1585 820 1676 856 secus
1704 833 1742 855 ac
1770 818 1868 855 Miffi
1897 821 1965 854 Re-

1211 870 1284 917 gii,
1314 871 1448 906 Placita
1470 871 1709 909 celebrabant,
1736 868 1775 905 &
1803 871 1883 905 lites
1911 869 1965 905 di-

1210 920 1405 964 rimebant,
1436 920 1641 956 consuevere
1671 922 1817 955 multam
1849 920 1964 967 impo-

1211 982 1320 1009 nere,
1358 970 1617 1016 persolvendam
1655 983 1724 1005 non
1762 970 1838 1005 suae
1864 994 1873 1007 ‚
1910 969 1965 1005 sed

1215 1020 1340 1066 Regiae
1369 1020 1436 1054 sive
1464 1020 1643 1065 Imperiali
1671 1022 1857 1054 Camerae.
1894 1021 1966 1053 Te—

1210 1068 1269 1103 stes
1298 1069 1406 1103 dabo.
1437 1071 1476 1103 In
1501 1067 1694 1104 Tabuiario
1720 1068 1966 1113 Archiepisco-

1211 1118 1261 1166 pii
1290 1118 1452 1154 Lucenfis
1476 1118 1606 1154 Charta
1635 1118 1835 1154 authentica
1861 1118 1965 1154 habe-

1138 1172 1181 1258 C':
1210 1178 1286 1225 tuf,
1314 1182 1418 1216 quam
1447 1168 1562 1218 primo
1589 1170 1669 1204 loco
1696 1169 1859 1205 exhibere
1891 1171 1964 1218 pla-

1205 1228 1307 1255 cuit.

373 1341 562 1386 Placitum
595 1353 617 1380 a
649 1336 865 1379 Godefrido
897 1339 1006 1377 Duce
1036 1350 1080 1376 ac
1113 1332 1344 1374 Marchione
1376 1331 1540 1373 Tusciae
1571 1330 1748 1373 habitum
1783 1335 1935 1387 Lucae,

502 1400 543 1441 in
575 1412 655 1454 quo
686 1394 892 1438 Anselmus
922 1393 1001 1447 ejus
1034 1394 1152 1434 Urbis
1186 1391 1391 1447 Episcopus
1424 1391 1637 1432 Ecclesiam
1669 1390 1799 1432 Sanf’ti

723 1453 938 1495 Alexandri
970 1452 1037 1493 sibi
1070 1451 1272 1502 vendicat,
1302 1454 1424 1490 Anno
1463 1452 1582 1504 1053.

343 1603 366 1620 Ἠ

520 1622 614 1659 casa,
642 1632 708 1665 que
735 1619 779 1654 est
816 1619 892 1653 sala
920 1618 961 1653 de
998 1619 1096 1652 Pala-

344 1703 369 1720 „
398 1686 450 1709 tio
478 1673 519 1708 de
546 1669 706 1708 civitate
735 1668 911 1711 Lucense,
941 1667 977 1702 in
1006 1667 1095 1715 judi-

345 1753 368 1769 „
397 1724 452 1759 cio
470 1722 627 1758 refideret
648 1722 789 1754 Domum
807 1718 1001 1761 Gottefredus
1023 1720 1098 1752 Dux

345 1803 366 1820 ‚‚
396 1776 437 1808 (θ’
465 1773 610 1807 Marchio
636 1771 675 1804 ad
705 1769 818 1804 causas
846 1767 1031 1803 audiendas
1059 1780 1096 1801 ac

344 1853 366 1869 „
395 1821 631 1859 deliberandas
649 1847 658 1863 ,
698 1818 921 1854 residentibus
949 1830 1027 1852 cum
1056 1830 1096 1851 eo

344 1902 366 1920 ,‚
395 1874 588 1921 Flaipertus
615 1870 723 1914 Judex
747 1868 783 1905 ἃ
813 1868 937 1904 Missus
964 1867 1095 1902 Domni

345 1953 367 1970 ‚,
396 1922 644 1971 Imperatoris,
675 1919 877 1957 Rolandus,
906 1917 1096 1965 Teudigri—

395 1988 469 2009 mue
495 1972 564 2008 ἃς.
592 1970 792 2016 judicibus,
821 1971 895 2005 Leo
921 1967 990 2004 &a
1019 1970 1096 2004 No-

345 2053 365 2069 „
394 2024 475 2060 terii
515 2022 646 2058 Domni
687 2019 936 2067 Imperatoris,
976 2018 1096 2053 Kadu-

343 2104 365 2120 „
394 2077 428 2110 lo
451 2074 519 2109 ἃς.
542 2073 626 2121 Ugo
647 2071 852 2106 Vicecomes
879 2067 1004 2105 Pisenfi
1024 2067 1093 2103 &c.

393 2125 429 2161 ἃ
459 2124 625 2171 reliquis.
655 2121 778 2168 Ibique
804 2133 924 2155 eorum
952 2118 1095 2154 veniens

343 1653 367 1670 ἱ,

344 2003 366 2019 ἱ)

342 2154 365 2170 ’9

342 2203 366 2220 ‚,
395 2174 562 2223 presentia
586 2173 759 2217 Anselmus
782 2171 951 2216 Episcopus
975 2173 1096 2203 Lucen-

341 2225 418 2271 „fi
458 2237 523 2259 una
568 2235 647 2257 cum
688 2219 888 2256 Cristofano
930 2221 1094 2254 Avocato

342 2304 365 2321 „
394 2275 474 2311 suo,
494 2271 627 2307 ostensit
653 2271 690 2306 in
715 2269 836 2305 eodem
866 2268 998 2316 judicio
1020 2267 1095 2303 Pri-

342 2353 366 2370 „
395 2323 564 2372 vilegium
603 2334 709 2356 unum
732 2345 741 2359 ,
778 2332 879 2366 quern
918 2319 1041 2353 abebat
1076 2331 1095 2353 a

343 2403 367 2421 ,‚
396 2384 490 2423 parte
519 2371 720 2420 Apostolice
747 2369 842 2405 Sedis
880 2368 972 2404 beati
1002 2367 1096 2403 Petri

342 2453 367 2471 „
397 2427 553 2460 Romane
581 2420 729 2457 Ecclefie
757 2419 798 2454 de
827 2418 977 2454 Ecclesia
1006 2418 1068 2453 illa
1086 2445 1097 2461 ,

344 2504 367 2521 ‚,
395 2476 450 2510 cui
477 2473 686 2517 vocabulum
713 2470 757 2505 est
786 2469 878 2504 beati
903 2468 1020 2504 Sanffli
1044 2469 1096 2502 A-

345 2555 369 2570 „
397 2523 554 2561 lexandri
572 2551 583 2568 ‚
618 2535 684 2569 que
711 2520 756 2557 est
792 2518 898 2568 polita
925 2518 1016 2555 infra
1043 2517 1096 2553 su—

494 1572 570 1608 Um
607 1568 644 1605 in
683 1568 749 1604 Dei
789 1567 963 1606 nomine,
1001 1567 1096 1602 intus
1137 1567 1230 1613 D1„
1258 1563 1414 1612 pradifi'ta
1454 1563 1615 1599 Civitate
1656 1563 1838 1608 Lucenst,
1881 1577 1960 1600 cum

1205 1641 1230 1658 „
1258 1614 1314 1649 sua
1351 1613 1587 1662 pertinentia.
1629 1617 1673 1649 Et
1715 1614 1808 1661 cepit
1845 1613 1960 1650 dicere

1206 1691 1231 1708 ‚‚
1258 1664 1329 1712 ipse
1354 1663 1540 1699 Anselmus
1569 1664 1758 1711 Episcopus
1786 1677 1851 1698 una
1880 1677 1960 1700 cum

1205 1741 1230 1758 „
1260 1714 1414 1763 predicio
1439 1712 1662 1748 Christofano
1688 1716 1852 1748 Avocato
1878 1713 1958 1749 suo:

1205 1790 1231 1808 „
1257 1767 1349 1799 Abeo
1378 1763 1423 1801 (θ’
1446 1764 1566 1796 detineo
1593 1778 1612 1796 a
1636 1774 1711 1809 pars
1734 1763 1875 1807 janaifie
1895 1768 1964 1798 Ro-

1206 1841 1230 1859 „
1258 1828 1347 1848 mane
1384 1836 1401 1847 .,
1422 1812 1561 1859 postolice
1600 1813 1732 1853 Ecclesie
1772 1824 1828 1859 per
1873 1814 1964 1854 istum

1207 1891 1230 1909 „
1257 1863 1473 1909 Privilegjum
1505 1863 1649 1909 predisi‘a
1681 1863 1818 1904 Ecclesia
1851 1864 1964 1898 Sanfssi

1208 1942 1231 1959 ‚‚
1258 1913 1442 1949 Alexandri
1466 1926 1533 1946 cum
1559 1913 1643 1946 omni
1664 1913 1724 1957 sua
1747 1913 1963 1960 pertinentia.

1208 1993 1231 2010 „
1260 1967 1306 1999 Et
1326 1964 1358 2005 si
1383 1964 1453 2010 quis
1480 1963 1590 1996 exirtde
1618 1963 1734 2009 aliquit
1762 1963 1890 2007 aversus
1916 1977 1963 1997 me

1207 2042 1232 2059 „
1257 2015 1356 2048 dicere
1382 2015 1479 2051 vult,
1512 2022 1645 2059 paratus
1674 2013 1744 2057 sum
1774 2014 1823 2047 hic
1852 2013 1963 2054 vestris

1209 2092 1232 2109 ‚‚
1257 2064 1421 2111 presentiis
1460 2076 1527 2097 cum
1566 2076 1598 2096 eo
1640 2063 1748 2097 exinde
1787 2078 1807 2098 a
1843 2064 1964 2098 ratione

1208 2141 1232 2160 ‚‚
1253 2115 1402 2157 standum
1430 2112 1476 2150 dy·
1510 2113 1650 2158 legitimo
1677 2113 1879 2157 finiendum.
1917 2115 1963 2148 Et

1209 2192 1233 2210 „
1262 2177 1339 2199 cum
1360 2176 1464 2199 nemo
1485 2162 1515 2197 se
1541 2162 1672 2198 ibidem
1702 2162 1963 2210 presentaffent‚

1208 2243 1232 2261 „
1261 2214 1321 2261 qui
1333 2239 1445 2249 ......
1471 2213 1606 2256 essent,
1643 2223 1726 2248 tunc
1755 2213 1825 2260 ipse
1854 2215 1965 2247 Dom-

1208 2293 1233 2309 „
1262 2277 1323 2299 nus
1350 2262 1574 2299 Gottefredus
1606 2265 1687 2298 Dux
1725 2261 1762 2298 &
1799 2263 1963 2298 Marchio

1210 2342 1233 2360 „
1262 2327 1340 2349 cum
1368 2314 1489 2348 taliter
1516 2313 1609 2348 vidit
1635 2312 1673 2349 ὅ(
1703 2313 1839 2348 audivit
1857 2341 1866 2356 ‚
1895 2312 1961 2347 mi-

1210 2393 1233 2410 „
1261 2364 1300 2399 fit
1329 2365 1477 2399 bannum
1505 2365 1633 2398 Domni
1658 2362 1879 2410 Imperatoris
1907 2361 1962 2396 su-

1209 2442 1233 2460 „
1261 2427 1320 2462 per
1345 2415 1467 2449 eodem
1489 2414 1658 2449 Anselmo
1685 2413 1894 2458 Episcopus,
1922 2410 1960 2445 ὃς

1208 2492 1231 2509 ,‚
1260 2464 1358 2512 super
1395 2466 1465 2512 jam
1500 2464 1596 2499 dicio
1632 2461 1830 2499 Cristofano
1862 2463 1962 2495 Avo-

1207 2542 1232 2560 „
1259 2525 1339 2550 cato
1366 2513 1426 2550 suo
1437 2540 1547 2549 .....
1573 2512 1769 2550 Alexandri
1797 2523 1874 2546 cum
1906 2510 1962 2546 sua

1785 2588 1809 2607 „
1836 2573 1911 2609 per·
