2216 3105
15 3078 20 3105 ,Ν
12 3002 19 3070 ,ζμ-φ,
17 2977 21 2985 u

304 227 384 268 333
593 207 893 250 COMMENT.
926 207 992 250 ΙΝ
1020 204 1245 250 DANTJS
1272 203 1513 248 COMOED.
1725 222 1808 263 334

245 270 307 319 qui
334 276 431 304 erant
457 278 500 303 ex
528 275 673 314 utraque
710 277 806 315 parte
843 265 1000 302 fluminis
1032 269 1079 330 ΑΙ
1102 264 1187 300 Padi
1215 277 1285 298 non
1316 263 1366 298 ita
1404 264 1489 299 bene
1526 262 1724 300 serviebant
1762 279 1855 301 corn-

248 318 487 368 Phlegetontis
505 343 514 357 ‚
552 332 625 352 eran
648 318 729 361 fatti
754 332 775 352 a
802 317 850 352 tal
886 319 1001 364 imagi-

245 384 302 409 ne,
322 370 404 404 idest
426 368 713 411 similitudinem,
734 368 838 414 ⁸Quali
858 368 870 401 i
889 368 1001 402 Fiam-

244 420 387 466 minghi,
409 419 469 467 qui
491 420 577 454 olim
600 418 718 454 vocati
741 423 818 453 lunt
839 418 1000 457 Cimbri,

295 475 450 505 Tenenio
477 470 501 504 il
530 469 649 514 fiotto,
685 470 737 503 che
771 482 828 503 ver
853 469 900 503 lor
925 468 950 503 s'
966 484 1002 504 a-

347 532 444 554 ventu
461 546 470 560 ,
768 556 775 559 .

246 571 332 607 Idest
369 571 513 606 siusium
551 570 656 606 maris
683 570 725 606 ab
753 572 895 606 Oceano
923 583 1001 606 cum

245 622 402 657 mirabili
433 621 622 657 velocitate
637 646 647 661 ,

297 675 412 707 Fauno
447 673 477 706 lo
505 672 661 717 schermo,
694 672 801 719 perche}
828 670 851 705 ’l
878 685 945 706 mar
972 671 1005 713 fi

345 723 490 769 ftiggiffi·

248 773 335 809 Idest
363 774 600 822 reparaculum
627 774 661 808 &
689 773 923 808 obstaculum:
954 783 1004 807 tra

248 825 434 869 Gmiqmre‚
471 837 558 870 quae
594 823 638 859 est
674 837 740 859 una
768 826 899 862 Terra,
937 822 1004 858 five

250 876 375 910 Portus
403 874 439 909 in
468 874 657 917 thdria,
694 888 712 910 e
740 874 905 920 Bruggia.
942 873 1004 908 Ista

248 924 293 960 est
322 924 461 960 Civitas
499 924 716 959 famofiffima
754 925 790 959 in
820 924 1005 965 Flandria,

250 974 335 1010 sicut
363 975 407 1010 est
434 976 574 1011 Civitas
603 975 831 1010 Venetiarum
869 974 906 1009 in
937 976 1004 1009 lta-

251 1025 319 1061 lia.
357 1025 414 1060 Ad
452 1039 555 1072 quam
593 1025 757 1073 Brugiam
796 1034 1006 1060 concurrunt

253 1074 406 1123 undique
433 1075 649 1110 Mercatores
677 1089 718 1110 ex
746 1075 909 1111 omnibus
931 1088 1006 1123 par—

251 1125 345 1161 tibus
374 1126 597 1161 Occidentis.
627 1125 733 1161 Unde
761 1126 887 1169 audio,
914 1126 1006 1173 quod

251 1176 394 1225 navigia
425 1176 577 1223 plurium
608 1176 790 1224 regionum
829 1176 1007 1224 applicant

250 1226 358 1261 illuc.
396 1228 507 1261 Perrh&
534 1226 558 1260 ’l
594 1239 660 1261 mar
689 1226 721 1268 fi
749 1227 890 1273 fuggia,
926 1226 1008 1262 idest

252 1276 407 1323 fugiatur
434 1277 475 1311 ab
503 1278 579 1319 eis,
616 1276 666 1311 ita
703 1277 795 1323 quod
832 1290 901 1311 non
938 1278 1007 1312 lae-

249 1325 308 1360 dat
336 1339 415 1361 eos.
445 1330 477 1360 E
503 1328 614 1372 quale,
651 1325 770 1374 supple
799 1326 954 1371 schermo.
994 1329 1007 1361 I

247 1376 396 1411 Padoani
423 1375 540 1424 supple
562 1377 687 1420 fanno,
724 1377 819 1423 lungo
846 1377 880 1411 la
906 1381 1008 1411 Bren-

245 1436 304 1467 τα,
342 1426 425 1462 idest
453 1440 557 1476 prope
587 1425 736 1461 fluvium
764 1439 883 1462 eorum
902 1454 910 1469 ,
947 1427 1004 1474 qui

246 1476 413 1524 dirigitur
457 1491 499 1512 ex
541 1476 754 1512 Alemannia
796 1476 833 1511 in
877 1486 972 1525 parte
998 1485 1021 1516 ,“

247 1539 335 1574 quae
362 1527 494 1563 dicitur
521 1530 740 1566 (jammam,
774 1526 832 1562 ubi
861 1538 1006 1576 regnant

245 1577 388 1625 quidam
419 1578 566 1614 Domini
585 1603 594 1617 ‚
632 1579 693 1625 qui
733 1588 904 1613 vocantur
934 1581 1005 1614 Du—

248 1641 302 1662 ces
343 1628 580 1665 Carinthiae.
621 1629 693 1664 Hic
735 1627 863 1664 fluvius
901 1629 1005 1664 adve-

246 1677 367 1714 niente
404 1693 513 1718 vere,
552 1679 826 1726 liquescentibus
863 1679 1005 1715 nivibus

245 1727 470 1763 intumescit.
499 1730 580 1764 Ideo
611 1730 694 1764 bene
722 1729 853 1765 dicitur

297 1779 395 1824 Anqi
413 1781 463 1813 che
483 1780 700 1814 Chrsarentana
729 1780 752 1812 il
779 1780 867 1814 caldo
886 1780 1005 1824 senta,-

249 1829 339 1863 Vult
376 1828 488 1865 dicere
510 1854 521 1869 ‚
558 1829 650 1877 quod
694 1829 848 1865 Paduani
886 1830 1004 1877 provi-

246 1877 330 1913 dent
367 1878 428 1915 fibi
468 1890 547 1916 ante
584 1890 746 1928 tempus,
783 1879 942 1916 faciendo
970 1882 1002 1915 8<

245 1929 434 1976 reparando
471 1944 634 1979 aggeres,
673 1931 754 1978 quia
791 1930 908 1966 frustra
945 1944 1004 1965 oc-

246 1991 420 2015 currerent
462 1981 668 2017 adveniente
709 1982 914 2017 alluvione.
957 1984 1003 2017 Et

246 2042 325 2065 ecce
353 2043 457 2077 quare
484 2031 519 2066 id
548 2031 702 2067 faciunt:

298 2083 359 2114 Per
384 2081 526 2124 difender
553 2083 599 2115 lor
628 2083 730 2121 Vale,
758 2097 773 2116 e
800 2083 846 2116 lor
873 2082 1004 2124 Castelli

246 2130 306 2165 Ab
343 2130 571 2166 inundatione
609 2134 778 2168 Brentae.
816 2133 939 2168 Simile
967 2147 1001 2168 e—

247 2179 334 2215 tiam
373 2180 507 2217 faciunt
546 2183 773 2218 Ferrarienses
810 2184 908 2231 juxta
938 2185 1001 2219 Pi*

246 2230 350 2266 dum.
378 2230 485 2266 Unde
511 2232 640 2275 miror,
669 2233 760 2279 quod
783 2234 920 2269 Au5³t0r
939 2248 1001 2282 po-

246 2280 317 2317 tius
355 2294 423 2316 non
467 2281 589 2318 fecerit
625 2284 922 2327 comparationem
960 2285 1000 2320 de

245 2331 426 2380 aggeribus
456 2332 565 2372 Padi,
604 2333 665 2381 qui
702 2333 746 2368 est
782 2333 909 2369 fluvius
937 2348 999 2369 no-

245 2381 431 2418 bilissimus
460 2383 606 2422 Italiae,
645 2384 685 2419 de
722 2397 792 2431 quo
822 2385 998 2433 Vergilius

242 2432 319 2468 suus
349 2433 432 2468 facit
453 2443 585 2469 tantam
608 2434 821 2469 mentionem
844 2434 882 2470 Sc
903 2448 998 2470 com—

241 2483 524 2519 mendationem.
552 2485 725 2521 Similiter
752 2487 784 2520 δ(
813 2488 996 2522 Lucanus.

240 2534 304 2570 Sed
343 2534 432 2571 forte
476 2535 542 2570 hoc
585 2535 694 2574 fecit,
737 2537 818 2584 quia
860 2549 997 2585 aggeres

1036 731 1062 763 Β

1039 1180 1071 1217 C

1076 334 1078 342 A

1077 357 1080 370 Ι

1077 372 1079 412 A
1102 365 1165 400 alti
1192 366 1227 399 3<
1256 364 1394 413 magni.

1103 313 1276 363 partitioni
1305 313 1403 353 suae,
1441 313 1509 349 five
1536 313 1619 362 quia
1646 314 1724 351 sunt
1751 316 1856 353 nimis

1077 413 1080 461 l
1304 416 1366 450 Ad
1393 415 1475 460 Vers.
1506 427 1562 450 22.
1631 453 1633 455 ,

1078 471 1079 476 ’
1153 467 1224 500 Cos}
1251 466 1428 500 advechiato
1453 467 1497 500 da
1523 466 1604 500 cota!
1623 466 1795 514 fhmigffia,

1078 551 1081 567 Ι
1206 517 1271 551 Fui
1298 517 1463 562 conosciuto
1487 518 1530 551 da
1557 530 1600 551 un
1627 538 1765 545 -----

1079 572 1081 601 i
1105 567 1195 602 Heic
1223 567 1363 603 Αυὲὶοι·
1398 567 1546 603 ostendit
1564 595 1573 611 ,
1611 570 1789 616 quomodo
1817 585 1854 607 ex

1079 611 1169 653 ¹i110
1210 631 1311 667 grege
1356 617 1496 653 invenit
1537 631 1643 655 unum
1690 619 1859 657 famosum

1106 668 1310 704 modernum
1338 668 1379 704 de
1407 671 1516 704 Terra
1554 669 1631 709 sua,
1669 683 1773 718 quem
1811 672 1860 708 fa>-

1080 720 1294 755 ‘miliariter
1330 729 1476 755 noverat
1511 719 1548 755 in
1578 721 1676 756 vita.
1715 722 1773 758 Ad
1801 737 1859 759 cu·

1080 765 1083 818 ζ
1108 770 1158 817 jus
1187 769 1427 817 cognitionem
1455 770 1633 806 sciendum
1662 771 1729 816 est,
1767 775 1861 821 quod

1107 820 1166 855 iste
1202 820 1343 868 spiritus
1371 830 1443 856 erat
1476 821 1619 868 quidam
1648 823 1751 858 Civis
1780 826 1863 861 Flo-

1107 870 1263 906 rentinus
1293 872 1436 907 nomine
1472 875 1530 906 Ser
1564 876 1739 907 Brunettus
1767 877 1863 910 Lati-

1108 935 1185 966 nus,
1222 921 1284 969 qui
1314 921 1476 958 floruerat
1513 931 1669 970 tempore
1708 926 1861 971 nantis,

1109 972 1162 1007 vir
1190 972 1331 1019 quidem
1359 986 1504 1022 magnae
1539 972 1799 1023 intelligentiae
1826 978 1861 1012 &

1107 1022 1329 1070 eloquentiae
1366 1033 1523 1071 tempore
1559 1023 1619 1059 suo
1650 1024 1688 1060 in
1718 1027 1862 1063 Floren-

1109 1072 1182 1108 tia.
1221 1073 1358 1109 Habuit
1387 1083 1503 1110 tamen
1532 1087 1692 1123 magnam
1721 1077 1864 1124 opinio-

1108 1136 1185 1158 nem
1223 1124 1264 1159 de
1300 1123 1333 1159 se
1373 1124 1467 1172 ipso.
1509 1127 1602 1161 Nam
1639 1139 1746 1174 quum
1783 1129 1866 1165 effer

1109 1187 1251 1222 magnus
1281 1175 1449 1211 Notarius
1468 1202 1477 1218 ,
1513 1177 1547 1210 <Sc
1576 1177 1797 1214 commisisset
1825 1194 1864 1216 u-

1108 1238 1190 1260 num
1234 1238 1378 1273 parvum
1424 1225 1548 1261 sallum
1590 1227 1626 1262 in
1669 1227 1726 1263 sua
1767 1239 1862 1266 certa

1108 1274 1275 1324 scriptura
1313 1289 1371 1324 per
1406 1289 1586 1316 errorem,
1623 1291 1727 1325 quem
1765 1290 1865 1328 pote-

1107 1334 1159 1360 rat
1200 1325 1303 1360 facilc
1345 1327 1540 1375 corrigere,
1583 1329 1701 1365 voluit
1744 1331 1863 1379 potius

1108 1375 1257 1410 accusari
1284 1377 1317 1410 δε
1346 1376 1508 1413 infamari
1537 1377 1578 1413 de
1615 1378 1721 1420 falso,
1759 1394 1864 1429 quarn

1107 1438 1267 1460 revocare
1304 1439 1453 1462 errorem
1491 1427 1611 1471 suum,
1649 1443 1691 1466 ne
1728 1431 1865 1468 videre-

1109 1484 1164 1510 tur
1189 1475 1371 1523 deliquisse
1399 1490 1459 1525 per
1484 1477 1743 1526 ignorantiam.
1784 1482 1864 1518 Un-

1106 1525 1147 1561 de
1175 1535 1315 1573 propter
1343 1526 1408 1562 hoc
1445 1527 1513 1563 fuit
1541 1529 1680 1566 coaetus
1708 1534 1864 1569 recedere

1106 1575 1146 1611 de
1189 1576 1367 1612 Florentia
1392 1602 1401 1616 ‚
1448 1580 1481 1613 δε
1529 1579 1649 1615 datum
1692 1581 1760 1617 fuit
1802 1584 1863 1620 fibi

1106 1628 1265 1662 Bannum
1295 1627 1336 1662 de
1364 1627 1467 1676 igne.
1497 1630 1560 1665 Sed
1589 1630 1728 1679 ignem,
1759 1646 1864 1681 quem

1106 1677 1258 1713 evaserat
1286 1678 1410 1722 vivus,
1439 1679 1497 1715 dat
1524 1679 1585 1716 fibi
1615 1682 1752 1718 Auc'tm·
1771 1697 1864 1720 mor-

1107 1737 1167 1763 tuo
1195 1728 1232 1763 in
1261 1728 1323 1764 isto
1351 1731 1451 1765 loco:
1482 1744 1552 1778 quo
1581 1732 1691 1781 magis
1720 1745 1863 1770 notatur

1107 1777 1273 1817 infamia,
1302 1779 1384 1827 quia
1411 1790 1557 1816 noverat
1585 1796 1662 1818 eum
1691 1784 1862 1821 infectum

1107 1828 1324 1878 turpitudine
1352 1829 1431 1866 ista.

1350 1882 1412 1916 Aa*
1440 1883 1526 1928 Vars.
1555 1885 1614 1920 61.

1158 1933 1222 1965 Ma
1247 1931 1348 1977 quello
1367 1931 1490 1978 ’ngrato
1515 1936 1630 1981 Popolo
1655 1937 1817 1984 maligno,

1207 1982 1272 2015 Che
1297 1982 1409 2025 discese
1433 1989 1477 2017 da
1504 1985 1626 2029 Fir-sole
1652 2007 1746 2013 —-—-

1109 2033 1211 2067 Nunc
1240 2033 1298 2066 Ser
1326 2033 1512 2068 Brunettus
1541 2037 1762 2082 praenuntiat
1782 2040 1859 2074 Au-

1080 2081 1197 2116 &tori
1233 2081 1407 2118 adversam
1445 2082 1620 2121 fortunam
1646 2111 1656 2125 ,
1693 2100 1779 2134 quae
1816 2090 1861 2125 est

1108 2132 1343 2168 communiter
1386 2133 1532 2170 inimica
1578 2136 1771 2174 virtuosis.
1813 2142 1859 2175 Et

1109 2184 1185 2218 vult
1214 2184 1298 2218 bene
1319 2183 1454 2224 dicere,
1482 2186 1573 2233 quod
1605 2189 1756 2236 Populus
1778 2191 1860 2225 Flo-

1107 2233 1264 2269 rentinus
1305 2235 1539 2283 malignanter
1581 2238 1614 2272 ὃς
1651 2238 1788 2287 ingrate
1826 2241 1859 2277 se

1107 2283 1248 2319 habebit
1275 2298 1354 2333 erga
1381 2298 1483 2334 eum3
1521 2288 1664 2324 reddens
1696 2289 1759 2326 fibi
1786 2304 1859 2327 ma-

1105 2335 1179 2370 lum
1209 2348 1270 2383 pro
1299 2336 1411 2376 bono,
1439 2335 1524 2373 ficut
1551 2338 1595 2374 est
1621 2339 1662 2375 de
1690 2353 1786 2377 more
1811 2341 1861 2378 fe-

1105 2398 1140 2420 re
1167 2385 1327 2421 omnium
1357 2388 1569 2435 Populorurn
1595 2403 1673 2438 erga
1702 2391 1860 2428 beneme-

1105 2435 1212 2471 ritos.
1240 2436 1338 2472 Sicut
1364 2440 1476 2474 Roma
1496 2448 1617 2476 contra
1637 2440 1857 2489 Scipionem,

1105 2487 1244 2522 Civitas
1266 2487 1485 2524 Athenarum
1514 2499 1634 2526 contra
1662 2491 1856 2532 Theseum,

1105 2537 1138 2572 8<
1165 2536 1216 2573 ita
1243 2537 1284 2572 de
1311 2537 1411 2574 aliis.
1447 2541 1494 2574 Et
1521 2539 1612 2575 circa
1648 2540 1747 2577 istum
1785 2541 1858 2589 pas-

1226 2590 1255 2622 Y
1311 2600 1331 2623 2
1736 2590 1810 2626 sum
