2216 3105
265 197 349 248 '485
560 189 854 233 COMMENT
882 220 892 232 .
925 192 989 234 IN
1019 189 1243 233 DANTIS
1272 188 1512 232 comm).
1692 195 1778 246 486

260 255 322 287 Per
340 253 441 286 Fonte
460 251 595 285 Branda
615 262 673 284 non
694 249 784 283 darei
802 251 836 284 la
863 249 966 291 vista.
996 252 1052 287 Ἀἵ
1077 249 1145 284 fuit
1172 249 1213 283 de
1240 249 1446 284 Comitibus
1474 249 1600 285 Guidis
1638 249 1680 286 de
1709 252 1838 286 Rome·

212 301 318 344 Idest,
356 299 524 336 vifionem
569 299 747 348 ipsorum,
788 310 845 347 pro
884 300 970 343 fonte

213 353 272 389 ubi
299 350 450 387 defidero
478 351 614 386 bibere.
651 350 708 386 Est
743 351 836 386 enirn
877 353 968 386 Fons

211 401 470 439 amoeniffimus
497 401 535 437 in
563 401 797 449 pulcherrima
828 401 970 437 Civita—

210 462 246 489 te
274 456 438 489 Senarum
474 451 513 488 in
556 453 676 488 Platea
715 451 970 501 pulcherrima.

212 503 317 550 Quasi
354 503 471 547 dicat,
517 502 541 538 fi
581 516 647 551 ego
691 503 847 538 viderem
893 502 970 538 heic

211 555 388 592 Aufi‘tores
415 567 511 590 meae
538 567 692 603 poenae,
730 554 841 603 magis
879 553 971 589 seda-

211 615 308 642 retur
334 605 406 641 fitis
434 618 510 641 mea
530 618 573 641 ex
595 606 660 640 tali
685 603 838 647 visione,
866 605 971 651 quam

213 656 236 692 fi
265 670 329 706 ego
358 657 513 692 biberem
541 669 665 703 aquam
703 656 829 691 Fontis
864 657 973 690 Bran-

213 706 271 743 di.
310 709 358 742 Et
384 705 429 742 fic
456 705 559 750 vide,
599 706 693 755 quod
721 706 884 741 reddebat
911 705 972 740 fibi

213 757 253 794 in
290 767 444 793 mentem
482 770 609 804 aquam
645 756 836 792 sedativam
879 756 974 791 fitis.

214 807 322 854 Quasi
349 807 468 844 dicat:
499 810 583 844 Non
613 817 843 853 permutarem
874 807 973 842 illam

215 858 385 895 vifionem
415 871 478 906 pro
504 858 563 893 ista
603 858 798 902 bibitione,
838 867 974 892 tantum

215 910 298 946 esset
335 909 426 945 mihi
467 917 590 957 grata.
630 911 698 944 Vel
741 921 876 957 expone
904 907 973 943 fic:

218 964 291 996 Non
310 962 400 995 darei
418 960 452 994 la
471 959 577 1003 vista,
605 959 711 1000 idest,
738 961 860 994 oculos
882 971 976 994 meos

220 1023 291 1046 non
320 1019 573 1046 commutarem
602 1023 664 1058 pro
692 1013 804 1045 Fonte
827 1009 976 1048 Brandi‚

219 1061 311 1108 quasi
340 1060 461 1103 dicat,
499 1073 568 1096 non
609 1060 830 1096 desiderarem
861 1060 977 1095 bibere

220 1112 261 1147 ad
289 1111 422 1147 difflum
451 1113 622 1146 Fontem:
666 1111 717 1146 ita
746 1110 831 1146 vifio
858 1123 977 1146 eorum

220 1161 362 1198 satiaret
389 1175 502 1197 meam
531 1161 622 1197 sitim
650 1163 682 1196 &
714 1175 860 1210 poenam
887 1160 979 1209 ipso·
1004 1157 1006 1168 ¹

220 1226 320 1248 rum.
348 1212 404 1248 Est
432 1221 548 1248 tamen
586 1212 678 1248 idem
717 1212 857 1248 effeEius
878 1239 886 1247 .
917 1215 981 1245 Ma

221 1262 246 1297 s'
260 1264 289 1298 io
306 1264 422 1308 vedeffi
440 1264 515 1310 qui,
535 1261 671 1298 scilicet
696 1262 732 1298 in
753 1262 812 1298 ista
834 1263 980 1311 Bolgia,

273 1334 545 1341 -------
572 1313 716 1347 l’am'ma
742 1313 832 1355 trista

270 1365 320 1399 Di
339 1363 444 1398 Guido
460 1390 469 1407 ‚
497 1376 513 1397 ο
539 1361 806 1409 αἈΙεΠαηᾶνο,
833 1377 849 1397 0
874 1363 911 1398 di
936 1364 982 1397 lor

317 1415 424 1458 frate.

221 1467 380 1500 Fuerunt
420 1463 514 1499 enirn
558 1471 627 1498 tres
668 1462 789 1499 fratres
817 1463 982 1500 Comites

222 1518 423 1558 Romenae,
464 1513 598 1550 scilicet
637 1514 783 1558 Guid0,
823 1516 984 1550 Alexan-

222 1565 304 1610 der,
341 1567 375 1601 &
417 1564 689 1613 Aghinolphus.
738 1567 821 1601 Hoc
866 1565 982 1609 dicit,

222 1616 307 1664 quia
334 1615 497 1651 solatium
538 1615 584 1651 est
611 1615 746 1652 miseris
783 1615 895 1652 socios
922 1616 983 1651 ha-

225 1667 304 1702 bere
331 1679 541 1713 poenarum.
577 1668 625 1700 Et
662 1666 818 1702 maxime
843 1667 983 1713 quando
1006 1689 1008 1694 .

225 1715 304 1753 funt
332 1717 369 1751 in
398 1729 507 1764 poena
534 1729 612 1751 cum
638 1716 734 1756 illis,
761 1717 822 1764 qui
844 1717 984 1753 fuerunt

227 1765 324 1802 causa
367 1765 552 1814 impulfiva
587 1768 730 1814 culpae,
766 1780 922 1815 poenae,
950 1769 983 1803 &

225 1816 393 1853 infamiae
413 1830 553 1852 eorum.
580 1819 626 1852 Et
647 1816 826 1867 subjungit
847 1818 985 1858 Adam,

227 1867 320 1915 quod
348 1867 434 1904 licet
461 1867 659 1912 audiverit,
687 1869 778 1916 quod
807 1869 875 1916 jam
898 1882 985 1904 unus

227 1918 372 1955 illorum
401 1918 546 1954 fratrum
576 1928 734 1955 mortuus
761 1919 826 1959 est,
853 1920 886 1955 &
917 1921 984 1968 jam

228 1970 390 2017 pervenit
425 1969 466 2004 ad
503 1983 677 2018 poenam,
718 1979 836 2006 tamen
865 1984 984 2019 parum

229 2019 384 2068 profuit,
422 2020 462 2055 ad
498 2020 722 2056 relevandum
751 2020 867 2061 fitim,
905 2021 986 2068 quia

229 2082 301 2105 non
339 2079 476 2119 poterat
515 2070 676 2107 accedere
718 2070 761 2106 ad
797 2071 984 2107 videndum

230 2133 308 2156 eum
325 2147 334 2156 .
362 2121 464 2155 Unde
490 2120 604 2156 dicit:

282 2174 403 2206 Dentre
429 2170 452 2205 ε’
469 2172 485 2205 ὲ
510 2170 535 2205 l’
546 2185 611 2206 una
632 2171 690 2218 git>
718 2193 905 2199 -----

231 2221 397 2261 Scilicet,
425 2222 541 2256 anima
570 2222 766 2258 Alexandri
804 2223 840 2258 in
879 2221 986 2258 Infer—

229 2285 299 2312 no,
326 2272 409 2320 quia
436 2272 481 2307 est
508 2272 603 2308 inter
628 2273 824 2320 proditores
844 2273 986 2308 consan-

229 2323 460 2370 guineorum,
488 2333 527 2358 ut
555 2323 736 2359 videbitur
761 2323 852 2359 infra
881 2327 987 2360 Cant.

231 2376 381 2409 XXXII.
419 2373 479 2409 ubi
516 2373 678 2409 nominat
720 2374 987 2410 Alexandrum.

229 2424 293 2460 Sed
332 2434 424 2460 certe
460 2437 528 2459 nnn
559 2425 647 2460 bene
686 2425 813 2468 video,
850 2425 892 2460 de
918 2439 988 2473 quo

230 2476 415 2522 loquatur.
438 2476 533 2521 Quia
553 2475 616 2511 ille
635 2476 859 2515 Alexander,
884 2489 986 2524 quem

230 2539 322 2562 nunc
350 2525 489 2562 Auffior
515 2527 656 2573 reponit
682 2526 719 2562 in
747 2527 881 2576 glacie,
919 2541 988 2563 non

1076 312 1142 343 na,
1178 298 1234 334 sed
1274 299 1315 335 de
1343 299 1549 335 Comitibus
1576 300 1762 340 Albertis‚
1798 308 1837 335 ut

1078 349 1187 399 potest
1214 358 1332 398 patere
1359 349 1512 385 intuenti
1529 376 1538 385 .

1176 403 1238 435 Ad
1264 403 1360 435 Cant.
1390 402 1512 436 XXXI.
1543 400 1626 444 Verfi
1660 401 1740 447 135.

1129 452 1218 497 ⁴Qual
1242 462 1319 498 pare
1345 466 1365 486 a
1392 452 1562 497 riguardar
1584 452 1617 486 la
1641 451 1836 494 Garisena'a.

1080 503 1171 537 Heic
1214 501 1352 537 Aufflor
1389 502 1539 538 ostendit
1567 501 1839 538 inclinationem

1080 552 1216 588 Anthei
1255 566 1316 602 per
1341 566 1445 588 unam
1474 553 1632 588 nobilem
1661 564 1842 601 compara·

1080 604 1237 639 tionem.
1277 603 1336 639 Ad
1365 604 1462 652 cujus
1490 603 1767 652 intelligentiam
1796 601 1841 638 est

1081 653 1281 694 sciendum,
1322 655 1415 702 quod
1457 654 1495 690 in
1536 654 1651 690 nobili
1680 653 1842 690 Civitate

1083 705 1285 749 Bononiae,
1313 705 1350 740 in
1379 706 1460 741 loco
1486 705 1546 753 qui
1576 704 1708 740 dicitur
1737 706 1842 739 Porta

1083 755 1310 804 Ravignana‚
1339 755 1385 791 est
1410 769 1479 791 una
1507 769 1610 805 parva
1634 757 1776 798 Platea,
1804 754 1842 790 in

1083 819 1151 854 qua
1179 805 1257 841 sunt
1277 807 1362 842 duae
1383 808 1536 850 Turres,
1565 808 1672 842 altera
1695 817 1842 854 quarum

1084 855 1248 892 altissima
1271 866 1417 892 vocatur
1435 857 1562 893 Turris
1578 856 1814 892 Afinellorum
1831 880 1841 895 ‚

1085 908 1193 942 altera
1215 907 1314 954 juxta
1335 907 1444 955 ipsam
1466 916 1613 943 vocatur
1628 907 1754 943 Turris
1771 909 1843 941 Ga>

1084 957 1298 993 risendorum
1321 985 1331 1001 ,
1357 958 1459 993 valde
1487 958 1615 1005 plicata
1633 958 1674 993 ad
1700 957 1843 992 modum

1046 1051 1048 1054 .
1084 1008 1236 1043 ruentis.
1266 1008 1380 1044 Modo
1408 1008 1559 1044 nubibus
1586 1008 1844 1044 transeuntibus

1085 1058 1184 1106 super
1202 1058 1450 1099 Garisendam,
1471 1058 1492 1094 sl
1515 1059 1592 1107 quis
1618 1059 1703 1094 stans
1725 1059 1760 1094 in
1782 1072 1844 1106 op-

1056 1137 1058 1143 2
1087 1109 1197 1157 pofito
1224 1108 1386 1158 respiciat
1414 1111 1542 1149 nubes,
1570 1111 1676 1146 turris
1708 1110 1845 1145 videtur

1058 1209 1059 1212 Ἴ
1087 1159 1205 1194 cadere
1234 1159 1332 1207 super
1358 1174 1460 1196 eum.
1487 1160 1545 1196 Ad
1584 1160 1819 1209 propositum.

1137 1211 1200 1245 Tal
1224 1222 1326 1257 parve
1351 1215 1461 1247 Antea
1486 1227 1507 1246 a
1533 1224 1579 1246 me
1592 1236 1604 1252 ,
1632 1212 1682 1246 che
1703 1211 1799 1254 stava
1826 1225 1846 1246 a

1188 1262 1294 1304 bada,

1058 1351 1060 1362 A
1087 1310 1149 1359 qui
1177 1310 1416 1360 exspeffiabam
1446 1312 1655 1362 respiciens,

1138 1362 1185 1397 Di
1211 1364 1336 1396 vederlo
1367 1364 1491 1398 chinare
1516 1385 1746 1391 ------

1086 1412 1201 1459 qualis
1223 1412 1362 1448 videtur
1381 1413 1570 1450 Garisenda
1590 1414 1716 1450 Turris
1729 1442 1738 1457 ,
1758 1427 1846 1461 quae

1086 1463 1130 1497 fic
1159 1464 1363 1498 nominatur
1390 1477 1409 1500 a
1436 1464 1637 1501 Garisendis
1666 1465 1847 1501 nobilibus

1086 1512 1128 1548 de
1157 1513 1343 1549 Bononia:

1137 1563 1260 1598 Sorte’l
1286 1565 1410 1599 chinato
1428 1593 1437 1609 ,
1465 1586 1736 1594 -------

1060 1631 1061 1635 ¹
1087 1614 1172 1650 idest
1199 1613 1259 1650 sub
1285 1626 1492 1655 curvatura,

1141 1686 1370 1693 ------
1396 1668 1521 1714 quando
1547 1682 1589 1702 un
1615 1668 1713 1702 nuvol
1736 1668 1825 1702 vada

1139 1715 1233 1750 Sovr'
1248 1716 1308 1762 effla
1328 1720 1376 1756 si,
1404 1719 1456 1752 che
1469 1719 1555 1754 della
1573 1720 1710 1753 incontro
1723 1720 1828 1766 penda
1840 1743 1848 1755 ³

1091 1766 1203 1805 mest,
1231 1766 1268 1802 in
1297 1768 1533 1804 contrarium.
1564 1771 1609 1804 Et
1639 1769 1716 1804 heic
1744 1778 1849 1807 nota,

1091 1818 1185 1865 quod
1222 1819 1442 1866 comparatio
1482 1819 1568 1854 bene
1604 1818 1690 1854 facit
1729 1820 1769 1854 ad
1797 1818 1850 1854 fa—

1092 1868 1209 1904 δὶυηῑ.
1245 1870 1341 1914 Quia
1369 1868 1454 1905 ficut
1481 1869 1670 1905 Garisenda
1707 1879 1850 1905 curvata

1094 1919 1234 1955 videtur
1278 1920 1399 1955 cadere
1440 1919 1540 1966 super
1584 1920 1850 1968 respicientem,

1092 1971 1125 2005 8<
1155 1979 1272 2006 tamen
1308 1983 1379 2005 non
1419 1970 1540 2019 cadit3
1582 1970 1634 2006 ita
1662 1971 1851 2015 Antheus,

1093 2021 1193 2056 velut
1220 2021 1291 2055 alta
1318 2020 1467 2060 Turris,
1503 2031 1666 2056 curvatus
1709 2021 1852 2056 videba-

1095 2081 1152 2106 tur
1179 2083 1271 2106 nunc
1299 2070 1419 2106 cadere
1446 2071 1544 2120 super
1574 2074 1724 2107 Dantem
1746 2071 1852 2120 respi-

1096 2122 1247 2157 cientem
1284 2135 1386 2164 eum,
1425 2123 1458 2157 &
1501 2132 1618 2158 tamen
1656 2136 1725 2157 non
1755 2122 1854 2158 cade·-

1098 2173 1176 2208 bat.
1215 2174 1311 2208 Nota
1355 2172 1461 2207 etiam
1505 2173 1598 2220 quod
1637 2173 1854 2220 comparatio

1067 2228 1069 2234 '
1097 2233 1169 2258 erat
1190 2222 1301 2272 magis
1322 2224 1481 2271 propria,
1511 2225 1593 2270 quia
1621 2224 1758 2259 Austor
1778 2224 1855 2259 heic

1098 2274 1253 2323 scripsit,
1299 2273 1381 2321 quia
1423 2273 1481 2309 ista
1519 2274 1646 2310 Turris
1689 2284 1855 2318 curvata,

1098 2334 1171 2360 erat
1207 2335 1291 2360 tunc
1328 2326 1442 2359 multo
1469 2325 1578 2360 altior
1617 2326 1720 2372 quam
1751 2325 1856 2361 modo

1099 2375 1158 2411 fit.
1198 2378 1289 2412 Nam
1338 2388 1414 2422 pars
1451 2389 1575 2424 magna
1616 2376 1689 2424 ejus
1717 2376 1856 2422 dirupta

1098 2426 1166 2461 fuit
1195 2440 1253 2474 per
1279 2424 1471 2470 johannem
1501 2428 1542 2462 de
1569 2427 1700 2476 Olegio
1726 2426 1769 2462 de
1789 2426 1855 2461 Vi—

1098 2477 1330 2512 cecomitibus
1365 2476 1406 2511 de
1442 2476 1673 2518 Mediolano,
1710 2477 1771 2524 qui
1800 2477 1853 2524 gi-

1067 2553 1070 2572 χ
1099 2541 1157 2577 gas
1185 2541 1331 2577 magnus
1355 2528 1390 2562 &
1418 2526 1515 2563 ferox
1541 2528 1714 2563 crudelem
1736 2537 1854 2584 tyrann

1750 2590 1807 2617 nl·
