2216 3105
247 210 300 249 41

189 254 293 290 modo,
321 262 356 285 ut
372 248 589 296 predefignata
608 247 650 289 eft
663 275 671 287 ,
698 246 856 289 τναηῙαέῖε
873 258 946 293 per-
985 247 1008 279 A

184 312 308 336 maneat
334 301 367 334 in
392 299 496 341 vestra
519 298 666 345 potestate
704 297 862 336 habendi,
900 308 946 331 te-

183 350 337 389 tenendi,
377 349 562 396 Ergasteria
597 347 790 390 construendi
810 372 820 387 ‚
857 348 946 381 labo-

184 401 298 440 randi,
326 401 474 446 regendi,
502 398 710 437 meliorandi,
739 397 785 436 &⁴
814 398 847 431 in
874 409 945 443 per—

182 460 310 498 petuum
348 450 544 497 poffidendi.
587 450 728 483 Minime
763 458 866 482 autem
903 447 944 482 ab

186 500 250 547 ipso
275 501 466 543 Monasterio
489 499 693 544 subtrahendi
718 498 773 533 vel
798 498 946 532 alienan-

185 551 220 585 di
248 551 280 585 in
318 552 417 586 aliam
450 560 596 597 partem,
626 549 685 594 sed
711 550 755 584 ad
784 548 945 592 salvatio—

187 615 255 635 nem
292 602 334 634 &
369 601 540 636 utilitatem
577 599 714 645 ejusdem
755 599 945 639 Monaflerii

187 651 219 685 in
253 662 434 698 perpetuum
465 650 690 698 permanendi.
730 652 945 684 Verumtamen

180 701 337 744 statutum
363 701 405 744 est
432 702 514 735 inter
540 714 593 735 nos
619 699 667 738 ἔφ’
692 713 775 739 vos,
803 699 850 738 &⁴
874 711 947 746 pre—

187 752 380 787 nomt'natum
420 755 577 787 Damnum
622 752 836 788 Karimanum
871 751 948 785 ,Ab-

186 801 311 843 basem,
339 813 375 837 ut
402 802 469 850 ipsa
495 803 609 842 Scala,
643 816 701 849 que
727 801 845 836 dicitur
870 803 949 835 Sca-

188 853 222 886 la
249 852 349 897 major
365 877 373 891 ,
410 866 502 900 quam
528 854 572 888 ad
598 853 731 895 nostrum
758 852 845 896 usum
873 851 948 885 reti-

189 902 334 942 nuimus,
357 905 475 949 semper
500 902 616 938 habeat
641 902 797 948 afiensum
824 903 868 936 &
893 903 949 935 de-

183 953 342 998 scensum,
373 954 442 996 sine
468 953 570 994 vestra
598 954 640 987 (9⁶
669 951 864 998 succeffbrum
892 966 949 986 ve-

183 1003 317 1046 strorum
344 1003 604 1038 contradic‘lione.
644 1005 731 1038 Unde
764 1003 950 1049 promitten-

191 1063 237 1087 tes
260 1054 472 1100 promittimus
488 1077 496 1090 ‚
533 1063 568 1086 ut
596 1056 682 1086 nullo
709 1067 845 1099 unquam
872 1063 949 1086 tem-

187 1114 261 1151 pore
299 1114 403 1138 contra
441 1103 594 1150 presentis
629 1103 797 1137 oblationis
832 1105 951 1137 Cartu-

191 1154 277 1192 lam,
305 1168 398 1200 quam
424 1155 499 1188 bono
519 1153 651 1197 fecimus
674 1154 799 1192 animo,
828 1153 870 1186 ire
896 1154 951 1186 de-

192 1205 337 1243 beamus,
367 1218 418 1237 nec
442 1215 497 1249 per
523 1203 739 1249 nosmetipsos,
779 1215 873 1249 neque
895 1213 952 1249 per

192 1253 306 1295 nostros
335 1252 510 1298 successores
536 1262 593 1287 aut
618 1253 768 1291 heredes,
805 1253 881 1299 quia
918 1253 950 1286 in

192 1303 317 1350 legibus
342 1315 465 1338 cautum
492 1313 585 1350 atque
618 1312 792 1350 preceptum
819 1302 880 1344 est,
917 1313 952 1336 ut

192 1354 229 1388 id
269 1356 351 1401 quod
385 1354 481 1399 semel
515 1355 649 1393 datum,
685 1353 739 1386 vel
779 1353 950 1390 donatum,

193 1414 251 1440 aut
277 1406 414 1440 oblatum
444 1405 566 1449 suerit,
603 1404 690 1438 nullo
716 1404 803 1436 modo
832 1416 952 1436 revoce-

193 1465 265 1490 tur.
305 1459 369 1489 Hec
395 1456 498 1490 omnia
525 1455 683 1499 observari
710 1454 755 1491 ej*
783 1453 953 1499 adimpleri

188 1505 420 1553 promittimus.
448 1508 496 1540 Et
521 1518 604 1545 vos,
641 1508 762 1540 Domne
795 1503 952 1550 prenomi-

193 1567 267 1591 nate
303 1557 478 1592 Karimane
504 1557 644 1596 Abba,
682 1553 728 1592 &³
754 1554 851 1597 vestri
879 1554 952 1599 suc-

193 1605 314 1652 ceffores
341 1607 500 1651 observare
534 1606 674 1642 debeatis
703 1605 737 1639 in
769 1615 951 1651 perpetuum

194 1657 266 1696 boc,
303 1658 383 1703 quod
410 1657 490 1691 inter
517 1670 570 1690 nos
598 1657 755 1699 statutum
781 1656 927 1690 habemus
943 1680 951 1691 ‚

196 1716 233 1740 ut
253 1706 351 1752 supra
377 1707 493 1752 legitur
512 1708 551 1741 de
574 1708 697 1752 prefata
717 1706 830 1740 scala.
858 1708 952 1751 ‚Quod

191 1755 223 1797 fi
249 1768 422 1802 quoeunque
453 1766 583 1801 tempore
619 1766 724 1790 contra
759 1755 837 1789 hanc
863 1752 952 1790 obia-

196 1806 292 1840 tionis
319 1806 484 1840 Cartulam
512 1806 557 1840 ire
583 1805 861 1852 temptaverimus,
897 1816 954 1840 aut

197 1856 324 1902 aliquid
351 1855 423 1890 inde
442 1856 625 1901 subtrahere
643 1857 698 1891 vel
723 1855 860 1890 minuere
883 1867 947 1902 pre·

190 1906 434 1953 sumpserimus,
471 1907 526 1941 vel
561 1907 690 1954 aliquod
725 1916 804 1940 retro
839 1907 953 1940 donum

197 1967 253 1992 aut
285 1957 425 1990 meritum
451 1957 525 1991 inde
552 1957 802 2004 inquisierimus,
830 1970 883 1991 nec
902 1970 953 1990 nos

198 2006 359 2050 observare
375 2034 383 2050 ,
411 2017 447 2042 ut
471 2006 593 2042 elifium
621 2007 681 2050 est,
708 2008 747 2041 de
768 2006 839 2052 jam
865 2006 954 2041 dieta

198 2058 314 2096 scala,
344 2070 415 2092 tune
442 2071 499 2092 non
522 2057 626 2101 solum
654 2068 773 2092 reatum
800 2057 954 2092 mendacii

199 2107 390 2142 incurramus
412 2132 423 2148 ,
467 2110 578 2142 verum
617 2107 712 2143 etiam
754 2108 953 2154 prestitutum

193 2156 313 2202 solvere
341 2158 551 2204 promittimus
577 2172 643 2193 cum
671 2158 780 2201 nostrIs
810 2156 954 2203 successo-

200 2206 288 2242 ribus
313 2218 369 2241 aut
396 2208 558 2242 heredibus
585 2209 619 2243 in
640 2208 850 2255 suprascripto
877 2211 954 2242 Mo-

195 2257 330 2298 „asterio
350 2257 462 2292 saneti
481 2259 629 2305 Georgii,
658 2260 701 2293 (9-
721 2259 858 2305 predi'c‘lo
877 2258 955 2294 Ab-

199 2307 269 2342 bati
296 2307 473 2342 Karimano
501 2307 547 2347 ,ἵν’
570 2307 782 2355 [ωσσεῙῙξινίόω
808 2309 876 2355 ejus
897 2323 957 2343 au-

198 2358 229 2393 ri
256 2357 372 2393 Libras
400 2359 525 2392 decem.
561 2361 608 2394 Et
635 2362 686 2395 hec
719 2360 840 2407 presens
867 2359 956 2395 obla-

197 2408 244 2443 tio
271 2408 313 2441 (9¹
337 2408 487 2454 allegatio
522 2410 652 2444 cartule
687 2410 883 2457 infrascripto
909 2424 955 2444 or-

200 2458 276 2494 dine
310 2472 347 2493 ex
381 2469 511 2504 utraque
547 2470 640 2507 parte
678 2460 711 2496 in
745 2461 807 2507 sua
837 2461 958 2508 semper

198 2519 325 2546 maneat
343 2507 527 2555 firmitate.

579 189 622 230 D
636 186 946 229 “SSERTATJJ'O
993 184 1427 228 δἘΧΓΑΒῙΞΟΙΜΑ.Ι

1702 199 1756 237 42

1109 248 1216 290 Quam
1252 244 1384 288 scribere
1428 242 1609 287 rogavimus
1651 243 1819 276 Andream

1058 295 1269 329 Presbiterum
1292 292 1544 333 Marinacensem
1564 292 1753 330 Notarium,
1776 292 1820 324 Θ·

1060 343 1174 379 sanfli
1189 343 1352 388 johannis
1378 341 1545 389 Baptistae
1564 342 1759 378 Pkbanum,
1785 341 1820 374 in

1061 394 1171 438 Mense
1199 396 1240 428 (⁷9¹
1272 393 1445 428 Indiflione
1476 390 1690 438 suprascripta
1727 391 1820 425 XIII.

1111 447 1182 489 Ego
1211 444 1328 479 Vitatis
1355 444 1485 478 Faletro
1512 442 1577 477 Dei
1591 440 1704 488 gratia?
1723 443 1820 483 Dux,

1113 498 1183 541 Ego
1201 496 1367 540 johannes
1393 493 1559 527 Baduario
1576 492 1709 536 Judex.

1113 549 1184 592 Ego
1211 545 1396 580 Baduarius
1421 542 1529 579 ,Aurio
1546 545 1577 586 J
1579 543 1659 576 udex
1674 568 1684 577 .

1114 599 1184 641 Ego
1212 596 1378 631 Heinricus
1404 596 1593 629 Mauroceno
1611 595 1641 636 J
1644 594 1744 628 udex.

1115 649 1185 693 Ego
1203 647 1365 691 johannes
1395 644 1570 679 Gradonico
1587 644 1718 688 Judex.

1114 700 1186 742 Ego
1214 700 1245 731 V
1245 697 1333 731 ztalis
1359 695 1529 731 Adoaldo.

1115 750 1188 794 Ego
1213 748 1320 782 Auno
1347 746 1534 788 Balea'etlo.

1115 800 1186 844 Ego
1213 796 1417 844 Berengerius
1428 821 1519 831 .....

1115 851 1188 893 Ego
1215 851 1373 882 Cornuino
1402 844 1607 882 DaMulinoa

1116 902 1187 945 Ego
1213 899 1390 945 Stephanus
1414 896 1576 943 Lugareffi
1585 921 1595 931 .

1117 953 1187 995 Ego
1214 949 1375 993 Bonfilius
1402 952 1504 993 Pepo.

1118 1003 1188 1044 Ego
1215 1000 1381 1044 johannes
1406 1000 1446 1032 de
1471 998 1619 1033 Arbore.

1118 1054 1188 1096 Ego
1215 1050 1416 1092 sebastianus
1443 1047 1645 1083 Caucanino.

1117 1104 1187 1146 Ego
1216 1101 1397 1135 Dominicus
1422 1099 1544 1135 Paulo.

1118 1153 1188 1196 Ego
1215 1153 1347 1184 Marcus
1373 1147 1569 1195 Maripetri.

1117 1204 1188 1247 Ego
1206 1201 1371 1245 Johannes
1398 1197 1573 1246 Rapedollo
1588 1223 1597 1232 .

1118 1254 1189 1297 Ego
1206 1251 1372 1295 johannes
1399 1249 1548 1284 Greculo.

1117 1304 1187 1346 Ego
1216 1301 1398 1335 Dominieus
1425 1299 1507 1344 Roso
1525 1324 1533 1333 .

1116 1354 1187 1397 Ego
1215 1351 1378 1385 Fiolarius
1406 1348 1644 1385 Flabianibus.

1116 1404 1188 1446 Ego
1216 1404 1326 1434 Petrus
1353 1400 1515 1435 Baduario
1541 1400 1577 1433 de
1603 1397 1757 1445 Spinale.

1117 1453 1188 1496 Ego
1216 1450 1398 1484 Dominicus
1425 1449 1571 1490 Basilio.

1118 1504 1188 1547 Ego
1215 1503 1327 1534 Petrus
1353 1499 1514 1534 Cerbano.

1118 1555 1190 1598 Ego
1208 1552 1375 1595 johannes
1403 1550 1548 1584 Miliano
1562 1575 1572 1584 .

1119 1605 1190 1648 Ego
1217 1605 1329 1636 Petrus
1356 1604 1498 1636 Mauro.

1119 1655 1190 1698 Ego
1217 1653 1382 1687 Baduario
1409 1651 1624 1697 Bragadeno.

1119 1706 1190 1749 Ego
1216 1702 1419 1744 Sebastianus
1446 1701 1597 1736 Cornario
1613 1726 1623 1735 .

1119 1756 1190 1800 Ego
1217 1752 1357 1797 Bonfilio
1378 1753 1523 1787 Rolano.

1119 1806 1191 1851 Ego
1208 1804 1375 1849 johannes
1401 1802 1586 1850 Sgaldatrio
1602 1827 1611 1836 .

1119 1857 1191 1901 Ego
1217 1853 1400 1889 Dominicus
1421 1856 1460 1887 de
1486 1851 1625 1887 Canali.

1120 1908 1191 1951 Ego
1217 1904 1394 1950 Stephanus
1422 1905 1540 1937 Mauro
1556 1927 1566 1937 .

1121 1958 1191 2001 Ego
1208 1957 1376 1999 Johannes
1401 1954 1575 1988 Pantaleo.

1120 2009 1192 2051 Ego
1218 2003 1361 2039 Tribuno
1386 2008 1526 2048 Carozo.

1122 2059 1192 2102 Ego
1220 2054 1402 2090 Dominicus
1428 2054 1593 2089 Zuliano.

1123 2109 1194 2152 Ego
1222 2105 1404 2141 Dominicus
1432 2103 1600 2138 Michael-

1123 2159 1194 2202 Ego
1220 2154 1407 2196 Ambrosius
1425 2154 1540 2199 Juflo.

1123 2209 1196 2253 Ego
1213 2208 1378 2251 Johannes
1406 2202 1604 2250 Navigajoso
1619 2230 1629 2240 .

1125 2260 1197 2303 Ego
1224 2256 1354 2300 Fuscari
1381 2255 1569 2296 Fuscarini.

1125 2310 1197 2354 Ego
1214 2310 1360 2352 Joannes
1387 2305 1539 2348 Fuscari.

1125 2360 1196 2404 Ego
1224 2357 1406 2392 Dominicus
1432 2359 1457 2389 S
1458 2354 1639 2402 uperantio.

1125 2411 1197 2454 Ego
1224 2411 1334 2442 Petrus
1361 2405 1555 2441 Contareni.

1126 2461 1197 2503 Ego
1224 2462 1335 2492 Petrus
1363 2457 1527 2492 Galbani.

1126 2510 1198 2556 Ego
1223 2509 1400 2556 Stephanus
1426 2505 1525 2542 Ciani
1533 2533 1543 2542 ι,
