2216 3105
229 223 285 277 ³57
559 217 925 261 DISSERTATIO
955 213 1059 260 SEX
1063 215 1369 259 TADECIMA
1385 225 1397 259 .’
1675 221 1727 274 58

219 277 322 324 Quod
360 277 506 321 mirere,
534 276 646 313 immo
683 277 745 313 vix
781 278 920 322 credas,
960 277 993 311 A
1029 289 1098 312 non
1136 276 1276 312 aliunde
1312 276 1519 322 importatas
1554 275 1663 320 oriri,
1698 290 1786 324 quae

164 329 275 363 Anno
302 329 543 365 MCCCXXI.
571 328 608 363 in
636 328 754 364 Gallia
782 328 920 364 teterri-

166 389 257 412 mam
302 377 580 426 conjurationem
628 379 737 414 iniere
778 378 920 426 Leprofi

168 440 246 462 curn
284 428 440 471 Iudaeis,
469 438 507 464 ut
543 429 697 465 immisso
733 429 769 464 in
801 438 922 474 puteos

167 479 201 513 &
229 477 342 513 fontes
373 492 528 523 veneno,
556 493 675 515 omnes
705 479 921 515 Christianos

168 537 228 564 aut
264 530 358 577 lepra
395 529 598 574 inficerent,
630 539 690 566 aut
727 530 768 565 de
806 530 922 565 medio

169 580 353 614 tollerent.
377 582 462 614 Rem
485 590 599 616 narrat
620 580 811 616 Bernardus
833 579 922 615 Gui-

168 629 270 664 donis
298 629 333 664 in
364 631 448 666 Vita
474 631 640 674 Johannis
669 633 778 679 Papae
808 632 922 666 XXII.

169 681 245 714 Par.
274 681 318 715 ΙΙ.
348 682 454 715 Tom.
483 683 546 716 111.
577 684 653 717 Rer.
687 681 800 717 Italic.
832 684 921 716 Nar-

167 738 246 765 rant
273 731 306 764 &
335 731 417 767 alii.
455 733 572 777 Quare
608 732 714 768 multi
742 746 785 767 ex
821 731 866 767 iis
893 731 924 766 i-

170 779 232 828 gni
260 780 382 816 traditi
410 781 524 817 fuere:
554 782 682 830 reliqui
714 783 747 817 in
776 782 923 829 Leprosa-

170 831 229 865 riis
257 831 443 867 collocati.
481 833 577 878 Quid
614 836 698 869 verb
735 833 827 868 inter
854 835 924 867 Oc-

172 880 321 917 cidentis
360 883 511 930 Populos
548 885 699 932 Lepram
736 883 823 919 olim
853 892 923 918 tam

171 932 276 979 longe
317 933 455 980 lateque
496 934 748 978 diffeminarit,
787 947 825 969 ac
866 933 925 968 diu

172 981 405 1026 inmiti-ierit,
442 983 462 1018 [i
501 985 736 1030 conje&uram
776 984 926 1032 proferre

173 1031 282 1073 licet,
303 1032 392 1067 illud
417 1033 506 1068 mihi
531 1034 629 1070 fuiffe
655 1035 813 1073 videtur,
834 1034 925 1081 quod

175 1080 365 1117 Christiani
401 1084 552 1128 Europei
583 1085 619 1119 in
648 1085 830 1120 Orientem
862 1087 927 1118 Re-

175 1130 321 1178 ligionis
359 1142 418 1168 aut
460 1145 671 1170 mercaturae
713 1135 826 1170 caussa
862 1134 959 1170 fre-¹

175 1190 320 1228 quentes
358 1182 588 1230 navigabant,
617 1187 818 1227 Sepulcrum
857 1187 930 1219 Do-

176 1230 266 1265 mini
294 1230 488 1276 vifitaturi,
518 1244 576 1268 aut
614 1248 742 1270 merces
775 1248 931 1270 commu-

177 1280 307 1319 taturi,
336 1291 440 1329 atque
472 1282 551 1318 inde
583 1285 737 1319 aveciuri
777 1296 931 1320 aromata

179 1331 362 1379 praecipue
387 1346 428 1367 ex
452 1335 636 1381 Aegypto.
658 1335 730 1370 Sibi
755 1338 837 1370 vero
863 1348 930 1369 non

180 1394 304 1416 cavens
341 1384 464 1431 vulgus
492 1385 510 1418 a
539 1384 695 1433 Leprolis
733 1398 850 1420 eorum
881 1386 933 1419 lo-

181 1444 324 1474 corum,
352 1432 462 1468 secum
496 1434 532 1469 in
571 1437 737 1476 Italiam,
766 1446 869 1483 atque
898 1435 933 1470 in

182 1482 267 1517 alias
295 1483 499 1520 Occidentis
535 1499 610 1521 oras
641 1488 800 1522 morbum
839 1499 935 1521 eum-

182 1532 260 1567 dem
303 1534 542 1572 convehebat.
585 1540 714 1572 Verum
759 1537 935 1585 postquam

183 1584 418 1631 peregrinatio
435 1586 495 1620 illa
518 1588 534 1621 a
552 1587 683 1623 duobus
700 1588 852 1624 Saeculis
869 1586 938 1622 ces-

183 1632 296 1672 savit,
324 1636 357 1669 8<
387 1647 540 1672 aromata
568 1651 671 1686 pauca
702 1652 743 1673 ex
774 1640 939 1686 Aegypto

186 1692 373 1731 petuntur,
395 1686 529 1721 sublato
555 1701 632 1723 curn
661 1688 818 1735 Leprofis
844 1701 940 1722 com-

188 1733 340 1773 mercio,
370 1736 507 1780 Leprofi
537 1751 675 1785 quoque
705 1739 740 1773 in
768 1738 942 1773 Occiden-

189 1791 224 1818 te
253 1783 318 1818 rari
348 1785 411 1818 effe
440 1798 647 1833 coeperunt,
669 1787 705 1823 ὃς
735 1801 839 1835 paene
867 1788 941 1822 dixi

191 1832 281 1868 nulli
311 1835 397 1882 apud
425 1849 485 1871 nos
514 1838 546 1872 ie
571 1837 730 1873 visendos
756 1838 943 1873 exhibent.

192 1884 297 1929 Quod
324 1885 462 1931 quidem
494 1901 669 1936 nunquam
696 1903 714 1924 a
744 1888 944 1936 regionibus

194 1933 314 1969 nostris
351 1936 487 1977 abfuit,
516 1936 553 1973 &
593 1952 770 1987 nunquam
809 1938 948 1974 abfutu-

193 1998 270 2020 rum
313 1986 542 2035 unusquisque
585 1991 714 2033 novit,
753 1989 944 2036 periculum

196 2034 239 2069 est
260 2036 510 2073 contrahendae
536 2039 774 2075 Pestilentiae.
796 2040 946 2085 Quoties

195 2085 350 2121 terribile
379 2087 463 2123 istud
493 2091 622 2125 malum
656 2091 807 2139 Populos
837 2093 948 2126 Euro·
986 2084 1011 2116 E

197 2148 276 2181 peos
316 2138 569 2186 exagitaverit,
611 2153 649 2176 ac
691 2151 833 2176 centena
877 2140 947 2185 ipsa

195 2185 378 2221 hominum
408 2189 520 2223 millia
551 2190 742 2234 sustulerit,
767 2190 948 2240 praecipue

196 2238 306 2271 Anno
347 2240 658 2276 MCCCXLVIH.
699 2255 740 2276 ne
787 2242 947 2288 propiora

196 2295 354 2325 temoora
392 2301 601 2329 memorem,
639 2291 791 2327 Historia
830 2291 947 2340 paffim

197 2337 334 2384 prodit.
374 2340 504 2374 Verum
532 2339 554 2374 fi
583 2354 652 2375 rem
682 2351 839 2378 accurate
868 2355 950 2386 pen—

198 2385 330 2428 semus,
359 2389 410 2423 uti
450 2390 518 2436 jam
556 2391 676 2427 monui
714 2391 752 2427 in
779 2392 949 2428 'fraecatu

198 2438 236 2472 de
263 2438 423 2483 Regimin.
451 2440 673 2485 Pestilentiae,
698 2443 883 2478 concordes
911 2456 950 2478 u—

200 2500 284 2523 num
320 2488 524 2530 statuemus,
552 2490 719 2527 videlicet
747 2493 836 2540 poffe
873 2493 953 2540 qui-

200 2536 279 2577 dem
304 2538 343 2576 in
369 2542 509 2591 Europa
535 2541 732 2579 Christiana
764 2543 952 2592 epidernias

1031 326 1193 362 contagia
1236 334 1493 374 propagentur,
1531 326 1565 360 ὃ(
1608 325 1785 362 funeribus

1030 377 1202 425 impleant
1230 377 1361 412 Urbes:
1390 388 1508 411 veram
1536 384 1653 411 tamen
1682 376 1786 411 Pesti-

1030 427 1177 463 lentiam
1198 439 1390 475 numquam
1411 425 1500 473 apud
1525 439 1588 461 nos
1609 425 1785 470 futuram,

979 494 984 498 ·
1031 477 1093 513 nisi
1122 491 1163 513 ex
1189 479 1385 513 Turcarum
1413 476 1550 511 ditione
1575 477 1616 511 ad
1641 489 1703 511 nos
1728 477 1787 512 de-

1036 527 1200 564 vehatur.
1227 527 1448 576 Aegyptiaca
1474 525 1674 574 praesertim
1703 528 1787 561 Pro-

1032 578 1150 614 vincia
1171 579 1391 614 teterrimum
1412 577 1503 612 hunc
1523 577 1682 613 morbum
1700 576 1788 612 sem-

1033 643 1092 677 per
1120 629 1205 672 alit,
1233 630 1266 664 8<
1296 628 1331 664 in
1360 628 1511 676 reliquas
1538 627 1685 663 Turcici
1717 629 1788 662 Irn-

1035 679 1122 727 perii
1151 680 1267 727 plagas
1294 677 1482 717 diffundit,
1510 690 1617 724 quum
1655 687 1791 713 tantam

1035 732 1126 765 luem
1167 731 1320 778 Populus
1351 729 1436 772 ille,
1464 727 1564 763 stulta
1591 727 1655 763 fati
1692 727 1790 763 inde-

1037 780 1214 816 clinabilis
1259 779 1429 828 opinione
1474 777 1631 814 seduetus
1648 806 1657 822 ‚
1699 777 1790 813 nihil

1038 830 1218 866 arcendam
1245 838 1360 866 curet.
1387 829 1471 864 Inde
1491 842 1572 877 ergo
1593 828 1694 864 nobis
1716 842 1792 877 per—

1039 891 1143 929 petuo
1171 881 1387 916 timendum.
1425 879 1624 915 Pestilentia
1660 879 1793 915 carebi-

1040 945 1135 971 mus,
1164 931 1186 966 fi
1223 932 1265 966 ab
1301 932 1367 974 iis,
1396 943 1585 977 eorumque
1621 930 1792 965 mercibus

1039 982 1228 1030 diligenter
1249 982 1470 1017 cavebimus.
1491 979 1656 1016 Diversus
1677 990 1794 1015 autem

1041 1046 1059 1067 a
1087 1037 1189 1079 Lepra
1215 1031 1304 1076 fuit,
1333 1034 1422 1079 Ignis
1441 1032 1548 1077 sacer,
1574 1044 1644 1078 quo
1672 1031 1795 1066 morbo

1042 1084 1147 1118 etiam
1178 1096 1236 1130 per
1274 1083 1424 1130 plurima
1461 1083 1582 1117 Secula
1619 1095 1685 1117 una
1716 1094 1795 1116 cum

1044 1133 1122 1168 aliis
1150 1133 1426 1168 Christianorum
1467 1132 1666 1167 Provinciis
1698 1132 1796 1167 labo-

1044 1185 1135 1218 ravit
1165 1184 1286 1218 Italia.
1324 1184 1408 1230 Ejus
1435 1182 1684 1230 antiquitatem
1714 1195 1796 1217 con-

1045 1234 1185 1269 firmant
1206 1233 1319 1268 versus
1339 1233 1522 1272 Lucretii,
1544 1232 1719 1281 Vergilii,
1740 1234 1798 1267 Se-

1046 1297 1147 1319 necae
1174 1284 1373 1332 Tragoedi,
1402 1298 1468 1332 qua
1496 1283 1537 1318 de
1564 1297 1599 1318 re
1635 1283 1800 1331 legendus

1046 1334 1268 1369 Mercurialis
1306 1335 1387 1370 Lib.
1414 1348 1448 1380 4.
1477 1336 1563 1382 Cap.
1599 1346 1633 1381 9.
1662 1332 1798 1368 Variar.

1046 1384 1208 1419 Lefiiion.
1237 1394 1274 1419 ut
1299 1385 1386 1419 alios
1412 1395 1642 1432 praeteream.
1673 1382 1799 1419 Neces-

1046 1435 1077 1468 se
1105 1434 1148 1468 est
1176 1435 1279 1481 longe
1316 1436 1453 1481 lateque
1482 1435 1570 1470 olim
1607 1434 1799 1469 excurrerit

1046 1484 1105 1519 ista
1131 1497 1269 1531 quoque
1294 1484 1459 1519 immanis
1486 1485 1689 1532 aegritud03
1719 1497 1799 1519 nam

1046 1549 1153 1582 quum
1184 1535 1342 1570 Viennae
1371 1535 1406 1569 in
1436 1536 1553 1570 Gallia
1587 1533 1801 1570 Narbonenfi

1048 1586 1190 1632 quidam
1222 1585 1271 1632 pii
1300 1585 1460 1620 homines
1493 1585 1616 1620 Seculo
1647 1587 1724 1619 XII.
1760 1584 1800 1619 ad

1048 1635 1217 1684 ejusmodi
1247 1646 1405 1683 aegrotos
1442 1635 1658 1682 recipiendos
1690 1633 1802 1670 Noso-

1049 1686 1203 1721 comium
1242 1686 1302 1721 sub
1330 1686 1474 1721 nomine
1502 1684 1619 1720 Sanffi
1649 1685 1803 1720 Antonii

1050 1737 1201 1772 Abbatis
1237 1736 1487 1779 instituissent,
1525 1736 1640 1783 eisque
1677 1734 1804 1783 insigni

1049 1786 1208 1823 Caritate
1244 1787 1529 1834 opitularentur,
1567 1785 1683 1821 senfim
1722 1785 1805 1821 reli-

1050 1836 1165 1887 giosus
1193 1838 1289 1872 Ordo
1320 1837 1544 1872 Antonianus
1572 1835 1748 1875 invaluit,
1776 1836 1808 1871 i·-

1050 1898 1126 1923 taut
1166 1887 1202 1923 in
1242 1887 1416 1934 plerasque
1452 1888 1618 1929 Galliae,
1656 1886 1805 1930 Italiae,

1052 1949 1155 1985 atque
1183 1937 1332 1972 aliorum
1365 1940 1564 1985 Regnorum
1594 1938 1705 1972 Urbes
1733 1937 1806 1984 eju-

1053 1988 1163 2023 smodi
1185 1988 1380 2023 institutum
1404 1988 1657 2035 pertransierit,
1674 1989 1706 2022 8<
1725 2000 1807 2022 con—

1054 2039 1147 2074 ditae
1168 2038 1297 2073 fuerint
1319 2037 1492 2074 Caritatis
1513 2037 1732 2074 Christianae
1754 2051 1808 2072 ae-

1054 2089 1111 2124 des
1137 2089 1173 2124 in
1200 2088 1352 2124 solamen
1379 2091 1462 2137 Igne
1487 2091 1590 2124 Sacro
1615 2088 1810 2123 tassorum.

1057 2138 1189 2174 Visitur
1226 2139 1334 2174 adhuc
1373 2139 1591 2178 Mediolani,
1620 2138 1741 2173 visitur
1776 2139 1810 2173 ὃ(

1057 2189 1258 2231 Bononiae,
1275 2191 1308 2224 8<
1332 2190 1493 2224 Mutinae
1515 2190 1705 2237 Templum
1729 2191 1812 2223 San-

1057 2240 1105 2275 ξὶί
1139 2239 1311 2282 Antonii,
1339 2239 1452 2275 eidem
1476 2240 1564 2275 olim
1594 2238 1735 2288 pietatis
1762 2238 1815 2274 of—

1059 2290 1142 2325 ficio
1170 2290 1400 2336 destinatum;
1431 2289 1591 2325 visuntur
1620 2291 1653 2325 ὃ(
1682 2289 1750 2324 alia
1778 2302 1814 2323 a—

1060 2341 1146 2376 libi.
1185 2343 1363 2375 Praeterea
1401 2340 1520 2375 nostris
1550 2353 1689 2388 quoque
1726 2348 1813 2373 tem-

1060 2391 1201 2439 poribus
1230 2391 1326 2433 viget
1362 2392 1450 2437 apud
1480 2392 1587 2426 Italos
1625 2403 1693 2425 non
1723 2402 1816 2424 mor-

1062 2442 1123 2476 bus
1160 2441 1323 2488 quidem,
1353 2439 1406 2476 sed
1445 2440 1557 2476 morbi
1596 2451 1746 2487 nomen3
1774 2452 1814 2473 o-

1063 2491 1236 2526 minantes
1275 2491 1369 2526 enim
1409 2491 1515 2526 alicui
1553 2490 1709 2527 terribile
1742 2501 1816 2523 man

1065 2542 1160 2582 lum,
1184 2541 1222 2577 in
1249 2554 1329 2578 eum
1356 2541 1582 2594 deprecantur
1608 2542 1634 2576 il
1658 2542 1758 2574 Fuoco
1780 2538 1817 2573 di

1674 2592 1774 2623 Samo
