2216 3105
426 204 507 247 527

733 192 1167 238 BENVENUTI
1212 196 1619 241 IMOLENSIS

1846 206 1926 256 528

365 244 506 283 Civitas
546 248 690 298 antiqua
730 250 769 286 in
811 253 952 302 Riperia
992 258 1120 298 Januae
1160 256 1190 290 A
1233 255 1432 293 smantovae
1459 257 1600 293 videtur
1630 256 1752 293 habere
1781 256 1984 294 similitudi—

366 296 464 344 supra
494 312 608 344 mare,
636 300 788 348 subje&a
813 305 929 340 monti
954 305 1122 342 altiffimo

366 344 549 401 scabroso,
586 350 626 385 ad
663 365 765 400 quam
795 354 840 389 est
866 355 1120 392 difficillimum

367 406 461 443 iter,
499 410 538 435 ut
576 402 662 437 Noli
694 403 855 440 videatur
890 406 982 442 τεξὶε
1008 407 1122 443 dicere

365 446 619 487 descendenti:
665 454 744 487 Noli
782 459 824 490 ad
866 470 912 490 me
951 464 1117 493 accedere.

365 499 469 544 Quafi
507 500 602 537 dicat
639 504 744 539 Poe'ta
780 506 912 542 tacite:
952 509 1027 556 Ego
1063 507 1121 543 de-

366 549 482 586 scendi
525 564 603 587 cum
647 554 789 601 pedibus
827 555 932 603 usque
968 557 1005 592 in
1042 572 1121 606 pro-

365 599 509 636 fundum
536 601 664 647 ahyffi,
693 603 747 639 sed
776 604 842 640 huc
869 619 939 642 non
964 617 1117 653 poteram

366 649 544 686 ascendere
585 651 654 688 fine
690 653 779 693 alis,
818 655 899 702 quia
936 657 1119 694 difficilius

367 700 410 734 est
447 700 625 737 ascendere
665 716 768 750 quam
812 705 1039 753 descendere,
1081 718 1120 744 ut

365 749 500 785 dicetur
527 750 636 788 infra.
665 755 712 788 Et
738 754 847 791 dicit:

416 801 559 843 Montafi
579 802 619 847 su
645 804 940 848 Bismantova.—-
958 830 973 835 -
989 830 1004 836 -·

364 853 411 886 Et
438 851 515 887 heic
542 862 683 901 oportet
710 854 815 900 scire,
843 858 936 905 quod
961 859 1118 895 Bisman—

364 911 448 937 tova
477 902 520 938 est
550 913 643 949 petra
665 917 851 943 montanea
879 909 915 944 in
938 910 1118 946 montibus

365 952 490 1001 Regii,
517 962 593 989 tota
621 956 719 991 saxea
741 957 845 1002 viva,
874 959 1059 1000 altiffima,
1087 961 1118 996 i—

362 1012 398 1038 ta
434 1003 527 1051 quod
565 1004 700 1054 superat
735 1021 855 1045 omnes
893 1011 999 1046 colles
1027 1011 1117 1047 vici-

361 1066 445 1089 nos.
482 1056 528 1090 Et
555 1054 660 1092 habet
687 1071 789 1094 unam
819 1059 927 1095 solam
956 1061 1050 1097 viam
1079 1062 1115 1097 in

363 1104 512 1140 circuitu
530 1130 540 1145 ‚
577 1120 682 1154 quam
719 1110 820 1156 pauci
849 1110 1072 1148 defenderent
1099 1126 1117 1148 a

362 1165 440 1191 toto
470 1156 619 1193 mundo.
650 1157 689 1195 In
719 1160 815 1207 cujus
844 1160 1046 1198 summitate
1073 1163 1117 1199 cst

361 1206 552 1253 planicies,
590 1221 677 1256 quae
713 1212 866 1256 colitur,
904 1214 1042 1260 quando
1073 1213 1117 1250 est

361 1268 596 1304 opportunum
619 1286 627 1294 .
665 1262 713 1295 Et
749 1262 825 1297 loca
863 1263 1117 1300 circumvicina

360 1307 439 1343 sunt
466 1307 627 1346 silvestria
655 1311 688 1345 &
717 1311 851 1360 aspera.
888 1315 989 1350 Unde
1016 1315 1117 1351 inha-

362 1357 515 1394 bitantes
544 1360 580 1396 in
610 1361 713 1409 plano
742 1363 909 1407 inferius,
938 1365 1117 1414 refugiunt

361 1407 401 1443 ad
429 1409 528 1445 istum
557 1412 675 1447 locum
712 1413 922 1450 tutiffirnum
960 1425 1115 1464 tempore

361 1459 466 1495 belli.
497 1461 644 1497 Accidit
664 1472 803 1508 autem,
824 1466 916 1511 quod
939 1475 1115 1513 tempore.

361 1523 430 1557 quo
459 1511 633 1547 Henricus
662 1513 724 1549 VI.
753 1514 853 1549 venit
880 1515 916 1550 in
945 1517 1117 1552 Lombar-

362 1560 454 1595 diam
476 1588 486 1604 ,
527 1575 635 1609 quum
672 1563 838 1599 Gibertus
877 1565 917 1600 de
954 1566 1117 1615 Corrigia

362 1611 537 1647 Dominus
560 1614 701 1648 Parmae
722 1615 936 1651 convenisset
957 1630 1035 1652 cum
1054 1631 1095 1652 eo
1109 1645 1116 1659 ,

361 1674 463 1709 quem
494 1672 610 1698 tamen
639 1663 750 1711 postea
787 1664 964 1711 deseruit,
1003 1668 1117 1703 Nobi-

361 1712 409 1747 les
440 1712 566 1760 Regini
603 1715 755 1750 multum
784 1716 950 1751 timentes
987 1716 1047 1752 fibi
1076 1719 1118 1753 ab

362 1763 545 1806 Henrico,
576 1763 879 1808 deliberaverunt,
910 1767 1031 1802 reliffi
1059 1781 1117 1815 pa-

362 1812 449 1851 tria,
471 1812 556 1849 ficut
575 1813 662 1849 olim
693 1815 920 1852 Athenienses
943 1817 1117 1861 fecerunt,

362 1862 521 1899 reducere
549 1863 581 1899 se
609 1864 649 1899 ad
678 1865 809 1901 dietam
848 1877 980 1914 petram
1018 1868 1118 1904 inex-

365 1914 617 1961 pugnabilem.
660 1917 707 1951 Et
748 1916 799 1952 ibi
842 1917 1036 1965 exspe5³mre
1078 1919 1118 1954 ad

365 1974 500 2013 tempus
521 1966 561 2001 ad
583 1965 787 2002 evitandum
816 1967 988 2016 impetum
1014 1969 1120 2005 belli.

367 2015 429 2050 Sed
457 2029 526 2051 non
556 2016 624 2051 fuit
650 2017 858 2065 expediens,
887 2019 968 2066 quia
994 2020 1120 2055 Domi-

367 2079 429 2101 nus
460 2067 626 2103 Gibertus
655 2068 814 2104 recedens
843 2083 860 2105 a
889 2083 1012 2117 campo
1048 2070 1121 2106 Im-

367 2117 535 2164 peratoris
548 2145 557 2162 ‚
577 2117 747 2154 incitavit
764 2120 1001 2156 Bononienses
1013 2148 1022 2162 ‚
1039 2122 1122 2156 Flo-

367 2168 546 2212 rentinos,
583 2167 621 2204 δί
649 2169 737 2204 alios
765 2180 886 2205 contra
913 2170 1038 2207 illum.
1075 2173 1122 2206 E-

367 2227 419 2252 rat
446 2229 563 2254 autem
589 2219 731 2255 Civitas
770 2221 902 2267 Regina
929 2221 967 2257 in
995 2235 1122 2269 magno

370 2270 478 2312 flore,
516 2269 673 2318 frequens
711 2271 940 2307 multitudine
969 2271 1121 2320 Populi,

368 2320 541 2356 abundans
570 2320 692 2356 multis
721 2321 898 2356 nobilibus
928 2322 1121 2357 Domibus.

367 2376 465 2417 Quae
493 2369 530 2404 in
557 2381 629 2406 tam
660 2371 755 2406 brevi
786 2371 882 2406 cursu
911 2372 1054 2408 devenit
1080 2372 1121 2407 acl

367 2431 500 2458 tantam
529 2420 781 2457 desolationem
799 2449 808 2464 ,
838 2421 931 2469 quod
959 2423 1030 2469 ejus
1058 2423 1121 2458 Ci—

366 2487 425 2509 ves
453 2470 531 2505 sunt
557 2470 694 2519 disperii
723 2485 781 2519 per
809 2482 922 2507 totam
952 2473 1092 2508 Italiam
1111 2500 1119 2508 .
1148 2466 1150 2503 ἶ

365 2526 413 2559 Ec
440 2521 518 2558 heic
553 2531 660 2567 nota,
697 2522 789 2570 quod
827 2522 885 2558 hic
922 2536 1023 2559 mons
1059 2523 1120 2560 Bi·

1200 2409 1206 2567 l

1196 1629 1198 1643 ὲ
1227 1616 1333 1651 altior
1348 1643 1357 1652 .

1231 319 1308 343 nem
1347 321 1425 343 curn
1462 310 1589 344 Monte
1631 308 1857 356 Purgatorii;
1902 307 1985 355 quia

1230 357 1275 394 est
1300 357 1483 394 altissimus
1512 372 1636 398 mons,
1673 359 1784 394 elatus
1823 359 1863 393 ad
1899 358 1984 394 fide-

1230 421 1296 452 ra,
1332 408 1561 453 fortiffimus‚
1597 423 1640 445 ex
1677 409 1764 444 vivo
1800 408 1904 453 saxo,
1940 409 1982 444 ad

1231 471 1333 506 quem
1360 472 1430 495 non
1456 459 1672 504 ascenditur,
1700 459 1762 494 nisi
1792 473 1850 507 per
1877 472 1982 495 unam

1233 508 1324 544 viam
1366 510 1594 558 tortuosam3
1635 512 1669 545 ὃ(
1707 510 1743 545 in
1781 509 1983 546 summitate

1231 558 1275 593 est
1301 559 1429 595 fertilis
1447 587 1456 603 ‚
1494 561 1554 595 ubi
1584 561 1690 595 homo
1726 560 1789 596 stat
1816 570 1911 596 tutus
1939 560 1981 596 ab

1231 609 1410 653 hostibus,
1452 609 1787 646 circumsonantibus
1828 610 1982 658 undique

1230 659 1425 707 strepitibus
1454 660 1623 694 bellorum
1642 686 1650 694 .
1679 662 1726 694 Et
1753 660 1835 695 haec
1863 661 1982 696 omnia

1231 709 1388 744 invenies
1424 709 1461 743 in
1499 708 1561 743 isto
1598 711 1725 743 Monte
1762 710 1981 756 Purgatorii‚

1230 759 1251 793 fi
1281 760 1377 794 voles
1414 758 1657 807 perspicaciter
1694 757 1844 794 intueri.
1885 759 1983 793 Unde

1229 809 1335 845 homo
1361 809 1447 845 stans
1475 809 1512 844 in
1550 808 1750 845 summitate
1786 808 1887 857 hujus
1926 822 1982 856 pe-

1228 870 1321 904 trae,
1351 859 1490 895 videtur
1516 859 1635 895 omnia
1663 859 1722 895 sub
1752 859 1893 907 pedibus
1922 860 1982 895 ha-

1229 911 1327 954 bere,
1355 909 1406 945 ita
1433 910 1526 958 quod
1555 920 1644 946 terra
1671 910 1818 946 inferior
1843 910 1981 946 videtur

1226 961 1290 996 effe
1310 960 1468 997 Infernus
1492 960 1635 997 infimus
1659 961 1736 997 illi.
1763 960 1817 996 Ita
1838 960 1893 996 vir
1921 974 1981 1009 po—

1227 1011 1305 1047 firus
1341 1012 1378 1047 in
1406 1011 1608 1047 summitate
1636 1011 1774 1047 Montis
1813 1012 1982 1059 Purgato*

1226 1062 1291 1107 rii,
1320 1062 1403 1098 idest
1429 1062 1466 1097 in
1495 1061 1706 1111 perfeffiione
1734 1061 1901 1105 virtutis,
1927 1061 1982 1096 vi—

1226 1113 1284 1148 det
1320 1112 1499 1148 Infernum
1529 1112 1588 1149 sub
1625 1112 1768 1160 pedibus
1796 1111 1863 1147 suis
1882 1139 1892 1156 ,
1921 1111 1982 1159 qui

1225 1163 1269 1198 est
1295 1164 1392 1199 locus
1421 1162 1610 1211 suppositus
1638 1161 1675 1199 ἃ
1704 1162 1879 1212 oppositus
1907 1161 1982 1198 isti.

1225 1216 1271 1249 Et
1312 1213 1355 1249 fic
1397 1214 1611 1263 propinquus
1648 1214 1747 1249 coelo
1789 1213 1984 1261 speculatur

1226 1266 1295 1300 alta
1322 1263 1360 1300 &
1388 1265 1529 1301 divina.
1557 1267 1650 1313 Ergo
1675 1265 1759 1300 bene
1782 1263 1872 1299 dicit
1899 1263 1982 1297 Poe-

1225 1324 1285 1350 ta:
1316 1315 1460 1356 Montast
1489 1316 1528 1360 su
1565 1316 1797 1359 Bismantova‚
1832 1312 1916 1348 idest
1943 1326 1982 1347 u«

1228 1365 1306 1412 sque
1327 1365 1367 1400 ad
1394 1365 1654 1409 summitatem,
1679 1376 1766 1411 quae
1790 1363 1892 1411 plana
1916 1362 1980 1398 est,

1226 1418 1272 1450 Et
1298 1415 1421 1451 addit:

1276 1486 1448 1492 ------
1475 1480 1491 1500 e
1517 1466 1550 1500 in
1577 1479 1720 1500 camme.

1226 1518 1306 1551 Hoc
1342 1515 1452 1559 dicit,
1489 1515 1570 1563 quia
1607 1515 1644 1551 in
1681 1515 1741 1550 ista
1778 1514 1980 1551 summitate

1225 1566 1269 1601 est
1297 1579 1364 1601 una
1402 1579 1476 1612 pars
1504 1567 1540 1601 in
1568 1575 1726 1601 extremo
1763 1565 1918 1601 eminens
1946 1567 1980 1600 δε

1400 1616 1512 1652 Modo
1550 1618 1628 1651 vult
1668 1616 1781 1651 dicere
1818 1615 1979 1654 Αιῑξὶοτ,

1227 1666 1319 1714 quod
1356 1680 1426 1701 non
1464 1666 1575 1701 solum
1613 1667 1654 1701 ab
1690 1665 1833 1700 homine
1875 1666 1983 1713 potest

1229 1718 1272 1751 iri
1316 1717 1356 1751 ad
1398 1716 1637 1751 summitatem
1681 1715 1783 1764 ipsius
1824 1715 1957 1751 montis
1974 1742 1984 1760 ,

1230 1766 1283 1801 sed
1321 1766 1427 1802 etiam
1465 1766 1506 1801 ad
1543 1779 1708 1802 cacumen
1750 1765 1983 1813 particulare.

1232 1819 1314 1852 Non
1343 1830 1424 1866 ergo
1461 1817 1577 1859 dicas,
1613 1816 1699 1853 ficut
1734 1815 1845 1863 aliqui
1882 1816 1984 1864 igno-

1230 1878 1366 1909 ranter,
1404 1867 1496 1915 quod
1534 1871 1665 1901 Cacume
1704 1866 1744 1902 sit
1771 1867 1860 1901 alius
1887 1867 1984 1901 locus

1229 1918 1408 1953 distinc'lus
1437 1918 1477 1952 ab
1506 1917 1591 1961 isto,
1620 1916 1755 1953 scilicet
1783 1929 1889 1951 unum
1914 1918 1983 1951 Ca-

1229 1968 1362 2003 stellum
1383 1967 1610 2009 altiffimum,
1638 1966 1754 2003 nescio
1779 1966 1860 2002 ubi:
1890 1966 1983 2013 quod

1229 2028 1343 2054 totum
1373 2017 1417 2053 est
1444 2031 1572 2053 vanum
1592 2019 1625 2053 ὃ(
1653 2027 1787 2065 praeter
1813 2016 1984 2053 intentio·-

1230 2082 1307 2104 nem
1339 2070 1483 2104 Poetae.
1511 2071 1559 2103 Et
1586 2078 1626 2104 ut
1653 2069 1726 2103 cito
1752 2067 1889 2108 dicam,
1925 2066 1986 2101 iste

1231 2119 1274 2154 est
1289 2118 1468 2167 singularis
1486 2120 1582 2154 locus
1603 2118 1806 2154 fortissimus
1822 2117 1859 2153 in
1874 2118 1985 2152 Lom-

1233 2169 1377 2213 bardia,
1404 2168 1489 2206 ficut
1517 2169 1735 2206 Samarinum
1762 2168 1800 2204 in
1830 2171 1981 2204 Roman—

1230 2220 1347 2256 diola.

1482 2273 1543 2306 Ad
1572 2271 1653 2315 Vers.
1681 2274 1741 2319 98.

1284 2325 1354 2358 Una
1379 2335 1451 2356 voce
1476 2323 1520 2357 da
1543 2320 1637 2368 presso
1657 2322 1752 2366 sone).
1779 2343 1795 2348 -
1823 2343 1837 2348 -

1232 2372 1323 2407 Heic
1343 2371 1387 2408 est
1404 2372 1582 2412 ,sciendum
1595 2397 1605 2412 ‚
1625 2372 1717 2419 quod
1745 2371 1804 2407 ista
1825 2371 1892 2407 fuit
1911 2383 1980 2406 vox

1233 2421 1408 2470 cujusdam
1438 2422 1557 2471 pigri,
1593 2423 1654 2470 qui
1682 2431 1825 2458 vocatus
1852 2421 1895 2456 est
1923 2421 1985 2456 Bi—

1233 2474 1362 2519 laqua.
1400 2472 1462 2508 Iste
1498 2472 1566 2508 fuit
1603 2473 1644 2508 de
1681 2470 1885 2510 Florentia,
1923 2472 1985 2518 qui

1230 2522 1379 2559 faciebat
1407 2523 1584 2563 citharas,
1620 2524 1653 2557 &
1687 2521 1755 2557 alia
1781 2520 1985 2557 instrumen-

1901 2582 1938 2608 Ta
