2216 3105
464 236 549 277 407

506 330 542 363 ni
566 330 681 369 Pacci,

456 380 594 422 Bestia,
592 394 940 409 ---------

406 429 543 465 Deinde
571 430 734 466 describit
762 431 794 467 se
822 445 838 466 a
877 431 988 478 patria
1017 431 1158 467 dicens:

455 501 472 506 -
498 502 515 507 -
539 502 557 507 -
582 503 599 507 -
626 484 658 516 Ε
680 481 797 524 Pistoia
816 483 860 516 mi
880 483 916 525 fu
939 484 1043 528 degna
1062 493 1159 516 tana.

405 529 513 573 Idest,
554 531 605 567 fui
642 541 742 566 natus
778 532 819 567 de
853 533 1014 568 Civitate
1052 532 1158 567 Pisto-

405 580 472 620 rii,
500 582 610 617 Terra
637 582 740 629 digna
767 582 807 617 de
835 582 899 617 tali
936 582 1035 624 filio,
1077 583 1158 629 quia

406 630 541 667 scilicet
568 631 756 678 aliquando
778 632 938 678 producit
958 632 1066 668 Cives
1086 642 1158 667 tam

405 680 605 716 sceleratos.
647 683 694 716 Et
739 680 850 716 servat
891 682 1159 729 Metaphoram.

405 732 501 777 Quia
528 731 622 766 enim
651 740 837 767 vocaverat
864 731 896 767 se
923 731 1053 773 feram,
1081 732 1159 767 ideo

406 782 554 830 patriam
596 781 690 816 suam
732 790 836 816 vocat
887 790 1027 821 tanam,
1079 781 1161 817 idest

406 845 588 868 cavernam
617 832 742 868 talium
770 830 956 882 spirituum
994 831 1161 881 serpenti-

405 896 528 919 norum
545 910 553 918 .

640 934 703 969 Ad
730 933 811 977 Vers.
840 946 922 982 137.

457 1005 726 1011 -------
751 984 858 1019 Perch'
871 986 898 1019 io
921 984 973 1027 fui

458 1037 564 1069 Ladro
590 1049 610 1070 a
636 1035 670 1069 la
695 1034 853 1081 Sagrestia
879 1034 928 1069 de’
939 1034 1017 1069 belli
1039 1035 1160 1070 urredi.

406 1086 499 1121 Hcic
526 1085 580 1121 fur
607 1085 761 1133 explicat
788 1084 885 1120 suurn
914 1084 1071 1121 notabile
1091 1085 1162 1121 fur-

408 1145 510 1175 tum,
548 1149 607 1183 per
642 1134 735 1183 quod
772 1135 816 1170 est
843 1135 1026 1171 damnatus
1062 1136 1161 1172 heic.

407 1186 465 1221 Ad
494 1187 590 1234 cujus
627 1186 678 1221 rei
705 1185 982 1234 intelligentiam
1015 1188 1099 1222 volo
1128 1196 1161 1222 te

408 1236 516 1276 scire,
560 1235 653 1284 quod
689 1235 750 1271 iste
778 1238 943 1276 Vannes,
972 1236 1161 1272 venenosus

408 1287 564 1335 serpens,
601 1286 669 1322 fuit
705 1286 800 1322 filius
836 1286 969 1334 spurius
1012 1287 1160 1323 Domini

407 1337 527 1372 Fuccii
565 1337 605 1372 de
641 1336 785 1373 Lazaris
826 1337 867 1372 de
896 1336 1064 1380 Pistori0‚
1106 1338 1162 1373 vir

408 1386 708 1431 sceleratiffimus,
744 1388 779 1422 &
819 1387 860 1422 ad
896 1400 1001 1422 omne
1028 1387 1161 1423 facinus

406 1437 668 1475 audaciffimus.
696 1440 742 1472 Et
769 1437 849 1484 quia
878 1446 951 1472 erat
978 1437 1019 1472 de
1046 1438 1160 1473 nobil-i

406 1502 554 1537 genere,
598 1490 727 1523 multos
755 1487 904 1523 excessus
932 1487 1029 1536 saepe
1056 1487 1160 1523 facie—

407 1541 465 1575 bat
500 1539 662 1586 impune.
708 1540 754 1572 Et
795 1537 956 1585 quamvis
998 1538 1100 1573 banni
1092 1548 1160 1573 tus

406 1589 502 1646 saepe
531 1597 670 1636 propter
706 1588 817 1622 multa
859 1586 1032 1623 maleficia
1059 1602 1159 1623 enor—

406 1640 498 1682 mia,
526 1638 687 1686 nequiter
712 1639 744 1672 δε
774 1636 904 1673 nefarie
940 1647 1132 1684 perpetrata
1151 1666 1160 1681 ,

403 1698 521 1725 tamen
557 1688 745 1736 aliquando
785 1688 826 1723 de
862 1687 965 1722 none
990 1688 1097 1723 stabat
1124 1689 1160 1724 in

405 1739 585 1778 Civitate‚
612 1741 644 1774 &
674 1751 752 1773 cum
783 1737 990 1786 pravissimis
1016 1752 1160 1773 conver-

405 1790 559 1825 sabatur.
597 1789 743 1823 Accidit
779 1798 895 1823 autem
939 1786 1042 1823 semel
1070 1798 1160 1824 tem-

406 1853 485 1889 pore
512 1838 768 1887 Carnisprivii‚
805 1837 919 1885 quod,
947 1851 1054 1885 quum
1083 1852 1162 1874 coe-

405 1890 511 1926 nasset
539 1902 616 1925 cum
645 1888 849 1936 quibusdam
878 1889 919 1924 de
949 1888 1003 1923 sua
1038 1890 1159 1924 condi—

405 1941 523 1980 tione,
560 1939 621 1987 qui
657 1939 796 1974 fuerunt
834 1939 925 1974 circa
966 1939 1084 1975 decem
1125 1942 1156 1974 &

404 1991 485 2027 msto
513 2003 681 2034 nurnero,
708 1988 873 2025 dixerunt
900 1988 953 2024 isti
981 1990 1074 2025 inter
1101 1989 1158 2030 se,

405 2041 497 2090 quod
534 2017 700 2076 volebarit
736 2040 786 2075 ire
827 2039 1078 2076 matutinatum
1117 2044 1157 2076 ad

405 2105 523 2141 procas
551 2104 691 2126 eorum.
720 2092 805 2125 Erat
829 2099 945 2125 autem
966 2090 1058 2126 inter
1078 2091 1158 2127 istos

1243 1224 1244 1232 ἶ
1272 1183 1385 1223 fagio,

402 2141 545 2190 quidam
573 2144 632 2177 Ser
660 2143 797 2176 Vannes
825 2140 865 2176 de
894 2142 926 2176 la
954 2154 1066 2184 nova,
1108 2141 1157 2177 fa-

403 2192 516 2228 mosus
547 2190 715 2227 Notarius
757 2190 986 2227 Pistorienfis.
1029 2192 1157 2228 Acces-

404 2243 519 2278 serunt
547 2255 628 2288 ergo
655 2254 775 2277 omnes
803 2241 843 2276 ad
872 2241 1155 2277 matutinandum

404 2292 447 2328 ad
474 2292 616 2326 domum
647 2304 769 2339 procae
796 2291 890 2326 istius
918 2293 977 2327 Ser
1003 2292 1160 2332 Vannis‚
1186 2292 1190 2349 Ι

405 2341 468 2389 qui
503 2341 610 2376 stabat
647 2354 752 2389 prope
789 2340 1057 2388 Episcopatum.
1099 2345 1160 2378 So-

406 2392 534 2427 cietate
571 2391 690 2438 itaque
727 2390 869 2426 sonante
905 2392 939 2426 &
977 2401 1159 2433 cantante,

405 2445 545 2477 Vannes
574 2441 697 2484 Fucii,
724 2441 821 2488 cujus
849 2440 983 2477 animus
1012 2456 1081 2477 non
1102 2456 1159 2491 pa-

406 2492 563 2528 scebatur
582 2491 710 2526 talibus
731 2490 885 2530 solatiis,
907 2492 1057 2540 acceptis
1074 2494 1158 2528 duo-

407 2543 469 2579 bus
497 2541 599 2579 sociis
627 2541 775 2587 secrete,
811 2554 853 2577 ne
881 2542 986 2578 ceteri
1014 2556 1158 2592 perpen-

777 219 1212 264 BENVENUTI
1256 219 1666 264 IMOLENSIS
1884 227 1972 280 408

455 280 495 312 Si
520 292 599 314 come
624 292 645 314 a
671 279 756 318 mul,
783 279 871 315 ch⁷io
892 280 965 325 sui.
989 283 1054 315 son
1075 283 1161 316 Van-
1203 283 1235 317 A
1274 278 1416 322 derent,

1244 331 1247 347 ¹
1274 308 1431 372 clefiam·

1453 280 1589 317 acceffit
1617 281 1657 317 ad
1693 280 1935 330 Episcopalem
1965 287 2031 320 Ec-

1473 345 1559 379 quae
1589 342 1734 368 vocatur
1761 334 1903 370 Sar-,Eius
1931 337 2028 377 Jaco-

1274 380 1354 416 bus.
1392 384 1437 416 Et
1477 383 1647 422 breviter,
1690 384 1931 420 Sacerdotibus
1959 385 2027 421 ibi-

1272 431 1348 466 dem
1392 431 1612 472 absentibus,
1655 434 1736 481 quia
1772 434 1862 469 forte
1890 436 2027 471 iverant

1274 495 1332 529 per
1359 482 1534 529 tripudia,
1576 484 1660 519 sicut
1688 483 1732 519 est
1758 484 1799 519 de
1829 498 1922 524 more
1950 486 2026 522 fieri

1273 531 1337 567 tali
1379 532 1501 573 no&e,
1544 535 1602 569 vel
1638 534 1708 570 fixe
1743 534 2026 580 dormientibus,

1272 581 1385 617 nimio
1413 583 1492 617 cibo
1521 584 1695 632 gravatis,
1737 587 1875 620 Vannes
1904 586 1962 622 iste
1990 587 2028 622 vi

1272 633 1304 666 ὃ(
1342 631 1459 667 fraude
1495 632 1644 669 intravit
1685 635 1877 671 sacristiam
1915 637 1984 672 dic
1991 651 2028 672 ae

1273 681 1464 726 Ecclesiae,
1492 684 1525 716 &
1553 683 1652 718 illam
1682 683 1848 729 spoliavit
1874 687 2027 733 pretiosis

1274 732 1463 778 jocalibus.
1500 734 1546 767 Et
1583 742 1794 769 revertentes
1832 747 1909 769 cum
1952 736 2028 772 the-

1273 781 1371 817 sauro
1408 795 1534 831 magno
1571 782 1611 818 ad
1653 784 1726 832 ejus
1766 783 1878 820 socios
1907 798 2029 834 propa-

1273 833 1435 867 laverunt
1475 830 1633 869 futtum'i
1674 833 1748 880 Qui
1789 835 1903 871 territi
1950 836 2028 872 sunt

1274 882 1399 917 nimis.
1450 885 1587 919 Tamen
1629 885 1711 931 quia
1756 883 1886 921 facium
1928 895 2029 931 erat,

1275 941 1502 979 portaverunt
1539 935 1665 982 jocalia
1701 934 1773 981 ipsa
1813 936 1854 971 ad
1882 936 2027 973 domum

1273 982 1371 1017 illius
1399 984 1458 1018 Ser
1478 984 1612 1019 Vannis
1635 985 1800 1029 Notarii,
1828 986 2026 1032 imaginan-

1273 1040 1345 1075 tes,
1374 1033 1465 1079 quod
1494 1047 1684 1082 numquam
1713 1035 1794 1070 esset
1818 1035 1966 1084 suspicio
1987 1038 2027 1073 de

1272 1083 1335 1118 tali
1375 1083 1517 1120 homine
1559 1086 1668 1121 bonae
1709 1085 1847 1129 famae,
1883 1088 1917 1122 ὅ(
1945 1087 2028 1135 quia

1273 1134 1503 1182 propinquior
1530 1144 1603 1170 erat
1630 1137 1729 1171 loco.
1767 1138 1874 1172 Mane
1911 1148 2027 1173 autem

1423 1185 1608 1221 notificato
1646 1186 1738 1222 furto
1777 1187 1937 1223 Potestati
1970 1201 2008 1236 pe
1994 1202 2028 1224 r

1271 1235 1473 1270 Canonicos
1500 1236 1603 1284 ipsius
1630 1236 1822 1281 Ecclesiae,
1862 1251 2026 1286 magnum

1272 1298 1428 1321 murmur
1448 1285 1544 1321 fuit·
1535 1300 1572 1322 1n
1585 1287 1745 1323 Civitate
1765 1287 1805 1323 de
1821 1298 1892 1324 tam
1914 1288 2027 1324 nobili

1270 1335 1449 1371 thesauro.
1473 1337 1622 1372 Potestas
1641 1338 1916 1386 proclamatione
1937 1337 2026 1373 faeta

1270 1385 1387 1433 coepit
1402 1385 1509 1421 facere
1522 1387 1726 1435 diligentem
1744 1387 2025 1434 inquisitionem.

1270 1438 1316 1470 Et
1330 1435 1389 1471 diu
1407 1436 1571 1476 duravit,
1593 1438 1684 1484 quod
1706 1437 1796 1472 nihil
1815 1447 1949 1484 poterat
1965 1452 2025 1473 ex-

1272 1486 1420 1533 plorari.
1449 1486 1622 1522 Finaliter
1640 1487 1846 1523 instillatum
1867 1489 1911 1523 est
1931 1490 2024 1524 auxi

1273 1537 1332 1571 bus
1376 1536 1580 1578 potestatis,
1617 1537 1711 1586 quod
1755 1539 1896 1585 quidam
1928 1539 2024 1586 juve-

1272 1585 1348 1629 nis,
1375 1587 1519 1621 nomine
1549 1588 1767 1635 Rampinus‚
1797 1587 1890 1623 filius
1919 1592 2025 1624 Fran-

1242 1649 1244 1682 j
1272 1613 1354 1671 cisci
1382 1635 1423 1671 de
1451 1636 1604 1672 Forensis
1632 1638 1762 1672 nobilis
1791 1638 1860 1673 viri
1897 1639 1937 1673 de
1967 1639 2025 1674 Pi-

1272 1687 1398 1730 storio,
1425 1696 1499 1721 erat
1527 1688 1638 1721 malae
1666 1687 1881 1722 conditionis
1909 1687 1946 1723 ἃ
1975 1688 2025 1723 sa-

1273 1750 1374 1774 mae,
1411 1736 1473 1782 qui
1510 1736 1748 1772 verisimiliter
1785 1737 1931 1773 debebat
1973 1752 2026 1774 ra-

1274 1787 1378 1833 puisse
1406 1786 1465 1821 ista
1493 1785 1605 1822 sacra.
1635 1787 1828 1833 Rampinus
1856 1788 2026 1824 continuo

1273 1847 1414 1880 captus,
1442 1836 1569 1884 positus
1597 1836 1665 1873 fuit
1689 1838 1730 1872 ad
1753 1847 1943 1874 torturam:
1972 1838 2025 1875 sed

1273 1887 1363 1922 nihil
1400 1886 1655 1926 manifestavit,
1692 1888 2025 1935 tamquaminsons

1272 1936 1355 1972 faeti
1396 1938 1430 1971 &
1466 1936 1615 1972 inscius.
1662 1939 1822 1973 Parentes
1858 1938 1953 1975 istius
1980 1939 2025 1974 ob

1271 1987 1336 2022 hoc
1365 1987 1665 2033 conquerebantur
1699 1988 1736 2023 in
1776 1990 1910 2036 Populo
1938 1989 2028 2025 ami-

1272 2038 1320 2073 cis
1348 2038 1381 2072 S<
1408 2036 1593 2075 omnibus,
1622 2051 1698 2073 cum
1726 2039 1875 2086 planCtis
1895 2040 1927 2074 &
1950 2053 2026 2086 pre-

1241 2121 1242 2124 ,
1271 2087 1389 2127 cibus,
1418 2100 1460 2122 ne
1489 2087 1625 2135 juvenis
1646 2088 1812 2124 innocens
1835 2101 2026 2125 moreretur

1271 2137 1416 2185 injuste.
1460 2139 1609 2173 Potestas
1646 2149 1767 2174 contra
1794 2140 1893 2175 istum
1923 2140 2025 2175 indu-

1272 2199 1385 2232 ratus,
1429 2187 1546 2224 statuit
1584 2188 1643 2224 fibi
1681 2190 1871 2225 terminum
1916 2190 2023 2225 trium

1272 2239 1406 2275 dierum
1434 2239 1474 2274 ad
1502 2238 1739 2288 resignandum
1768 2240 1921 2283 furtum,
1958 2240 2024 2274 ali-

1273 2300 1324 2326 ter
1351 2289 1633 2338 suspenderetur.
1663 2290 1769 2326 Unde
1796 2300 1951 2339 parentes
1985 2287 2022 2323 &

1272 2340 1378 2376 amici
1423 2341 1734 2380 deliberaverunt,
1784 2341 1875 2388 quod
1921 2338 2023 2374 moeste

1273 2392 1494 2440 praecedente
1531 2391 1622 2427 diem
1660 2391 1837 2435 Iustitiae,
1878 2388 2022 2425 invade-

1272 2452 1348 2478 rent
1384 2442 1473 2477 ferro
1501 2443 1534 2477 &
1562 2443 1643 2490 igne
1671 2441 1837 2499 palatium
1871 2438 2021 2475 Potesta-

1272 2493 1336 2528 tis.
1373 2495 1419 2528 Et
1445 2492 1483 2528 in
1510 2492 1566 2527 die
1593 2491 1733 2527 termini
1765 2493 1922 2529 Vannes,
1960 2488 2022 2536 qui

1271 2552 1344 2580 erat
1380 2553 1478 2579 extra
1518 2543 1556 2577 in
1596 2542 1781 2578 Comitatu
1824 2539 2023 2576 florentiae

1939 2591 1977 2627 in
