2216 3105
470 226 484 253 [

343 225 456 304 1'ssul7ti3
490 268 643 304 conversi
682 268 783 311 sunt,
824 272 990 308 mirantes
1027 271 1105 307 istos

345 317 522 358 Ordines,
560 320 592 354 &
631 319 721 356 alios
748 332 1022 359 converterunt.
1061 325 1107 358 Et

346 365 456 404 dicit:
485 372 516 404 Ε
536 369 637 405 σονη’ὲ
655 372 760 416 detto,
789 372 924 409 scilicet
944 373 981 408 in
1003 375 1106 408 Cant.

346 419 509 463 proxime
549 423 792 468 praecedenti,
830 424 891 459 ubi
929 423 1036 473 posita
1062 423 1109 459 est

345 469 466 506 eadem
496 469 690 508 sententia.

401 523 439 555 In
467 523 571 568 quella
595 534 686 567 parte
697 545 920 562 ------

347 571 440 607 Heic
470 574 715 608 Bonaventura
744 574 879 609 accedit
907 576 947 610 ad
982 575 1108 611 descri-

350 622 496 657 bendam
526 623 648 658 Vitam
677 624 777 659 Beati
817 626 1025 660 Dominici.
1063 627 1109 660 Et

348 672 465 720 primo
493 673 659 709 describit
698 676 815 710 locum
855 674 932 711 suae
960 675 1109 724 originis

349 736 368 758 a
398 725 540 771 Regno,
578 737 597 758 a
627 726 740 772 Rege,
769 738 787 760 a
816 727 942 774 plaga,
980 739 998 761 a
1027 739 1111 761 ven-

348 781 411 808 to.
451 773 508 807 Ad
546 773 642 821 cujus
679 774 896 810 evidentiam
934 776 978 811 est
1015 789 1110 825 prae-

349 822 526 859 sciendum
546 851 555 865 ,
593 824 686 870 quod
715 824 774 861 iste
804 826 1015 862 Dominicus
1043 825 1111 861 fuit

351 874 518 909 oriundus
544 874 585 909 de
613 874 808 924 Hispania,
837 877 877 912 de
901 879 1021 926 Regno
1042 879 1111 912 Ca-

351 924 487 967 stellae,
515 924 556 960 de
584 925 769 968 Civitate,
797 940 884 974 quae
906 928 1037 964 dicitur
1055 927 1112 962 U-

352 989 474 1014 xama,
504 974 545 1010 de
574 976 672 1011 Villa
700 976 799 1013 illius
817 1005 826 1022 ‚
864 991 952 1026 quae
980 978 1113 1014 dicitur

352 1027 545 1074 Calagum.
575 1026 676 1061 Dicit
700 1041 803 1076 ergo:

403 1077 495 1110 Siede
521 1077 556 1111 la
580 1077 745 1120 fortunata
771 1079 946 1126 Callaroga
962 1107 972 1123 ‚

354 1125 452 1161 Villa
476 1129 681 1170 Uxamana,
703 1131 781 1164 vere
805 1129 1003 1171 fortunata,
1031 1130 1114 1179 quia

355 1177 488 1226 peperit
518 1179 624 1213 talem
652 1179 855 1219 alumnum,
884 1191 956 1216 tam
984 1178 1113 1217 fortem

357 1228 509 1277 pugilem
528 1255 537 1263 .
574 1230 746 1277 Calai-oga
775 1231 1025 1278 interpretatur
1053 1232 1114 1267 bo-

355 1292 409 1314 nai
423 1279 642 1326 deprecatio.
669 1282 760 1315 Nam
782 1291 855 1319 m),
875 1285 1027 1321 Graece,
1045 1285 1115 1318 La-

356 1329 430 1365 tine
459 1334 604 1374 Bonum,
632 1329 669 1366 ἃ
700 1335 811 1375 Remo,
840 1332 945 1372 idest,
977 1347 1115 1381 precor.

358 1383 402 1415 Et
421 1381 497 1416 heic
515 1392 618 1420 nora,
644 1383 736 1428 quod
755 1383 772 1399 *
792 1385 964 1432 Calagora
989 1384 1032 1418 est
1053 1384 1116 1420 Ci-

358 1431 449 1466 vitas
478 1432 513 1466 in
544 1432 714 1479 Hispania
733 1460 740 1467 .
777 1435 891 1479 Siede,
929 1434 1037 1473 idest,
1077 1434 1117 1469 sr-

358 1490 454 1517 tuata
482 1482 552 1521 est,
581 1497 613 1516 tn
641 1484 746 1529 quella
769 1494 884 1527 parte,
917 1483 1051 1519 scilicet
1079 1485 1116 1519 in

358 1534 457 1581 plaga
485 1533 723 1572 occidentali,
753 1534 812 1568 ubi
841 1534 885 1568 est
914 1534 1112 1583 Hispania:
1141 1544 1144 1556 ³

494 1604 508 1609 —
536 1604 551 1609 -
578 1597 634 1617 ove
655 1584 748 1629 surge
774 1585 817 1617 ad
843 1585 947 1627 aprire

408 1633 512 1677 Zefiro
538 1634 622 1667 dolce
648 1654 663 1659 —-
691 1654 706 1658 -
732 1655 749 1660 -
775 1654 791 1659 -

358 1683 419 1730 qui
456 1682 500 1717 est
537 1693 661 1718 ventus
698 1683 791 1719 inter
829 1686 1045 1724 ponentem,
1083 1686 1116 1719 8<

359 1732 579 1777 Garbinum,
608 1734 719 1768 laetus
743 1736 777 1768 δε
803 1733 936 1770 suavis.
965 1738 1013 1769 Et
1040 1735 1117 1769 sub-

358 1784 435 1828 dit,
472 1783 564 1830 quod
593 1783 687 1818 dieta
715 1786 825 1819 Terra
861 1784 1031 1829 descripta
1069 1783 1117 1818 se-

358 1834 416 1868 det
445 1832 504 1868 sub
533 1833 750 1880 protestione
789 1834 893 1881 Regis
921 1834 1117 1877 Castellae‚

359 1897 463 1931 quem
506 1883 673 1919 describit
715 1885 756 1919 ab
799 1886 992 1920 Armatura
1034 1883 1090 1920 sua
1108 1911 1117 1920 .

360 1934 462 1969 Unde
489 1933 600 1969 dicit:

409 1988 497 2019 Sotto
523 1986 557 2019 la
582 1985 745 2031 proeezt'on
773 2006 789 2011 —
816 2006 832 2011 —
858 2007 874 2012 -
900 2007 916 2012 —

360 2035 469 2078 idest,
497 2034 692 2071 defenfione
719 2037 753 2070 &
782 2036 1056 2084 gubernatione:

411 2107 428 2112 -
455 2107 470 2115 ν
498 2106 513 2112 -·
541 2107 556 2112 —
582 2086 635 2121 del
657 2087 779 2132 grande
805 2089 930 2126 Scmlo,

362 2135 471 2175 idest,
500 2136 619 2184 magni
648 2137 753 2185 Regis
781 2136 971 2173 Castellae:

414 2189 451 2221 In
478 2187 529 2221 che
558 2187 704 2234 soggiace
731 2188 756 2221 il
782 2191 884 2222 Leone
910 2201 926 2222 e
945 2187 1122 2235 soggioga.

366 2236 470 2276 idest,
508 2236 545 2273 in
583 2250 653 2284 quo
689 2239 795 2273 Scuto
832 2239 908 2274 Leo
945 2238 990 2273 est
1026 2237 1123 2285 supe—

365 2287 437 2322 rior
472 2288 506 2322 &
544 2287 720 2323 inferior.
756 2287 812 2323 Est
848 2288 941 2323 enim
980 2290 1123 2324 Scutum

366 2336 517 2372 divisum
546 2338 582 2373 in
612 2348 762 2386 quatuor
788 2338 989 2385 quarteria.
1017 2338 1057 2374 In
1086 2351 1123 2373 u-

367 2399 413 2421 no
441 2387 595 2433 superior
622 2388 666 2424 est
695 2402 781 2424 unus
811 2391 917 2436 Le03
955 2392 988 2423 ὅ(
1018 2401 1123 2422 unum

367 2436 556 2472 Castellum
585 2438 621 2473 in
650 2438 744 2474 alio.
776 2441 813 2473 In
844 2439 951 2473 tertio
980 2437 1125 2473 inferio-

369 2486 399 2522 ri
429 2487 488 2522 sub
526 2489 645 2524 Leone
683 2489 727 2524 est
765 2501 869 2524 unum
909 2487 1126 2523 Castellum.

370 2538 409 2572 In
439 2537 510 2572 alio
541 2536 702 2574 inferiori
741 2552 826 2576 unus
859 2542 932 2576 Leo
970 2538 1030 2575 sub
1057 2540 1125 2576 Ca-

372 2587 469 2623 stssllO
488 2614 495 2623 .

698 209 1630 307 ΒΕΝῙΖΕΝΠΤῘᾹῙΜΟΕΕΝΕΙΒ

1895 232 1916 261 2

1264 274 1384 307 nemra
1409 274 1448 308 vi
1474 286 1588 321 nacque
1615 294 1801 302 -----
1833 234 1885 274 73

1214 322 1302 358 Heic
1332 324 1576 360 Bonaventura
1613 325 1787 374 descripto
1823 326 1903 361 loco
1930 340 1971 361 o·

1188 373 1338 422 'riginis
1368 375 1576 419 Dominici,
1604 389 1696 411 nunc
1723 375 1888 412 describit
1915 376 1969 424 ip-

1215 423 1286 459 sum
1314 437 1332 459 a
1360 424 1492 461 virtute
1521 425 1601 469 sua,
1630 426 1769 462 dicens:

1266 496 1282 500 -
1309 496 1324 501 -
1350 496 1366 502 -
1392 497 1408 502 -
1434 475 1457 509 l'
1473 477 1606 521 amoroso
1631 481 1732 512 drudo
1748 505 1757 521 ‚

1214 524 1313 564 idest,
1354 526 1586 570 Dominiws,
1624 537 1719 563 totus
1746 527 1906 564 accensus
1934 541 1968 563 a—

1214 589 1308 611 more
1329 575 1525 617 Caritatis,
1552 578 1591 611 ·υἱ
1614 591 1728 624 uaeque
1746 580 1876 621 dentre,
1904 577 1971 614 sci-

1213 626 1319 668 licet,
1349 627 1384 661 in
1413 626 1476 661 illa
1502 625 1697 675 Calaroga.
1725 629 1812 668 Ille,
1841 629 1942 664 dico:

1266 680 1314 711 De
1334 677 1367 711 la
1389 677 1474 710 Fede
1489 677 1649 716 cristiana
1671 678 1697 710 il
1716 682 1815 712 santo
1829 680 1970 723 Λήθη,

1214 726 1322 769 idest,
1361 726 1483 773 pugil.
1523 726 1607 761 Fuit
1636 726 1730 761 enim
1770 728 1873 762 fortis
1911 742 1973 775 pu-

1215 786 1339 825 gnator
1376 775 1503 819 Fidei,
1545 786 1725 823 tamquam
1768 776 1974 825 Hispanus,

1216 825 1277 874 qui
1314 825 1393 862 sunt
1421 827 1629 862 naturaliter
1659 827 1814 863 bellicosi
1832 851 1843 866 ‚
1870 828 1903 862 8<
1932 827 1975 863 ad

1216 878 1370 917 labores,
1398 879 1432 912 δε
1453 878 1494 913 ad
1521 877 1746 914 incommoda
1767 879 1864 914 duri.
1900 880 1974 913 Un-

1216 930 1257 963 de
1284 927 1393 963 dicit:

1268 979 1413 1025 Benigno
1439 979 1470 1014 a'
1492 979 1585 1024 suoi,
1612 999 1841 1007 ——————

1218 1028 1378 1069 scilicet,
1408 1030 1497 1066 veris
1525 1029 1762 1066 Christianis:

1269 1101 1285 1106 -
1311 1101 1327 1106 -
1353 1101 1370 1107 -
1396 1102 1412 1107 -
1441 1081 1486 1120 &
1514 1080 1544 1117 α’
1573 1081 1683 1116 nemici
1707 1085 1822 1118 crudo.

1219 1130 1363 1166 Scilicet
1379 1156 1390 1171 ‚
1419 1130 1604 1167 haereticis
1621 1144 1629 1166 :

1270 1184 1301 1216 Ε
1328 1195 1406 1216 coine
1428 1183 1466 1227 fu
1492 1194 1594 1218 creata
1620 1203 1805 1212 -----

1220 1232 1312 1268 Heic
1334 1234 1579 1270 Bonaventura
1600 1232 1765 1269 describit
1790 1231 1901 1282 prima
1922 1233 1976 1268 im

1220 1285 1391 1319 cunabula
1438 1284 1581 1321 virtutis
1631 1284 1816 1320 Dominici
1839 1311 1849 1328 ,
1890 1297 1978 1330 quae

1220 1348 1279 1382 per
1316 1334 1530 1384 praesagium
1568 1334 1695 1370 ostensa
1734 1334 1801 1371 fuit
1824 1362 1835 1380 ,
1880 1343 1978 1370 ante-

1220 1398 1323 1433 quam
1354 1396 1434 1420 nata
1462 1386 1543 1422 effet
1562 1413 1569 1421 .
1599 1385 1706 1421 Unde
1734 1385 1850 1421 dicit:

1270 1438 1302 1469 Ε
1329 1450 1406 1469 come
1435 1437 1468 1477 fu
1496 1447 1623 1474 creata,
1646 1437 1687 1480 fu
1716 1441 1833 1481 repleta

1268 1487 1305 1519 Si
1332 1487 1366 1520 la
1394 1488 1449 1525 sua
1475 1497 1575 1520 mente
1600 1486 1638 1518 di
1663 1486 1748 1518 viva
1773 1487 1921 1527 virtute,

1219 1534 1321 1572 idest,
1359 1535 1497 1573 statim,
1535 1547 1640 1582 quum
1670 1535 1787 1569 anima
1815 1544 1929 1569 creata
1957 1546 1976 1569 a

1221 1587 1296 1619 Deo
1324 1584 1392 1620 fuit
1420 1583 1530 1620 infusa
1560 1584 1722 1632 corpori;

1270 1635 1334 1669 Che
1361 1650 1398 1669 ne
1425 1636 1457 1668 la
1485 1637 1589 1669 madre
1616 1636 1658 1667 lei
1692 1635 1753 1676 [ece
1779 1635 1927 1677 Profeta.

1223 1685 1330 1724 Idcst,
1364 1684 1469 1731 ipsam
1502 1693 1678 1731 matrem3
1709 1684 1877 1730 quoniam
1907 1695 1981 1717 ma-

1221 1744 1273 1769 ter
1300 1734 1402 1780 ipsius
1430 1733 1612 1769 Dominici
1643 1746 1830 1778 pregnans
1852 1747 1893 1769 ex
1916 1746 1979 1772 eo,

1221 1783 1414 1820 sommavit
1442 1784 1473 1819 se
1502 1797 1617 1832 parere
1645 1782 1803 1823 Canem,
1838 1794 1979 1826 portan-

1221 1845 1292 1869 tem
1320 1834 1429 1870 facem
1460 1835 1495 1871 in
1524 1848 1607 1873 ore,
1638 1847 1704 1880 qua
1736 1833 1980 1869 inflammabat

1223 1895 1336 1920 totum
1364 1885 1559 1921 Mundum.
1587 1883 1696 1919 Canis
1717 1883 1884 1931 fiquidem
1914 1884 1983 1920 fuit

1223 1936 1382 1971 latrando
1410 1946 1530 1971 contra
1560 1934 1775 1976 haereticos,
1806 1937 1839 1970 &
1869 1935 1980 1971 facem

1225 1986 1405 2034 portavit,
1434 1986 1516 2021 idest
1545 1986 1656 2020 lucem
1686 1985 1857 2020 scientiae
1876 2013 1885 2027 ‚
1913 1999 1982 2032 qua.

1224 2036 1383 2072 accendit
1410 2035 1447 2071 δε
1478 2034 1698 2071 illuminavit
1725 2049 1847 2071 omnes
1865 2063 1873 2071 .
1914 2036 1981 2071 Vel

1198 2100 1284 2134 ³per
1323 2086 1473 2122 faculam
1512 2086 1687 2121 ardentem
1731 2086 1892 2134 intellige
1929 2099 1983 2121 ar-

1225 2138 1363 2172 dentem
1385 2135 1609 2175 Caritatem,
1638 2149 1739 2182 quam
1770 2136 1915 2178 habuit,
1944 2144 1983 2172 ut

1225 2187 1345 2223 omnia
1374 2187 1538 2222 venderet
1565 2188 1598 2221 &
1629 2187 1835 2234 pauperibus
1863 2187 1983 2230 daret,

1228 2238 1348 2273 volens
1387 2237 1418 2274 se
1455 2237 1566 2285 ipsum
1596 2237 1767 2281 vendere,
1805 2237 1887 2272 dum
1924 2250 1984 2286 pe-

1227 2288 1317 2323 tenti
1347 2301 1418 2324 non
1447 2288 1611 2328 haberet,
1640 2287 1732 2336 quod
1761 2287 1882 2324 daret.

1278 2340 1336 2373 Poi
1364 2340 1414 2372 she
1439 2359 1797 2366 ---------

1228 2389 1319 2424 Heic
1356 2391 1601 2425 Bonaventura
1642 2388 1813 2436 descripta
1851 2389 1983 2425 virtute

1230 2438 1412 2474 Dominici
1441 2453 1500 2488 per
1527 2452 1634 2475 unum
1664 2439 1876 2489 praesagium
1904 2448 1985 2474 ante

1228 2490 1452 2524 nativitatem
1478 2514 1489 2529 ‚
1536 2503 1627 2525 nunc
1668 2489 1834 2526 describit
1874 2488 1983 2537 ipsam

1230 2539 1299 2587 post
1345 2539 1570 2575 nativitatem
1615 2553 1673 2586 per
1714 2540 1809 2575 aliud
1852 2538 1984 2586 praesa-

1148 2623 1149 2626 ,
1203 2601 1323 2636 [gium
1346 2615 1353 2624 .
1395 2591 1487 2625 Nam
1524 2590 1708 2633 Domina,
1745 2601 1833 2636 quae
1870 2588 1985 2623 tenuit

1827 2638 1937 2687 ipsum
