2216 3105
276 210 361 251 497

218 254 380 290 Marcum
417 250 655 287 Lombardum
702 248 819 283 virum
862 247 1040 284 curia-‘A

216 308 308 342 lem,
348 301 577 351 prudentem,
620 298 657 335 ὃς
686 296 974 346 circumspefflum

217 353 318 391 valde
336 381 345 394 ,
385 351 556 387 ostentans
584 349 645 385 fibi
674 347 974 397 magnificentiam

218 405 334 442 suam,
364 401 494 447 petivit
516 415 533 436 a
554 400 703 443 Marco,
731 398 816 447 quid
838 398 899 434 fibi
922 399 976 434 vi-

218 452 377 490 deretur?
416 452 489 497 Qui
527 450 641 486 statim
669 449 868 498 respondit,
909 448 976 485 five

219 504 414 547 divinitus,
437 503 504 538 sive
525 501 728 537 humanitus
744 499 973 549 prophetans:

222 559 281 591 Vos
316 555 386 597 estis
421 554 571 600 recepturi
612 552 748 600 pejorem
784 551 977 589 amicitiam,

220 608 313 654 quam
339 605 456 652 aliquis
484 607 638 639 Dommus
665 604 799 638 Italiae.
828 604 875 637 Et
895 614 979 638 con·

221 657 323 692 tinub
350 654 495 690 Comite
522 655 647 690 territo
664 678 673 693 ,
703 663 861 700 petente:
900 667 979 701 qua-

222 709 282 740 re?
308 704 505 753 respondit:
535 705 610 751 quia
637 705 719 738 nihil
737 703 844 748 deficit
869 706 980 743 vobis,

223 757 285 791 nit
312 757 360 790 ira
387 756 474 790 Dei.
503 755 608 800 Quod
636 754 673 790 in
703 754 799 790 brevi
821 753 980 790 verifica-

223 815 301 842 tum
323 805 411 841 fuit.
434 807 524 841 Nam
548 804 862 853 Archiepiscopus‚
884 805 981 854 cujus

225 856 344 892 favore
372 856 404 891 se
433 855 560 891 fultum
582 855 758 904 sperabat,
785 855 904 891 statuit
924 855 983 890 de-

224 908 355 956 pellere
391 906 504 954 ipsum
540 906 581 941 de
623 906 808 942 dominio.
858 908 905 942 Et
945 906 983 941 in

226 957 342 993 furore
371 955 496 1005 Populi
525 956 610 992 fecit
646 956 757 1005 ipsum
792 955 914 992 invadi
942 955 983 991 ad

228 1007 429 1055 Palatium3
474 1006 557 1041 dans
584 1007 783 1056 intelligere
821 1007 984 1056 Populo,

228 1057 380 1105 qualiter
407 1056 478 1105 ipse
514 1059 641 1093 Comes
685 1057 859 1106 Ugolinus
889 1058 986 1092 vole-

230 1109 289 1143 bat
326 1108 467 1156 prodere
505 1107 624 1151 Pisas,
675 1107 789 1143 dando
833 1107 986 1144 Castella

230 1158 446 1193 Florentinis
468 1167 570 1205 atque
591 1158 764 1194 Lucanis.
793 1158 832 1194 In
855 1159 986 1194 turnul-

230 1217 268 1244 tu
296 1218 411 1244 autem
439 1208 508 1244 fuit
535 1208 737 1244 interfeS‘ms
779 1209 872 1244 filius
901 1221 986 1244 unus

232 1258 399 1294 naturalis
427 1259 521 1306 ejus,
558 1261 591 1294 ὃ(
621 1272 706 1294 unus
744 1272 871 1307 nepos,
906 1260 987 1294 vere

232 1308 377 1347 felices,
414 1308 496 1354 quia
535 1321 604 1343 non
641 1308 805 1345 reservati
842 1309 920 1345 sunt
947 1309 988 1344 ad

232 1357 323 1393 illud
364 1357 501 1393 crudele
548 1358 783 1394 infortunium
829 1359 988 1395 suorum.

233 1407 366 1444 Comes
396 1421 477 1443 vero
504 1407 601 1443 dedit
629 1408 661 1444 se
698 1409 899 1456 captivum:
944 1412 990 1444 Et

234 1470 313 1493 cum
340 1457 474 1492 duobus
502 1456 587 1492 filiis
615 1457 653 1493 Sc
681 1458 814 1494 duobus
851 1459 990 1507 nepoti-

233 1508 296 1543 bus
332 1507 480 1543 traditus
517 1507 563 1543 est
596 1509 746 1545 carceri.
786 1511 833 1544 Et
869 1523 990 1545 omnes

233 1558 306 1605 ejus
328 1557 501 1594 consortes
521 1560 554 1593 &
576 1557 766 1595 familiares
785 1559 870 1608 pulfi
891 1559 990 1606 sunt,

235 1609 269 1643 8<
297 1621 417 1643 eorum
445 1608 603 1656 sequaces
621 1634 631 1648 ,
673 1609 757 1646 ficut
794 1610 963 1646 Obriachi
981 1638 991 1655 ‚

236 1658 413 1701 Guatani‚
441 1660 474 1693 8<
503 1660 592 1695 aliae
620 1661 791 1696 Familiae
811 1661 992 1709 Guelpho-

238 1720 314 1743 rum
342 1707 538 1744 nobilium.
580 1711 635 1744 Ex
663 1710 848 1758 praediffis
877 1721 992 1757 patet,

239 1757 416 1805 quomodo
452 1757 585 1794 Comes
621 1759 802 1809 Ugolinus
839 1761 995 1808 prodidit

241 1808 599 1857 consanguineitatem
620 1835 631 1850 ‚
683 1809 911 1856 Civitatem,
960 1813 994 1847 8<

240 1859 515 1908 partialitatem.
544 1860 626 1896 Ideo
654 1861 813 1909 proditor
839 1861 996 1911 proditus

242 1913 285 1948 est
313 1925 331 1946 a
358 1911 555 1959 proditore.
595 1914 686 1947 Nam
724 1926 767 1948 ex
795 1912 855 1948 ista
884 1921 996 1948 muta-

241 1964 339 2000 tione
368 1963 544 2002 Pisanum,
573 1976 647 2011 pars
674 1963 835 2011 Guelpha
861 1962 899 1998 in
920 1965 996 1999 Tu-

242 2014 310 2050 scia
337 2013 405 2049 fuit
432 2015 469 2049 in
497 2026 621 2061 magna
648 2013 885 2049 declinatione
917 2027 997 2062 pro-

243 2074 320 2113 pter
346 2064 437 2099 vires
466 2065 718 2103 Aretinorum,
745 2065 779 2099 &
801 2064 996 2112 potentiam

244 2114 394 2150 Domini
422 2115 541 2157 jacobi
570 2114 610 2148 de
638 2114 817 2163 Aragonia
843 2125 921 2149 curn
945 2114 998 2150 Si-

245 2165 334 2201 culis
371 2165 404 2199 &
451 2164 632 2200 Catalanis
681 2173 802 2199 contra
838 2163 997 2200 heredem

246 2215 388 2252 Caroli.
429 2216 558 2251 Comes
602 2214 713 2264 igitur
756 2213 882 2250 infelix
920 2227 998 2250 cum

247 2266 333 2302 filiis
360 2266 393 2300 &
422 2265 606 2311 nepotibus
635 2264 761 2313 positus
785 2264 830 2300 est
848 2265 885 2300 in
905 2267 998 2300 Tur-

248 2317 277 2352 ri
307 2316 403 2362 super
431 2317 585 2351 Plateam
608 2315 705 2363 juxta
726 2315 900 2351 Palatium
923 2317 999 2351 An-

248 2367 449 2409 tianorum,
486 2367 519 2401 ὃ(
557 2367 671 2401 clausa
715 2366 815 2415 porta
850 2365 1001 2414 dejetstae

248 2417 327 2453 sunt
355 2418 469 2452 claves
497 2417 532 2452 in
562 2419 720 2452 Arnum.
748 2418 795 2452 Et
814 2415 1000 2464 denegatus

249 2468 294 2504 est
321 2468 370 2503 eis
397 2468 511 2503 omnis
540 2467 675 2511 viffius,
715 2466 766 2503 ita
807 2467 899 2514 quod
925 2480 1002 2503 om-

250 2532 309 2555 nes
336 2518 375 2554 in
402 2518 500 2554 brevi
528 2517 658 2554 mortui
686 2517 765 2553 sunt
791 2517 901 2554 farne.

569 188 869 233 COMMENT.
900 188 967 231 IN
994 185 1219 233 DANTIS
1246 183 1488 227 COMOED.

1335 246 1397 279 Ad
1426 242 1506 286 Vers.
1537 245 1594 279 28.

1137 295 1249 343 ‚Qgtesli
1270 305 1391 342 pareva
1409 308 1430 328 a
1449 306 1496 326 me
1521 293 1658 334 Maeftro
1678 307 1691 327 e
1712 296 1843 328 Damno.

1090 348 1183 384 Heic
1210 348 1340 382 Comes
1369 352 1485 379 narrat
1513 342 1661 377 formam
1690 342 1844 378 somnii.

1091 398 1149 434 Ad
1178 397 1274 445 cujus
1302 393 1582 442 intelligentiam
1608 393 1692 427 volo
1719 403 1753 428 te
1781 392 1846 427 sci-

1091 462 1149 488 re,
1176 447 1270 496 quod
1298 446 1357 482 iste
1384 447 1539 487 Comes,
1567 443 1650 479 dum
1680 442 1848 486 vivebat,

1094 507 1175 534 ante
1202 499 1275 546 ejus
1311 497 1474 536 ruinam,
1512 494 1697 529 videbatur
1731 493 1850 528 videre

1095 549 1133 585 in
1161 548 1313 592 somnis,
1340 547 1433 595 quod
1461 545 1537 594 ipso
1566 544 1711 580 florente
1737 545 1771 579 8<
1799 556 1852 578 re-

1095 608 1246 648 gnante,
1274 596 1569 646 Archiepiscopus
1592 594 1760 644 Rogerius
1780 594 1851 629 tol-

1096 651 1234 687 lebatur
1260 649 1297 685 in
1317 649 1516 685 dominium
1545 647 1643 688 super
1663 646 1750 682 alios
1771 644 1852 680 Ma·

1096 710 1216 750 gnates
1250 700 1452 736 Gibellinos
1488 698 1530 734 de
1567 696 1676 736 Pifis,
1713 696 1774 745 qui
1811 694 1853 730 ad

1099 761 1255 787 montem
1286 764 1390 800 prope
1419 749 1512 787 Pisas
1532 749 1724 784 venabatur
1744 758 1852 782 unum

1099 804 1219 850 lupum
1241 815 1320 838 cum
1342 802 1468 837 catulis
1495 799 1586 843 suis,
1614 797 1652 834 ὃ(
1682 797 1751 845 post
1776 797 1853 832 bre-

1100 866 1178 888 vem
1217 852 1333 893 fugam
1372 865 1471 887 canes
1499 849 1705 886 venantium
1744 848 1853 884 attin—

1100 904 1227 951 gebant
1254 904 1375 951 lupum
1402 903 1436 937 &
1464 902 1604 947 lupulos
1623 927 1632 940 .
1670 898 1708 936 &
1736 897 1855 934 crude-

1100 953 1183 989 liter
1209 966 1330 988 omnes
1357 953 1546 988 necabant.
1576 953 1680 986 Nunc
1705 949 1745 984 ad
1775 949 1856 983 lite—

1101 1017 1196 1040 ram.
1226 1004 1326 1039 Dicit
1354 1003 1492 1039 Aue³c0r
1518 1001 1582 1037 fic.
1619 1000 1754 1046 ‚Qu-esti,
1792 998 1855 1033 sci—

1102 1054 1186 1090 licet
1207 1054 1500 1102 Archiepiscopus
1517 1064 1639 1099 pareva
1657 1065 1677 1086 a
1697 1064 1743 1084 me
1763 1052 1858 1083 Esae-

1097 1105 1160 1147 stro
1186 1119 1201 1138 e
1228 1108 1365 1145 Donno,
1402 1104 1485 1140 idest
1521 1103 1640 1151 Major
1667 1102 1700 1136 8<
1731 1099 1857 1135 Domi-

1104 1169 1165 1190 nus
1193 1155 1230 1190 in
1258 1154 1465 1190 venatione.
1502 1156 1596 1190 Nam
1626 1151 1742 1187 Pisani
1770 1150 1859 1186 fece—

1102 1215 1184 1241 runt
1212 1219 1288 1241 eum
1319 1205 1554 1254 Capitaneum
1581 1204 1615 1238 &
1644 1204 1779 1237 Ducem
1800 1214 1857 1236 eo-

1104 1269 1202 1292 rum:

1155 1307 1329 1341 Caeciando
1356 1306 1381 1340 ’l
1407 1307 1480 1353 lupo
1496 1331 1505 1345 ,

1105 1356 1188 1392 idest
1215 1359 1445 1402 Tyrannum,
1483 1355 1619 1392 scilicet
1656 1368 1711 1390 me
1748 1353 1859 1400 ipsum

1104 1407 1286 1443 Comitem
1316 1407 1532 1453 Ugolinum.
1568 1408 1661 1443 Nam
1689 1407 1790 1453 lupus
1818 1403 1860 1439 fi—

1106 1466 1206 1506 gurat
1233 1458 1462 1502 Tyrannum,
1492 1458 1589 1504 juxta
1617 1456 1731 1504 illud3

1157 1528 1391 1533 --------
1428 1531 1452 1551 ‚,
1479 1508 1513 1541 hi
1548 1517 1680 1554 regnant
1715 1504 1863 1553 qualibus

1210 1559 1289 1592 Urbe
1316 1558 1421 1604 Lupi.

1351 1630 1365 1635 -
1393 1607 1424 1641 e’
1446 1608 1596 1654 Lupia-ini
1621 1609 1656 1642 al
1683 1618 1803 1646 monte,

1107 1659 1191 1695 idest
1218 1658 1312 1694 filios
1340 1658 1497 1694 Comitis
1525 1657 1708 1704 Tyranni,
1745 1667 1865 1703 tyran*

1109 1710 1280 1745 nunculos
1307 1708 1434 1744 fimiles
1457 1709 1573 1745 Patri.
1602 1708 1685 1744 Ideo
1707 1708 1791 1743 bene
1811 1707 1866 1742 εἰὶ-ιι

1110 1759 1161 1795 cit
1188 1759 1271 1800 ille,
1308 1759 1369 1806 qui
1406 1760 1566 1806 portabat
1601 1760 1703 1801 lupos
1741 1771 1865 1805 parvu-

1109 1810 1163 1845 los
1199 1808 1240 1844 ad
1269 1809 1513 1849 vendendum,
1549 1819 1689 1858 rogatus
1717 1809 1758 1843 ab
1796 1820 1865 1843 uno

1111 1868 1265 1900 emtore,
1293 1868 1332 1895 ut
1358 1859 1454 1895 daret
1482 1859 1543 1895 fibi
1571 1872 1678 1895 unum
1708 1859 1836 1894 bonum
1855 1882 1865 1898 ‚

1111 1910 1308 1960 respondit:
1338 1914 1449 1944 Omnes
1469 1910 1546 1954 sunt
1570 1909 1674 1956 Lupi.
1701 1910 1754 1944 «A'l
1780 1922 1867 1942 mon-

1112 1971 1163 2004 te,
1191 1960 1274 1996 idest
1300 1961 1400 2009 juxta
1426 1969 1583 1995 montem
1601 1983 1611 1998 ‚
1639 1959 1700 2006 qui
1728 1958 1773 1994 est
1794 1971 1866 1993 me-

1113 2011 1190 2046 dius
1217 2011 1309 2046 inter
1339 2013 1471 2047 Lucam
1499 2011 1533 2045 &
1564 2009 1677 2053 Pisas,
1715 2008 1776 2057 qui
1804 2008 1868 2043 ho-

1114 2061 1170 2096 die
1198 2062 1393 2110 appellatur
1418 2062 1526 2096 Mons
1554 2059 1672 2096 Sanfi‘d
1709 2058 1841 2103 Juliani
1858 2085 1866 2093 .

1116 2111 1198 2147 Ideo
1226 2111 1334 2147 dicit:

1166 2161 1417 2207 Perch'e’Pisan
1436 2163 1530 2196 vedev
1549 2166 1650 2196 Lucca
1669 2174 1728 2195 non
1750 2172 1870 2207 panno.

1117 2215 1216 2258 Quae
1239 2222 1355 2247 tamen
1384 2212 1429 2248 est
1456 2213 1504 2247 eis
1528 2212 1645 2247 vicina
1674 2225 1733 2259 per
1752 2210 1872 2246 decem

1118 2263 1287 2298 milliaria
1311 2290 1322 2307 ,
1362 2264 1395 2298 &
1438 2263 1534 2309 saepe
1574 2261 1794 2310 exspoliata,
1833 2259 1871 2296 &

1117 2313 1323 2362 subjugata,
1360 2314 1460 2362 juxta
1495 2313 1585 2348 illud
1614 2314 1756 2362 vulgare
1792 2324 1872 2360 pro—

1117 2364 1276 2400 verbium
1295 2377 1303 2399 ε

1169 2439 1191 2455 ,‚
1219 2419 1333 2450 Buona
1358 2418 1457 2449 Terra
1483 2414 1499 2447 ὲ
1524 2417 1655 2457 Luam,-

1169 2490 1192 2510 ‚‚
1219 2468 1282 2499 Ma
1307 2465 1385 2510 Pisa
1410 2466 1445 2501 la
1468 2465 1609 2512 pilum.

1085 2519 1093 2554 Ι
1118 2517 1165 2552 Et
1191 2515 1303 2552 dicit:

1759 2564 1826 2597 Cen
