2216 3105
399 220 451 262 23

337 261 486 305 liceret,
515 266 617 303 venia
643 277 760 305 tamen
790 271 877 307 saffica
905 277 1092 310 Mercatort’-
1135 276 1167 310 A
1206 291 1242 313 re
1270 278 1393 314 anxios
1421 279 1584 319 inducat,

336 313 395 349 bus
423 319 626 358 Louwhmdis,
655 319 701 358 &¹
727 322 905 364 Caorsinis,
943 326 990 365 ὠ·
1017 327 1093 362 aliis

331 365 460 411 pacifice
487 371 630 404 morandi
644 395 653 409 ‚
689 371 839 406 veniendi
873 389 909 409 ac
935 378 1093 411 recedendi

333 426 390 464 pro
410 417 480 461 sut's
506 420 657 466 negotiis,
686 420 732 458 εἴ)
756 426 934 459 mercaturis
953 427 1093 471 legitime

334 469 531 505 exercendis.
569 470 715 505 Eosdem
755 486 914 521 quoque,
957 476 1092 514 scilicet

333 517 547 559 Lamia-dos,
590 522 798 562 Catum-inas,
826 526 965 573 aliasque
989 529 1091 574 perso-

333 581 392 601 nas
418 570 611 616 alienigenas
641 572 754 616 Usuras
788 577 910 619 publice
952 591 1091 613 exercen-

332 628 398 656 tes,
436 632 477 653 ex
515 621 710 658 dieionibus
748 622 815 659 suis
851 627 1001 663 Gallicis
1030 643 1090 664 ex-

333 668 491 704 turbavit
519 669 669 708 Carolus
699 675 743 708 ΙΙ.
772 675 914 712 Siciliae
953 681 1027 714 Rex
1056 681 1088 715 8(

334 719 543 755 Provinciae
563 721 714 759 Comes.
744 725 858 760 Viden
881 737 919 763 ut
939 732 1091 765 Lombar-

330 768 369 802 di
395 782 412 804 a
440 772 599 806 Cam-cinis
636 774 764 822 ubique
803 776 1088 827 distinguuntur?

331 819 426 866 Ergo
456 819 513 855 sub
541 826 785 860 Lombardorum
813 829 956 865 nomine
984 831 1088 871 Itali,

332 870 430 905 Galli
461 871 519 906 sub
547 875 765 910 Caorcinorum
791 878 997 916 veniebant.
1026 882 1088 917 Sed

332 920 425 967 quod
456 921 633 970 Principes
661 925 728 962 suis
764 928 899 976 legibus
936 941 1088 967 evertere

330 971 423 1005 velle
451 969 680 1015 videbantur,
721 979 880 1025 improba
917 980 979 1017 illa
1007 996 1088 1031 gens

327 1029 390 1055 aut
428 1022 612 1064 tuebatur,
651 1035 710 1062 aut
748 1027 845 1065 brevi
881 1032 1087 1069 restaurabat

329 1070 511 1108 oblatione
539 1087 719 1112 munerum
741 1103 749 1116 ‚
777 1079 827 1114 ita
856 1089 894 1116 ut
922 1092 1087 1129 perpetuo

327 1120 470 1170 quidem
500 1122 774 1172 improbaretur,
810 1131 843 1165 8<
873 1130 1004 1181 semper
1030 1133 1085 1168 ni-

326 1170 523 1208 hilominus
550 1175 758 1213 retineretur
772 1205 781 1213 .

379 1223 514 1258 Interea
564 1225 732 1272 graffante
782 1230 952 1277 ejusmodi
999 1233 1086 1279 peste

325 1271 476 1308 minime
503 1272 646 1311 silebant
685 1280 836 1315 Romani
875 1283 1084 1325 Pontifices,

326 1323 461 1370 aliique
488 1323 573 1360 sacri
603 1327 753 1364 pastores
790 1332 979 1369 Ecclesiae.
1021 1336 1083 1370 Sed

325 1373 551 1421 praecipuum
581 1387 700 1413 contra
729 1393 786 1415 eos
814 1381 946 1417 fulmen
975 1398 1085 1420 emer-

326 1423 368 1459 fit
396 1438 437 1460 ex
466 1423 638 1462 Concilio
665 1431 828 1465 Generali
864 1435 1081 1470 Lateranensi

326 1476 475 1514 Tertio,
519 1478 627 1512 Anno
664 1481 906 1517 MCLXXIX.
936 1482 1084 1520 Canone

326 1527 441 1561 XXV.
471 1526 523 1561 Ibi
556 1528 755 1565 Alexander
782 1533 846 1566 ΙΙΙ.
877 1535 991 1578 Papa,
1029 1549 1083 1570 ce-

325 1576 463 1623 terique
502 1578 618 1612 Patres
660 1578 697 1614 in
726 1579 808 1616 haec
836 1584 939 1619 verba
968 1584 1083 1621 decre-

326 1636 473 1662 verunt:
505 1627 593 1672 ,Quia
621 1628 652 1662 in
681 1630 823 1665 omnibus
843 1634 909 1676 fere
932 1636 1005 1668 locis
1024 1637 1083 1670 cri-

325 1691 394 1712 men
423 1677 591 1721 Usurarum
620 1679 666 1713 ita
693 1681 846 1722 inolevit,
874 1694 910 1717 ut
935 1687 1028 1719 multi
1047 1702 1083 1721 a-

325 1727 380 1761 liis
416 1727 549 1773 negotiis
586 1733 829 1777 praetermfiffls,
872 1735 960 1781 quali
999 1737 1083 1771 licite

327 1778 442 1822 Usuras
470 1790 626 1813 exerceant
652 1780 723 1817 [ἵνα
753 1785 823 1817 Ideo
849 1786 1081 1826 constituimus,

325 1840 361 1863 ut
389 1827 531 1871 Usurarii
558 1831 714 1873 maniszsti
740 1847 791 1867 nec
816 1837 859 1869 ad
884 1838 1081 1871 Communi&-

324 1893 392 1913 πρὶν)
419 1879 631 1914 admittantur
656 1883 809 1923 Altaris‚
848 1900 900 1919 nee
926 1889 1080 1930 Christia-

325 1943 420 1969 nam,
442 1929 473 1970 fi
501 1930 532 1963 in
560 1931 612 1965 hoc
636 1943 756 1977 peccato
779 1935 974 1978 decesserint,
1002 1939 1081 1972 acci-

323 1983 417 2028 piant
454 1981 646 2026 sepulturam
692 1985 759 2019 &a
801 1985 929 2021 Eadem
972 2001 1081 2036 poena

328 2042 448 2067 contra
478 2031 559 2066 illos
587 2043 752 2069 renovata
781 2036 824 2070 est
841 2064 851 2079 ‚
879 2037 960 2073 aliis
988 2038 1081 2074 insu-

325 2096 387 2124 per
414 2082 581 2128 adjefflis‚
612 2085 718 2119 Anno
745 2087 1023 2124 MCCLXXIV.
1045 2090 1080 2124 in

327 2132 498 2168 Concilio
518 2135 681 2170 Generali
710 2137 929 2183 Lugdunenfi
948 2141 992 2174 Π.
1009 2139 1081 2175 Ca—

328 2197 418 2219 none
434 2184 739 2232 xxvt.idemque
761 2187 1006 2224 confirmatum
1029 2191 1084 2225 vi—

327 2234 458 2270 deasin
487 2235 566 2269 aliis
594 2233 798 2276 Carminis,
824 2251 910 2284 quae
931 2253 1084 2276 comme-

327 2298 461 2320 morare
485 2284 574 2319 nihil
597 2285 744 2321 attinet.
775 2289 894 2334 Atque
919 2288 1000 2325 hinc
1016 2294 1084 2326 Le-

326 2335 403 2370 &or
431 2335 545 2370 minus
574 2335 703 2383 peritus
743 2336 783 2371 ad
812 2338 1081 2386 intelligendum

323 2386 488 2426 ducitur,
531 2399 589 2420 cur
617 2387 826 2423 Boccaccius
853 2389 889 2424 in
921 2389 987 2425 suis
1011 2394 1080 2430 ‚Fa-
1107 2380 1115 2481 Ι
1164 2412 1170 2580 ¹

1125 2111 1171 2198 El

324 2437 414 2471 bulis
442 2437 572 2472 amicos
601 2438 824 2474 Florentinos
851 2443 909 2473 Ser
930 2441 1079 2477 Ciawel-

322 2487 392 2521 letti
419 2486 603 2526 Pmterzfis,
640 2488 800 2524 omnium
830 2490 1077 2539 improbiffimi
1105 2495 1110 2564 Ι

321 2537 564 2575 foeneratoris
593 2539 628 2573 in
656 2540 880 2588 Burgundia,
917 2550 1079 2592 tantope-
1105 2565 1112 2589 1

712 212 1111 273 ANTIQUIT.
1153 218 1385 260 MEDII
1426 220 1605 262 ΑΕΗ]

1855 239 1910 277 24

1627 279 1719 327 quod
1746 293 1824 316 eum
1856 281 1896 315 ad
1925 280 1966 316 fi-

1206 341 1284 363 nem
1331 329 1426 365 vitae
1470 341 1711 378 properantem
1759 340 1937 367 cernerent
1954 356 1963 371 ,

1206 378 1358 426 fibique,
1396 393 1434 415 ac
1470 380 1549 419 illi,
1591 394 1609 415 a
1648 382 1782 429 Populo
1809 382 1963 429 regionis

1205 428 1303 464 illius
1332 438 1547 468 metuerent,
1589 430 1649 464 ubi
1691 431 1763 476 ejus
1792 444 1884 466 mors
1911 445 1963 467 re-

1206 478 1368 515 sciretur.
1410 480 1473 515 Sed
1511 479 1682 527 quidquid
1721 480 1893 515 minarum
1923 495 1961 516 ac

1207 542 1393 572 poenarum
1430 529 1602 569 Ecclefia,
1644 529 1814 577 quidquid
1854 533 1962 579 Reges

1205 580 1237 613 8<
1278 579 1456 627 Principes
1502 580 1538 614 in
1582 580 1750 626 perditam
1793 578 1962 629 ejusmodi

1206 629 1413 676 accipitrum
1466 629 1656 664 colluviem
1708 630 1928 666 intentarunt
1951 659 1961 675 ‚

1205 678 1296 714 nihil
1324 693 1382 714 eos
1410 681 1451 714 ab
1479 689 1551 715 arte
1579 680 1810 716 abominanda
1847 681 1961 716 dimo-

1206 729 1282 778 vit3
1313 730 1441 777 nosque
1462 730 1679 777 subsequenti
1701 732 1845 766 Saeculo
1863 734 1958 768 XIV.

1204 779 1338 815 eosdem
1376 780 1584 816 offendimus
1622 794 1700 816 cum
1742 782 1779 816 in
1816 782 1960 821 Gallia,

1205 840 1277 865 tum
1307 830 1344 865 in
1374 831 1477 866 Italia
1504 831 1664 878 vigentes
1692 831 1822 872 adhuc,
1860 833 1891 866 8<
1923 832 1961 867 in

1204 880 1312 916 studio
1354 880 1413 916 suo
1456 881 1667 928 pertinaces.
1708 883 1822 917 Immo
1863 879 1960 918 nulla

1204 944 1309 976 paene
1329 930 1479 967 'Civitas
1507 930 1676 979 ejusmodi
1714 932 1801 979 peste
1828 932 1958 968 immu—

1205 982 1257 1016 nis
1285 982 1424 1020 abibat,
1452 983 1486 1016 &
1510 983 1662 1017 Fortaffe
1683 995 1724 1017 ne
1745 984 1856 1017 ullum
1879 982 1958 1028 qui-

1203 1031 1281 1065 dern
1317 1030 1546 1067 Castellum.·
1571 1032 1679 1067 Tusci
1717 1046 1795 1079 prae
1836 1033 1958 1068 ceteris

1204 1081 1243 1115 ad
1273 1094 1374 1120 apum
1403 1081 1507 1117 instar
1542 1083 1610 1116 mel
1654 1082 1806 1129 undique
1834 1095 1960 1130 conge-

1204 1131 1324 1166 rebant
1344 1158 1352 1166 .
1398 1134 1527 1179 Erepta
1572 1131 1616 1166 est
1668 1133 1774 1167 Anno
1825 1131 1958 1169 Christi

1204 1183 1413 1217 MCCLVI.
1444 1181 1612 1217 Patavina
1639 1181 1783 1218 Civitas
1825 1183 1956 1219 crudeli

1203 1233 1372 1277 Tyranno
1416 1233 1584 1267 Eccelino
1604 1257 1614 1271 ,
1660 1246 1698 1267 ac
1740 1232 1874 1279 direpta
1915 1234 1957 1268 ab

1202 1282 1279 1328 ipfis
1307 1281 1423 1318 Cruce
1450 1282 1608 1331 fignatis.
1646 1284 1749 1318 Tunc
1788 1283 1957 1319 Rolandi-

1202 1346 1247 1367 no
1274 1333 1355 1368 teste
1384 1333 1464 1368 Lib.
1495 1346 1528 1380 9.
1557 1332 1645 1380 Cap.
1668 1335 1693 1367 I.
1731 1333 1792 1368 vix
1820 1334 1911 1369 ullus
1939 1347 1956 1370 e

1201 1381 1354 1419 Civibus
1382 1383 1587 1418 interemtus
1615 1383 1703 1419 fuit.
1740 1384 1802 1418 Sed
1840 1385 1956 1428 Tuscus

1200 1435 1328 1478 quidam
1369 1439 1489 1467 nomine
1530 1435 1694 1478 johannes
1734 1435 1772 1467 de
1811 1437 1955 1474 scama,

1196 1484 1284 1526 suam
1310 1486 1418 1518 volens
1445 1484 1526 1517 tueri
1558 1485 1745 1530 pecuniam,
1785 1483 1878 1530 quam
1912 1486 1957 1519 ad

1196 1534 1331 1579 pignora
1358 1533 1545 1577 mutuabat,
1581 1534 1769 1577 defendendo
1794 1533 1956 1579 pecuniam

1198 1584 1239 1625 est
1265 1584 1395 1628 occtsus.
1433 1586 1479 1618 Et
1507 1597 1549 1619 ne
1576 1585 1680 1631 longe
1707 1585 1867 1632 exempla
1895 1597 1953 1631 pe-

1197 1643 1292 1677 tam,
1334 1634 1518 1670 domestica
1562 1634 1650 1669 mihi
1693 1636 1803 1668 multa
1833 1634 1954 1682 suppe-

1197 1693 1296 1720 tunt.
1334 1687 1442 1720 Anno
1479 1683 1610 1720 Christi
1652 1685 1861 1720 MCCCVI.
1890 1684 1961 1725 lio-⁷

1198 1748 1272 1770 rum
1327 1736 1426 1770 turba
1468 1733 1722 1769 Mutinenfium
1774 1747 1952 1770 crumenas

1197 1785 1404 1832 obfidebat;
1444 1797 1554 1831 neque
1590 1783 1744 1819 Civibus
1786 1786 1953 1825 tantum,

1197 1835 1250 1870 sed
1278 1837 1310 1870 &
1340 1834 1400 1883 ipfi
1425 1834 1651 1882 Reipublicae
1673 1834 1854 1880 pecuniam
1875 1848 1952 1870 mu—

1197 1896 1258 1921 tuo
1286 1886 1415 1928 dabat,
1444 1895 1547 1933 prout
1575 1886 1610 1920 in
1638 1884 1718 1919 aliis
1746 1885 1834 1920 locis
1861 1884 1952 1920 face—

1196 1950 1232 1971 re
1260 1936 1484 1971 consuerunt.
1509 1937 1553 1970 In
1581 1935 1731 1978 publicis
1758 1936 1831 1983 ejus
1852 1936 1951 1972 Anni

1198 1987 1300 2022 Aglis
1327 1986 1440 2022 MStis
1477 1985 1533 2020 die
1570 1987 1631 2020 VI.
1659 1985 1745 2028 Julii
1788 1985 1951 2021 constitu-

1197 2047 1272 2072 tum
1301 2036 1369 2072 fuit
1387 2062 1395 2075 ,
1424 2047 1459 2070 ut
1485 2036 1629 2070 mittatur
1653 2047 1709 2081 pro
1736 2037 1886 2080 Tuscanis
1900 2037 1951 2080 so-

1198 2088 1335 2129 rensibus
1346 2112 1356 2126 ,
1381 2086 1427 2126 ὅγ’
1447 2098 1610 2133 rogentur,
1638 2087 1719 2132 quod
1738 2097 1878 2121 mutuare
1896 2088 1952 2120 de-

1197 2140 1289 2173 beant
1315 2138 1480 2171 Communi
1505 2138 1657 2171 Mutinae
1684 2137 1872 2183 quingentas
1892 2137 1951 2171 Li·-

1197 2189 1269 2224 bras
1296 2188 1512 2231 Mutinenses.
1551 2188 1646 2233 Quod
1664 2187 1697 2227 st
1721 2187 1818 2229 facere
1845 2187 1952 2220 nolue-

1197 2240 1290 2281 rint,
1318 2239 1539 2284 compellantur
1563 2250 1617 2284 per
1644 2237 1814 2271 Dominum
1849 2238 1949 2284 Capi—

1195 2301 1319 2325 taneum
1346 2288 1443 2334 ipsam
1467 2289 1676 2334 quantitatem
1709 2288 1856 2334 pecuniae
1883 2301 1950 2322 mu-

1195 2351 1283 2375 tuare
1293 2354 1311 2382 ;
1338 2338 1384 2376 εἰν
1412 2340 1491 2384 quod
1517 2343 1555 2372 de
1583 2338 1650 2384 ipsa
1668 2338 1798 2384 pecunia
1818 2339 1948 2371 redden-

1193 2392 1236 2425 da
1253 2390 1322 2435 fiat
1348 2389 1391 2423 eis
1412 2389 1562 2434 firmitas
1590 2388 1636 2427 ὡ
1672 2389 1824 2435 promissio
1854 2386 1950 2431 suffi-

1193 2442 1290 2475 ciens.
1322 2441 1428 2487 quue
1457 2453 1526 2474 non
1555 2439 1657 2474 semel
1687 2438 1795 2485 postea
1818 2437 1950 2473 saecum

1193 2491 1296 2527 video
1323 2490 1444 2526 eodem
1474 2491 1604 2526 Anno.
1634 2488 1725 2523 Infra
1754 2501 1951 2524 memoran-

1191 2551 1247 2578 tur
1274 2555 1374 2577 omnes
1402 2541 1538 2587 Tuscani
1564 2549 1751 2576 mutuarer-es
1768 2564 1778 2579 ,
1807 2539 1861 2586 qui
1887 2552 1952 2574 mo·-

1823 2601 1901 2625 scm-
