2216 3105
395 220 493 269 ,747

354 321 478 347 mento
495 341 505 357 ,
532 313 677 352 dicens:

402 365 515 398 Naum
543 366 670 407 Profeta
688 396 702 410 ‚
699 381 921 398 ......

353 413 528 460 Propheta
567 415 635 452 fuit
671 419 705 454 δε
744 420 903 468 princeps
945 421 1110 457 Sacerdo—

351 472 427 498 tum
467 465 503 499 in
546 466 794 505 Hierusalem.
836 471 911 518 Qui
952 481 1110 519 ternpore

353 514 506 550 Davidis
543 518 765 562 reprehendit
801 520 915 568 ipsum
943 522 985 556 de
1011 523 1110 557 adul—

352 564 469 605 terio,
498 566 539 601 de
568 568 733 604 mandato
756 570 845 612 Dei,
873 572 916 606 de
937 585 1007 619 quo
1029 572 1111 606 scri-

354 614 451 651 bitur
479 617 591 653 Libro
621 621 781 668 Regum.
824 621 909 656 Fuit
948 621 1008 657 iste
1037 624 1111 658 Na-

353 673 414 700 tan
444 668 682 712 praedicator,
719 672 753 704 &
791 671 1035 719 reprehensor,
1073 682 1110 707 ut

355 718 526 752 convenit
556 719 708 768 Pastori;
735 720 824 755 unde
852 722 1011 758 convicit
1040 724 1112 757 Da-

355 765 475 801 videm
504 779 603 804 caute
632 782 690 813 per
730 772 931 819 exemplum
974 771 1111 810 Divitis

354 815 388 851 8<
422 818 604 866 Pauperis,
634 829 672 855 ut
700 821 835 869 patebit
862 821 913 858 ibi
925 831 939 858 .’

404 889 420 895 -
446 890 462 895 -
489 890 505 894 -
532 890 548 895 —
576 870 602 903 il
627 872 875 916 Metropolitum

403 919 614 963 Crisollomo;
640 942 656 947 -
682 942 699 949 -
725 943 742 949 -
769 944 785 950 -

354 968 419 1005 Iste
448 969 492 1004 est
519 970 716 1016 johannes,
759 972 821 1022 qui
863 974 1114 1023 interpretatur

352 1024 395 1054 Os
423 1024 591 1066 Aureum,
619 1036 698 1058 nam
726 1037 824 1072 xpm&
853 1027 1008 1066 Graece,
1036 1029 1113 1062 ,Au—

355 1083 425 1104 rum
453 1071 607 1113 Latine,
649 1073 688 1109 ὃ(
717 1084 814 1116 qam,
855 1075 939 1111 idest
965 1090 1019 1112 os.
1049 1077 1114 1112 Di-

356 1120 432 1156 &us
460 1122 505 1158 est
526 1136 641 1158 autem
662 1138 700 1160 os
722 1138 862 1162 aureum
886 1136 1026 1174 propter
1048 1127 1115 1162 mi-

355 1172 501 1207 rabilem
533 1172 634 1219 ipfius
661 1179 922 1223 eloquentiam.
953 1177 1037 1213 Fuit
1057 1177 1115 1213 iste

355 1220 624 1268 Chrysostornus
675 1227 971 1273 Archiepiscopus
1014 1226 1115 1265 Con—

355 1271 708 1322 stantinopolitanus.
745 1276 859 1327 Cujus
897 1279 984 1314 Vita
1012 1279 1113 1314 habe-

353 1331 416 1358 tur
455 1324 492 1359 in
531 1325 686 1362 Historia
727 1329 951 1375 Tripartita.
996 1331 1115 1365 Primo

355 1373 451 1409 enim
479 1374 608 1412 studuit
638 1378 904 1428 Philosophiae,
933 1379 1059 1415 deinde
1080 1380 1115 1415 in

355 1424 582 1473 Theologia‚
609 1437 766 1477 tempore
795 1430 949 1466 Honorii
979 1429 1015 1466 ἃ
1050 1433 1116 1466 Ar·

356 1475 451 1511 cadii
483 1478 593 1525 lmop.
621 1480 668 1514 Et
697 1493 877 1526 promotus
906 1481 973 1515 fuit
1001 1495 1018 1516 a
1047 1483 1116 1515 Da-

355 1525 452 1579 maso
474 1528 586 1575 Papa.
615 1531 661 1565 Et
681 1530 790 1577 paffiis
810 1532 959 1566 exilium
982 1545 998 1565 a
1026 1532 1113 1566 mul·

355 1583 404 1610 tis
432 1578 654 1617 Haereticis,
691 1592 761 1614 non
789 1581 901 1615 tacuit
929 1581 1113 1616 veritatem

355 1623 395 1661 in
425 1626 493 1661 suis
515 1628 835 1674 praedicationibus
856 1633 888 1666 8<
917 1631 1115 1676 scripturis.

357 1676 443 1711 Fuit
470 1677 566 1712 enim
595 1678 702 1714 homo
731 1682 881 1716 multum
910 1681 1063 1729 rigidus.

408 1728 978 1774 --—-&=Anselmo-——-

358 1776 432 1812 Hic
458 1776 528 1812 fuit
564 1777 762 1815 Monachus
798 1781 839 1816 de
869 1781 1116 1825 Normandia‚

360 1826 485 1862 deinde
525 1829 821 1878 Archiepiscopus
867 1831 1114 1880 Conturbiae;

359 1890 505 1926 magnus
533 1876 571 1913 &
601 1878 739 1915 subtilis
769 1880 904 1917 Dostor
931 1881 968 1917 in
996 1881 1115 1917 Theo-

358 1927 454 1975 logia
473 1952 482 1965 .
510 1928 573 1976 qui
600 1929 686 1966 fecit
714 1930 901 1967 sententias
929 1933 1116 1980 antiquas.

409 1999 599 2006 —————
625 1994 641 2015 e
667 1983 737 2028 quel
765 1985 913 2022 Donato,

360 2030 433 2066 Hic
460 2028 528 2066 fuit
551 2032 727 2068 Romanus
747 2033 1029 2075 Grammaticus,
1054 2033 1115 2081 qui

361 2080 448 2117 fecit
474 2080 512 2115 in
539 2082 779 2119 Grammatica
801 2085 967 2131 majorem
989 2083 1027 2120 ὃ(
1049 2085 1117 2120 mi—

360 2144 482 2169 norem
510 2132 726 2174 editionem,
753 2148 840 2182 quos
868 2136 997 2172 Libros
1026 2136 1118 2171 Rhe-

362 2181 493 2232 migius
522 2183 658 2219 Doaor
683 2186 969 2234 commentavit3
997 2188 1031 2221 &
1059 2186 1117 2221 hic

362 2232 432 2269 fuit
457 2233 623 2281 Magister
650 2236 748 2270 Beati
787 2237 1002 2282 Hieronymi
1019 2264 1028 2272 .
1071 2239 1119 2272 Et

362 2283 444 2330 quia
471 2284 540 2321 fuit
567 2286 775 2333 generaliter
811 2287 934 2329 utilis,
975 2289 1008 2322 8<
1047 2287 1117 2329 pri-

363 2345 423 2367 mo
464 2334 578 2382 pueris
613 2336 654 2371 ad
691 2335 855 2372 scientias
892 2338 1118 2373 introducen—

363 2382 418 2418 dis
434 2413 442 2425 ,
470 2385 549 2421 ideo
575 2386 716 2435 reponit
742 2386 855 2436 ipsum
883 2387 977 2424 inter
1012 2388 1092 2424 istos
1108 2413 1118 2422 .

364 2434 467 2470 Unde
494 2436 601 2472 dicit:

414 2488 442 2519 C
444 2484 474 2519 h*
489 2501 508 2520 a
523 2488 557 2521 la
572 2486 665 2528 prim'
674 2491 761 2523 Arte
773 2489 874 2534 degn&
884 2500 981 2537 ponet·
1003 2501 1120 2524 mano:

366 2534 449 2572 idest
465 2562 477 2582 ‚
504 2537 587 2586 quia
613 2537 775 2586 dignatus
801 2539 871 2575 est:

695 206 1149 253 BENVENUTI
1187 209 1622 256 IMOLENSIS
1832 223 1915 273 748

352 261 516 310 spiritum
544 263 730 313 antiquum
773 267 815 303 de
843 269 965 306 Veteri
992 269 1111 305 Testa·
1143 271 1178 305 A

1394 293 1410 298 -
1436 286 1452 306 e
1477 273 1588 308 lucemi
1613 274 1671 307 dal
1696 275 1782 309 lato.

1216 321 1308 356 Heic
1335 322 1463 358 ultimo
1491 323 1656 359 describit
1686 324 1855 359 ultimum
1898 327 1975 361 Do-

1215 370 1347 408 &torem
1375 372 1538 409 secundae
1561 388 1728 410 coronae.
1756 376 1803 410 Et
1825 374 1882 409 hic
1902 375 1972 411 fuit

1214 422 1374 465 Joachim
1403 425 1520 460 Abbas
1565 424 1772 460 Monasterii
1801 424 1972 461 Florenfis

1216 473 1254 508 in
1280 471 1468 510 Calabria.
1497 474 1638 523 Scripsit
1659 476 1793 514 multa,
1819 476 1852 510 ὅ(
1876 489 1973 523 prae-

1220 523 1320 571 cipue
1361 525 1459 567 super
1503 525 1694 570 Prophetas
1710 553 1720 570 ‚
1766 526 1974 561 declarando

1217 574 1420 621 Prophetias
1449 573 1488 609 ἃ.
1517 584 1663 611 ventura
1689 585 1868 625 tempora.
1896 577 1978 612 Un-

1215 624 1255 659 de
1283 624 1398 659 dicit:

1264 676 1294 709 Il
1320 674 1490 717 Calavrese
1515 676 1626 708 ,Λίπαρε
1652 677 1845 711 Giovachino

1265 725 1313 758 Di
1333 724 1450 768 spirito
1472 724 1618 768 profetica
1643 729 1769 760 dotato.

1217 775 1335 809 Multa
1365 773 1534 821 fiquidem
1564 774 1780 823 prophetasse
1805 788 1886 811 vera
1918 776 1975 812 vi-

1217 824 1317 860 detur
1344 823 1381 859 in
1409 824 1544 864 Libro,
1572 838 1675 872 quem
1704 825 1837 861 dicitur
1859 825 1974 862 fecisse

1217 875 1257 910 de
1300 874 1533 910 Pontificibus
1552 902 1561 918 ,
1604 875 1642 911 in
1687 889 1758 923 quo
1798 875 1976 924 effigiavit

1219 925 1431 960 mirabiliter
1458 938 1742 973 unumquemque
1768 926 1805 961 in
1838 925 1974 963 diversa

1217 975 1328 1012 forma
1355 974 1393 1012 ὃς
1422 975 1553 1023 figura,
1581 986 1619 1012 ut
1646 976 1742 1021 saepe
1770 975 1917 1012 notavi:

1266 1027 1330 1062 Ad
1361 1026 1530 1074 inveggiar
1556 1047 1744 1054 -----

1219 1077 1308 1112 Heic
1346 1078 1592 1113 Bonaventura
1631 1078 1792 1113 claudens
1819 1076 1973 1125 Capitu-

1218 1128 1318 1167 lum,
1348 1127 1519 1169 ostendit,
1547 1128 1698 1175 qualiter
1726 1127 1830 1163 fuerit
1859 1138 1976 1163 motus

1217 1178 1258 1213 ad
1287 1178 1629 1214 commendationem
1658 1177 1872 1228 Dominici3
1902 1191 1975 1227 *un-

1217 1228 1258 1264 de
1284 1228 1372 1264 dicit
1390 1242 1399 1264 ε
1688 1234 1692 1235 ’

1270 1280 1328 1314 Mi
1354 1278 1442 1326 moffi:
1469 1279 1706 1326 l'inflammata
1731 1279 1857 1321 cortefia

1270 1330 1316 1365 Di
1332 1333 1401 1365 Fra
1418 1332 1599 1375 Tommaso,
1625 1346 1640 1365 e
1651 1330 1675 1364 ’l
1690 1331 1817 1374 discreto
1833 1329 1981 1373 Latino‚0

1217 1379 1350 1429 Magna
1396 1380 1658 1417 commendatio
1684 1406 1695 1421 ‚
1741 1394 1844 1428 quam
1891 1379 1979 1415 fecit

1217 1430 1375 1466 Thomas
1403 1432 1444 1467 de
1472 1432 1620 1479 Aquino
1646 1433 1851 1478 eloquenter
1869 1431 1903 1465 δι
1924 1430 1982 1465 di-

1218 1479 1324 1516 screte
1352 1480 1390 1516 &
1419 1481 1603 1516 curialiter
1627 1481 1669 1516 de
1696 1483 1807 1515 Beato
1834 1478 1979 1514 Franci-

1216 1529 1297 1570 sco,
1325 1532 1366 1563 mi
1393 1529 1481 1575 maffia

1267 1583 1330 1615 Ad
1356 1580 1527 1627 inveggr'ar
1552 1590 1674 1615 cotanto
1695 1580 1879 1618 Paludino,

1217 1629 1300 1665 idest
1320 1657 1330 1673 ‚
1384 1630 1426 1665 ad
1477 1629 1708 1665 invidendum
1755 1627 1979 1672 Dominico‚

1217 1680 1278 1727 qui
1325 1679 1394 1715 fuit
1435 1689 1508 1713 tam
1557 1678 1659 1713 fortis
1701 1677 1799 1726 pugil
1826 1681 1828 1684 ’
1851 1677 1980 1721 Fidei,

1219 1730 1301 1765 idest
1330 1729 1371 1764 ad
1409 1728 1622 1776 sequendum
1659 1742 1702 1764 ex
1743 1727 1982 1764 aemulatione

1222 1779 1365 1814 virtutis
1406 1779 1443 1815 in
1481 1779 1572 1814 bona
1612 1788 1735 1828 parte.
1775 1780 1823 1814 Et
1863 1777 1981 1814 subdit

1219 1830 1430 1865 concludens
1447 1842 1457 1865 :

1271 1884 1302 1914 Ε
1329 1879 1416 1926 moffe
1443 1894 1522 1914 meco
1546 1880 1651 1927 questa
1673 1880 1876 1925 compagnia-

1222 1930 1305 1966 Iden
1323 1957 1334 1971 ,
1362 1931 1504 1966 induxit
1532 1931 1637 1966 etiam
1660 1943 1804 1973 omnes,
1830 1942 1918 1977 quos
1938 1936 1978 1965 tu

1222 1981 1340 2016 vidisti
1360 2009 1370 2025 ‚
1406 1982 1439 2016 &
1469 1981 1646 2018 nominari
1673 1980 1837 2017 audivisti
1864 1980 1903 2016 in
1930 1978 1982 2015 se-

1227 2032 1338 2067 cunda
1365 2045 1513 2067 corona.
1870 2054 1873 2059 v

1362 2084 1424 2117 Ad
1450 2086 1547 2117 Cant.
1577 2086 1646 2118 XV.
1676 2081 1758 2121 Verf.
1787 2083 1847 2117 88.

1273 2137 1299 2167 Ο
1317 2133 1434 2177 fronda
1453 2134 1539 2172 mia,
1565 2134 1597 2166 in
1617 2134 1668 2166 che
1688 2132 1717 2165 1⁶0
1735 2130 1980 2177 compiacemmz',

1224 2184 1316 2219 Heic
1357 2183 1531 2218 Dominus
1561 2182 1794 2230 Caeciagu³da
1834 2181 1866 2216 se
1903 2194 1984 2227 pro-

1227 2236 1345 2279 palat,
1373 2233 1411 2269 &
1439 2234 1672 2269 mutationem
1702 2232 1778 2267 suae
1806 2230 1983 2267 Civitatis

1225 2284 1443 2321 Florentiae.
1479 2286 1526 2319 Et
1563 2284 1678 2333 primo
1707 2282 1843 2318 Aueior
1879 2281 1982 2326 ponit

1225 2334 1421 2382 responsum
1443 2335 1541 2370 illius
1565 2334 1606 2370 ad
1633 2333 1841 2381 petitionem
1864 2331 1981 2371 suam,

1225 2385 1450 2422 describentis
1487 2385 1519 2420 se
1546 2398 1565 2420 a
1592 2383 1767 2431 principio
1794 2382 1981 2425 cognatio-

1226 2436 1298 2472 nis.
1328 2436 1429 2472 Unde
1449 2435 1538 2472 dicit
1557 2434 1697 2472 Λυδὶοι·
1713 2433 1779 2470 fic:
1805 2432 1867 2469 ille
1887 2430 1983 2469 Cae-

1227 2486 1387 2537 ciaguida

1837 2584 1895 2616 Cot
1898 2580 1934 2615 a?
