2216 3105
415 197 500 240 427

722 183 1162 228 BENVENUTI
1202 187 1611 230 IMOLENSIS

1829 190 1914 241 428

359 243 479 284 Terra,
507 239 641 277 scilicet
669 243 890 288 Forlivium,
927 245 978 279 che
998 245 1033 288 s}
1055 245 1114 292 gid
1150 244 1195 281 A
1218 246 1346 294 pulcris
1373 246 1534 281 domibus
1563 244 1600 281 ἃ
1628 243 1878 280 donationibus
1899 257 1972 279 ma-

359 291 394 324 la
420 292 521 338 lunga
543 302 669 339 pro-va,
706 293 789 341 quia
816 295 876 330 diu
913 294 1048 330 steterat
1076 296 1112 330 in

359 342 582 378 contumacia
604 369 613 378 .
655 343 711 378 Est
747 344 842 380 enim
879 358 961 393 gens
999 346 1113 382 forli-

359 390 485 427 vienfis
505 392 616 442 magis
645 404 781 442 promta
801 395 842 430 ad
863 395 1088 431 rebellionem
1105 424 1113 440 ‚

358 442 392 476 ἃ
422 442 554 478 tardior
582 443 622 478 ad
651 444 888 485 deditionem,
916 447 1020 494 quam
1049 447 1115 481 ali—

360 505 427 539 qua
455 506 537 541 gens
560 495 836 539 Romandiolae‚
865 506 903 531 ut
931 496 1114 543 probatum

359 542 405 577 est
432 543 469 578 in
498 544 620 580 multis
648 545 770 580 bellis.
798 548 844 580 Et
871 546 989 595 dicit3

411 596 444 627 E
470 594 506 628 di
532 595 716 639 Franceschi
736 596 924 642 sanguinofh
950 597 1083 630 mucchio
1098 610 1118 638 ;

361 644 456 679 Nam
486 652 524 678 ut
552 644 662 691 aliqui
697 645 866 688 afferunt,
902 647 1031 687 Comes
1058 648 1117 689 Jo-

358 693 489 729 hannes
526 693 648 729 habuit
684 694 721 730 in
758 695 822 730 isto
860 696 993 742 proelio
1027 696 1117 732 circa

359 745 507 779 DCCC.
535 744 670 791 equites
688 771 697 788 ,
735 744 776 780 de
804 746 929 792 quibus
957 745 1048 781 facia
1074 745 1118 781 est

361 793 553 828 miseranda
581 794 721 843 strages.
750 795 830 831 scio
847 823 856 839 ,
885 796 978 843 quod
1006 795 1117 843 aliqui

362 843 577 880 diffimiliter
615 844 768 881 scribunt
812 846 908 881 istam
946 859 1116 895 pugnam.

361 894 425 929 Sed
447 894 528 937 ista,
557 908 660 942 quam
683 896 862 944 praemisi,
891 896 1030 932 videtur
1050 896 1117 932 mi-

358 944 399 979 hi
426 944 567 988 verior,
605 947 638 981 8<
668 946 778 995 magis
806 948 955 983 coniona
983 946 1116 983 viribus

360 995 517 1031 Comitis
545 996 741 1033 Guidonis.

412 1049 500 1080 Sotto
526 1048 555 1080 le
581 1046 713 1082 branche
738 1049 830 1082 ves-di
850 1048 881 1089 fi
907 1049 1052 1083 vitro-ua:

360 1095 448 1132 Idest
476 1096 535 1132 sub
564 1097 728 1146 potestate
747 1099 1026 1142 Ordelafforum,
1054 1097 1115 1146 qui

358 1146 489 1182 habent
527 1161 588 1195 pro
625 1148 732 1196 Signo
769 1151 926 1186 Leonem
964 1149 1114 1184 viridem

360 1210 378 1232 a
407 1197 523 1233 medio
550 1197 648 1246 supra
675 1198 712 1234 in
733 1213 856 1247 campo
884 1213 1009 1244 aureo,
1036 1212 1114 1235 cum

361 1247 565 1295 quibusdam
593 1248 681 1284 listis
703 1263 720 1284 a
745 1251 861 1285 medio
889 1249 1000 1295 infra,
1031 1263 1115 1297 qua-

359 1311 438 1334 rum
466 1307 534 1334 tres
562 1298 640 1334 sunt
668 1299 796 1349 virides
820 1302 852 1335 ὃς
881 1310 948 1335 tres
976 1314 1114 1336 aureae.

360 1350 408 1384 Et
435 1357 518 1384 tunc
546 1350 686 1398 regebat
715 1350 933 1386 Sinibaldus.
963 1353 1010 1385 Et
1039 1350 1115 1386 heic

360 1408 444 1435 nota
462 1427 471 1443 ‚
508 1401 602 1447 quod
629 1400 767 1436 Aufiior
795 1402 958 1448 praeterit
987 1403 1114 1436 Forum

360 1450 602 1498 Pompilium,
638 1451 728 1498 quasi
766 1451 886 1493 dicat,
925 1451 1016 1498 quod
1044 1459 1116 1486 erat

361 1499 422 1536 sub
450 1501 571 1536 eodem
598 1500 784 1543 dominio,
821 1501 905 1548 quia
941 1510 1013 1535 erat
1049 1499 1116 1536 Ci-

360 1551 454 1586 vitas
496 1551 663 1599 parvula,
703 1552 737 1586 &
781 1552 848 1598 jam
889 1551 1115 1586 declinabat.

361 1603 479 1646 Quam
507 1600 627 1636 diebus
655 1600 725 1636 istis
751 1601 924 1636 Dominus
950 1602 1116 1636 Sabinen-

361 1650 430 1693 fis,
468 1653 621 1698 Legatus
658 1650 854 1696 Ecclesiae,
890 1651 1046 1687 funditus
1082 1665 1117 1687 e-

361 1701 493 1744 vertit,
520 1702 554 1736 δ(
583 1701 757 1737 transtulit
785 1703 1049 1737 Bretenorium.

412 1754 445 1786 E
472 1751 496 1785 ’l
523 1752 648 1794 Mastia
675 1752 794 1786 vecchio
808 1766 828 1795 ;
853 1773 992 1778 -----

362 1801 457 1838 Heic
484 1802 624 1837 AuE’tor
650 1802 816 1838 describit
843 1803 947 1837 aliam
975 1800 1120 1836 Civita-

361 1862 436 1887 tem
477 1853 632 1888 nobilem
658 1880 668 1895 ,
712 1851 847 1888 scilicet
887 1852 1119 1895 Ariminum,

365 1916 469 1950 quam
498 1902 693 1938 manifestat
722 1917 779 1950 per
808 1904 980 1938 Dominos
1019 1902 1094 1938 suos
1112 1928 1120 1936 .

365 1956 413 1988 Et
440 1955 516 1988 vult
541 1953 695 1989 finaliter
719 1954 852 1993 dicere,
880 1954 972 2000 quod
1001 1952 1119 1988 secun—

366 2004 411 2039 do
448 2004 631 2040 Malatesta
669 2014 765 2053 pater
800 2004 898 2040 illius
936 2003 1005 2040 viri
1045 2004 1120 2038 vio-

365 2054 497 2090 lentius
539 2063 656 2090 teneat
695 2054 893 2091 Civitatem
936 2054 1121 2089 Arimini.

366 2104 427 2140 Ad
454 2118 602 2152 quorum
630 2106 870 2154 cognitionem
898 2104 943 2140 est
970 2104 1122 2140 breviter

367 2155 576 2200 sciendum,
618 2157 710 2204 quod
751 2156 789 2191 in
831 2155 1013 2204 provincia
1051 2157 1122 2189 Ro-

368 2205 589 2250 mandiolae,
623 2208 660 2241 in
697 2206 882 2242 Comitatu
918 2204 1123 2241 Montisfel-

367 2256 442 2298 tri,
478 2256 523 2291 est
551 2270 656 2291 unum
685 2256 870 2291 Castellum
890 2282 900 2299 ,
937 2255 1029 2302 quod
1059 2269 1120 2290 vo—

368 2315 466 2342 catur
493 2308 609 2342 Penna
638 2307 834 2348 Billorum,
861 2319 905 2340 ex
933 2319 1003 2352 quo
1030 2305 1118 2340 olim

366 2365 547 2392 traxerunt
567 2356 742 2404 originem
769 2355 991 2396 Malatestae.
1019 2358 1119 2400 Quo—

365 2420 443 2443 rum
472 2420 558 2442 unus
585 2406 652 2442 fuit
680 2406 790 2441 Miles
821 2407 944 2454 probus
967 2405 1118 2441 Malate-

366 2458 434 2501 sta,
465 2458 523 2505 qui
555 2467 693 2505 propter
720 2470 843 2503 magna
874 2456 1040 2491 beneficia
1068 2456 1117 2491 fa-

366 2508 443 2545 &us
479 2508 523 2544 est
558 2507 664 2545 Civis
701 2506 892 2552 Arimini,
929 2506 1029 2543 fastis
1065 2506 1118 2543 ibi

1140 1492 1188 1636 ἱΒ

1144 1916 1149 1964 Ι

1162 2054 1188 2087 Ε

1193 293 1195 316 ¹
1217 296 1313 344 gnis.
1340 299 1386 332 Et
1414 310 1456 331 ex
1485 295 1663 345 praedifflo
1690 303 1790 330 natus
1817 295 1862 329 est
1889 293 1971 329 Ma-

1218 346 1333 382 latesta
1369 347 1478 382 Miles
1515 346 1652 390 audax,
1688 345 1749 393 qui
1787 343 1973 392 acquisivit

1218 397 1414 433 dominium
1430 396 1612 436 Arimini,
1633 409 1740 444 quum
1761 396 1842 431 esset
1860 396 1973 430 XXII.

1219 460 1407 483 annorum.
1445 447 1518 492 Qui
1558 446 1645 482 vicit
1672 445 1855 481 Comitem
1884 445 1973 480 Gui-

1219 497 1342 533 donem
1371 497 1459 545 apud
1488 497 1652 533 Montem
1679 498 1844 536 Clarum,
1873 494 1910 531 ἃ
1931 496 1973 530 ab

1220 561 1261 583 eo
1297 547 1411 583 viE'tus
1452 548 1497 583 est
1536 547 1623 595 apud
1666 549 1814 582 Pontem
1856 545 1974 581 &mcii

1223 598 1383 633 Proculi.
1420 598 1492 633 Hic
1520 597 1641 645 genuit
1676 597 1869 640 Johffnnem
1897 598 1972 631 Sar-

1221 657 1359 695 gamm,
1387 648 1444 682 vel
1472 648 1715 688 Sciancatum,
1743 646 1805 692 qui
1832 645 1974 680 interfe—

1222 697 1270 732 cit
1301 697 1444 732 Paulum
1475 695 1613 731 fratrem
1644 695 1741 730 suum
1769 694 1867 729 fimul
1896 707 1974 729 cum

1222 746 1402 783 francisca
1431 760 1558 781 uxore.
1589 747 1678 780 Item
1709 744 1831 793 genuit
1858 744 1975 779 Mala-

1221 797 1407 837 testinum,
1436 797 1496 843 qui
1524 796 1592 831 fuit
1621 797 1826 830 monoculus
1844 822 1853 837 ,
1891 795 1976 830 astu—

1223 846 1369 882 tiffimus
1397 849 1607 892 Tyrannus,
1645 845 1706 893 qui
1735 844 1888 881 succeffit
1917 858 1975 893 pa-

1222 897 1268 932 tri
1304 897 1342 932 in
1369 897 1549 932 dominio.
1583 899 1629 932 Et
1666 910 1708 932 ex
1736 909 1777 931 eo
1803 905 1904 931 natus
1932 894 1976 930 est

1223 947 1466 982 Ferrantinus.
1489 947 1594 983 Alius
1615 946 1708 982 filius
1731 947 1799 981 fuit
1814 960 1856 981 ex
1878 959 1975 994 prae-

1223 997 1295 1033 fato
1331 996 1539 1040 Malatesta‚
1576 997 1720 1033 nomine
1758 995 1975 1040 pandulfus,

1222 1047 1283 1096 qui
1310 1048 1471 1096 regnavit
1507 1048 1578 1095 post
1615 1046 1877 1082 Ixialatestinum
1906 1059 1973 1081 una

1224 1111 1302 1133 cum
1325 1098 1533 1134 Ferrantino
1553 1108 1678 1144 nepote
1706 1097 1784 1132 suo.
1813 1099 1866 1131 Ex
1887 1098 1978 1131 Pan-

1224 1147 1321 1184 dulfo
1358 1148 1433 1184 nati
1469 1148 1547 1183 sunt
1585 1148 1759 1183 Dominus
1795 1146 1978 1182 Malatesta

1225 1198 1454 1248 sagacissimus
1491 1201 1702 1245 Tyrannus,
1737 1196 1774 1234 ὃ(
1803 1197 1978 1233 Dominus

1224 1251 1409 1285 Galeottus
1428 1249 1579 1285 strenuus
1599 1261 1796 1287 armorum,
1821 1248 1882 1295 qui
1903 1247 1978 1282 die-

1226 1301 1285 1336 bus
1313 1300 1433 1335 nostris
1470 1299 1608 1336 fuerunt
1647 1298 1794 1334 Domini
1831 1309 1976 1345 magnae

1225 1350 1332 1398 partis
1358 1350 1539 1386 Marchiae
1567 1348 1836 1385 Anconitanae.
1874 1346 1975 1382 Dicit

1225 1413 1325 1448 ergo:
1356 1402 1386 1435 Il
1413 1401 1539 1442 Mastin
1565 1400 1712 1440 vecchio,
1749 1396 1831 1433 idest
1857 1396 1976 1431 Mala-

1225 1451 1306 1485 testa
1333 1450 1496 1497 antiquus
1513 1477 1522 1493 ‚
1560 1450 1621 1497 qui
1648 1448 1717 1483 fuit
1745 1450 1845 1482 Avus
1880 1446 1977 1482 istius

1225 1500 1453 1543 Malatestae,
1483 1499 1551 1534 viri
1581 1497 1809 1547 sagaciflimi,
1837 1496 1898 1544 qui
1926 1510 1979 1532 re·

1199 1569 1201 1593 ς
1224 1550 1347 1599 gnavit
1375 1549 1535 1585 Arimini
1564 1548 1782 1596 temporibus
1811 1547 1953 1582 nostris.

1225 1651 1336 1692 Idest,
1372 1650 1554 1685 Malatesta
1581 1648 1746 1692 Juvenis,
1783 1647 1842 1695 qui
1873 1660 1978 1682 voca-

1199 1727 1201 1738 ,
1226 1713 1278 1736 ωε
1300 1701 1344 1736 est
1371 1699 1634 1735 Malatestinus.
1662 1700 1822 1743 Quorum
1846 1706 1981 1732 utrum-

1225 1765 1290 1798 que
1321 1751 1475 1798 appellat
1502 1749 1693 1784 Mastinum
1723 1747 1982 1791 metaphorice,

1227 1801 1317 1848 quali
1347 1800 1435 1835 velit
1456 1800 1570 1835 dicere
1591 1799 1710 1847 magni
1732 1797 1884 1845 magistri
1905 1799 1982 1842 Ty-

1227 1850 1400 1887 rannidis.
1429 1850 1599 1885 R'iastinus
1627 1849 1721 1885 enim
1749 1848 1851 1883 fortis
1879 1847 1922 1882 est
1942 1846 1980 1882 &

1229 1902 1404 1937 violentus
1433 1899 1470 1935 δε
1498 1914 1602 1948 rapax
1620 1926 1629 1942 ,
1667 1898 1728 1946 qui
1756 1911 1826 1933 non
1854 1897 1894 1932 de
1931 1896 1982 1931 fa-

1231 1952 1292 1987 cili
1334 1951 1489 1986 dimittit
1533 1950 1717 1998 praedam,
1754 1961 1856 1995 quam
1896 1947 1983 1982 affu-

1231 2003 1320 2037 mit:
1351 2004 1397 2036 Et
1424 2001 1533 2036 dicit:
1564 2004 1606 2035 da
1634 2000 1835 2038 Verrucchio,
1871 1997 1982 2041 idest,

1232 2052 1433 2088 Malaresta.
1470 2051 1574 2097 Quod
1612 2049 1844 2085 Verruchium
1873 2047 1918 2082 est
1945 2061 1985 2082 u-

1232 2116 1314 2138 num
1345 2101 1536 2138 Castellum
1566 2101 1603 2136 in
1632 2100 1817 2136 Comitatu
1845 2098 1983 2133 Arimi-

1232 2153 1290 2197 ni,
1319 2167 1336 2188 a
1364 2166 1434 2200 quo
1461 2150 1663 2187 Malatestae
1691 2148 1982 2191 denominantur,

1232 2203 1324 2251 quod
1350 2202 1589 2238 Ariminenses
1617 2200 1780 2236 dederant
1800 2199 1887 2234 olim
1911 2197 1985 2233 cui-

1232 2255 1310 2290 dam
1339 2253 1541 2289 Malatestae
1578 2250 1840 2298 antiquiffimo,
1877 2249 1922 2283 ob
1949 2261 1984 2282 e-

1234 2306 1284 2351 jus
1312 2317 1436 2353 magna
1464 2303 1588 2339 merita
1625 2302 1661 2337 in
1691 2298 1954 2346 Rempublicam
1973 2323 1984 2334 .

1233 2358 1369 2391 Tamen
1414 2355 1455 2390 de
1496 2354 1545 2389 rei
1589 2352 1736 2388 veritate
1781 2347 1983 2385 Malatestae

1233 2419 1303 2440 non
1345 2405 1483 2441 fuerunt
1520 2402 1744 2447 originaliter
1779 2400 1819 2434 de
1855 2400 1984 2432 Verru-

1233 2456 1335 2496 chio,
1363 2456 1475 2491 immo
1494 2454 1535 2490 de
1554 2451 1811 2492 Montefeltro,
1837 2447 1878 2482 de
1898 2460 1986 2494 quo-

1202 2507 1311 2543 idam
1349 2506 1522 2550 castello,
1558 2502 1650 2551 quod
1687 2499 1986 2583 vocatutbfienna

1853 2560 1865 2583 1
1898 2560 1937 2582 0-

1274 1622 1442 1626 ------
1470 1603 1501 1635 E
1529 1599 1553 1633 ’l
1580 1613 1681 1633 nuovo
1707 1600 1750 1633 da
1773 1597 1979 1632 Verrucchio:
2021 1622 2024 1624 Α
