2216 3105
456 233 531 273 yx

392 325 454 360 bro
483 326 770 373 problematum,
799 330 910 378 petit,
939 345 1044 380 quare
1068 334 1148 381 qui-

390 388 540 425 cumque
567 376 707 414 fuerunt
746 379 814 416 viri
851 384 1062 419 excellentes
1089 392 1149 420 aut

390 425 575 463 secundum
607 428 896 478 Philosophiam,
933 443 992 469 aut
1029 434 1148 470 secun-

388 476 470 512 dum
501 478 663 525 politiam
684 508 694 525 ,
722 490 782 516 aut
810 481 956 528 poefim,
991 494 1060 527 ,aut
1096 498 1149 521 ar-

388 535 461 568 tes.
483 528 648 565 videntur
667 530 731 566 esse
753 533 1022 570 melancholici.
1050 537 1147 581 Qua-

388 577 433 613 lis
461 577 529 614 fuit
559 582 729 616 Hercules
757 580 827 617 ἃς.

435 632 559 668 Amor,
586 631 639 663 che
665 631 750 665 nella
777 643 875 669 mente
901 634 946 668 mi
965 635 1121 681 rag-iona,

386 678 479 714 Heic
509 681 613 714 Paean
655 680 803 716 ostendit
830 681 978 719 formam
1006 684 1044 721 ὅ(
1072 685 1147 720 sua-

385 727 535 763 vitatem
573 738 694 765 cantus
736 730 831 767 istius
872 733 1050 770 Casellae.
1100 737 1147 770 Et

386 777 540 814 breviter
566 779 677 820 dicit,
713 782 806 829 quod
834 783 971 820 Casella
1000 784 1146 821 benivo-

386 828 440 863 lus
468 841 539 864 non
569 830 722 867 tardavit
751 833 806 868 vel
844 834 988 883 negavit
1027 844 1145 871 canta-

383 891 446 917 re,
483 878 568 916 ficut
608 880 653 916 est
680 895 866 919 commune
909 884 1041 920 vitium
1068 899 1145 921 om-

385 928 484 964 nium
514 932 733 976 Cantorurn,
771 933 910 981 quando
938 935 1016 971 sunt
1043 950 1144 985 roga-

384 978 437 1018 ti,
465 989 503 1015 ut
532 980 582 1016 ait
609 982 801 1019 Horatius.
829 985 893 1020 Sed
920 985 1034 1021 statim
1064 999 1143 1022 coe—

384 1029 439 1078 pit
467 1043 613 1068 canere.
642 1033 744 1069 Unde
771 1033 884 1070 dicit:

433 1082 591 1116 Comt'nct'b
615 1084 679 1129 egli
697 1084 779 1119 allor
796 1086 824 1119 s}
843 1086 1028 1122 dolcemente
1041 1114 1051 1131 ‚

382 1129 526 1166 Scilicet
553 1132 690 1168 Casella
718 1135 912 1172 cantando:
943 1141 1065 1177 Amor,
1093 1138 1144 1172 che

383 1182 468 1216 nella
495 1193 595 1217 mente
622 1183 666 1217 mi
692 1185 843 1232 ragiona.
881 1188 928 1221 Et
964 1186 1041 1223 heic
1079 1201 1143 1223 no-

384 1239 444 1270 ta,
472 1232 566 1280 quod
595 1235 728 1270 Dantes
755 1235 840 1272 fecit
867 1236 965 1273 istam
992 1237 1142 1274 Cantio-

383 1294 462 1317 nem
503 1282 546 1318 de
589 1283 782 1321 virtutibus
825 1285 862 1323 ὅ(
905 1287 1142 1335 pulcritudine

383 1332 572 1368 Beatricis.
602 1334 676 1383 Ipse
702 1336 796 1372 enim
818 1337 970 1373 nimium
991 1338 1142 1374 delceta-

382 1390 439 1418 tus
466 1383 508 1418 ab
536 1383 608 1432 ipsa
636 1385 821 1434 juventute
848 1387 941 1423 sonis
968 1387 1006 1424 &
1029 1390 1141 1425 canti-

382 1433 469 1473 bus,
507 1433 654 1471 muficus
682 1435 774 1476 fuit,
816 1438 951 1473 amicus
977 1439 1141 1474 omnibus

382 1484 530 1532 optimis
571 1484 717 1521 Muficis
757 1488 797 1522 δέ
835 1486 1063 1524 Citharoedis
1091 1488 1140 1524 sui

383 1534 576 1582 temporis,
617 1536 651 1570 &
679 1535 880 1584 praesertim
932 1537 986 1573 isti
1023 1538 1141 1574 Casel-

382 1584 459 1623 lae,
486 1584 548 1632 qui
568 1585 751 1621 intonavit
771 1588 902 1622 multos
928 1587 1028 1623 sonos
1049 1589 1141 1636 ejus.

383 1635 431 1669 Et
458 1634 669 1681 praediffiam
699 1637 923 1673 Cantilenam
956 1638 997 1673 de
1024 1651 1141 1674 amore

384 1683 555 1720 Beatricis
583 1685 765 1722 intonavit
806 1701 884 1723 cum
922 1687 1055 1724 summa
1082 1689 1139 1724 de-

383 1734 574 1770 lestatione
600 1735 703 1783 ipsius
726 1737 872 1773 Dantis.
904 1738 1005 1773 Unde
1029 1738 1139 1775 dicit.

434 1806 625 1812 -----
651 1787 678 1819 si
705 1787 887 1821 dolcemente
903 1812 912 1826 ,

432 1835 497 1868 Che
522 1835 557 1869 la
581 1836 730 1882 dolcezza
748 1850 840 1871 ancor
857 1839 966 1872 dentre
985 1838 1030 1872 mi
1043 1839 1140 1883 sona.

385 1884 478 1929 Quia
521 1885 698 1934 impreffio
734 1887 895 1922 remansit
932 1888 969 1923 in
997 1889 1140 1934 anima,

385 1948 471 1982 quae
499 1935 713 1972 mirabiliter
739 1937 931 1973 deleffitur
957 1938 1114 1975 Mufica.

450 1987 513 2021 Ad
522 1989 618 2022 Cant.
631 1989 691 2023 III.
704 1989 907 2034 Purgatorit'‚
925 1989 1007 2033 Vers.
1019 1990 1076 2025 26.

434 2039 482 2071 Lo
525 2048 633 2084 corpo,
676 2039 786 2072 dentre
829 2040 864 2074 al
890 2038 1019 2088 qual’iol
1050 2040 1142 2084 facea

485 2096 590 2123 ambra
602 2112 614 2129 ,

384 2134 477 2172 Heic
504 2147 609 2177 nota,
637 2139 793 2182 Leaen-3
821 2140 914 2187 quod
942 2139 1027 2175 ficut
1054 2142 1141 2176 Poe-

385 2194 421 2221 ta
450 2187 559 2224 noster
584 2188 670 2224 fecit
707 2189 745 2225 in
772 2190 914 2227 Inferno
942 2190 1142 2238 Vergilium

386 2235 575 2274 describere
602 2238 773 2285 patriam,
800 2240 837 2275 in
865 2254 932 2288 qua
957 2250 1058 2276 natus
1077 2240 1141 2280 est,

387 2285 523 2323 scilicet
561 2291 772 2329 Mantuam,
813 2290 850 2325 in
893 2291 1061 2327 honorem
1103 2289 1142 2326 &

386 2337 523 2372 laudem
566 2339 743 2387 Vergilii,
784 2340 867 2387 quia
907 2342 1057 2376 Mantua
1099 2341 1144 2377 est

384 2387 597 2424 nobiliffima
618 2389 780 2425 Civitas:
811 2389 862 2425 ita
885 2404 977 2426 nunc
997 2391 1035 2426 in
1058 2393 1143 2427 Pur-

383 2437 523 2484 gatorio
549 2438 655 2487 fingit
682 2440 883 2487 Vergilium
911 2451 1053 2489 tangere
1084 2455 1144 2491 pa-

744 219 1681 268 BENVENUTIIMOLENSIS

391 274 461 310 viri
490 274 679 324 sapientes.
717 278 820 315 Unde
848 281 1053 318 Aristonem
1082 282 1147 319 Li-
1172 278 1230 319 {A}

1184 734 1209 767 Β

1176 2104 1203 2138 Ε

1908 242 1954 269 12

1303 284 1425 330 Napoli
1443 283 1541 329 t‘ha,
1562 298 1577 318 e
1595 286 1640 319 da
1660 283 1830 320 Brunditio
1849 240 1986 320 esrom.

1253 333 1309 368 Est
1344 333 1438 369 enim
1486 335 1656 383 Neapolis
1702 334 1842 371 Civitas
1884 335 2010 371 litorea

1252 383 1490 426 nobiliffima,
1532 399 1603 421 non
1644 385 1738 421 dieta
1780 386 1822 422 ab
1865 387 2008 429 Aenea,

1253 433 1336 470 ficut
1372 435 1461 471 dicit
1497 437 1644 485 vulgus,
1681 437 1794 472 immo
1821 437 1938 485 potius
1965 437 2008 471 ab

1252 483 1402 521 hostibus
1422 487 1658 535 Trojanorum
1671 514 1681 531 ,
1706 486 1840 523 scilicet
1859 500 1878 522 a
1899 489 2008 523 Grae—

1251 534 1320 570 cis.
1359 536 1417 571 Est
1443 537 1537 572 enim
1565 539 1697 573 Graeca
1725 537 1890 576 Civitas,
1918 550 2006 584 quae

1251 586 1339 620 olim
1366 587 1557 622 vocabatur
1586 587 1827 635 Parthenope,
1851 601 1883 631 Va
1923 587 2007 623 vir-

1251 635 1331 683 gine
1359 636 1577 675 conditrice,
1618 637 1758 672 Civitas
1801 637 1889 673 olim
1917 637 2005 673 dile—

1223 719 1226 725 ,
1250 685 1305 720 &a
1334 685 1516 732 VergiliO,
1553 686 1648 732 cujus
1677 686 1748 733 ipse
1775 687 1939 722 meminit
1967 688 2004 723 in

1251 733 1318 769 fine
1345 735 1450 770 Libri
1477 736 1752 783 Georgicorum,
1780 735 1841 770 ubi
1869 735 1979 771 dicit:

1300 805 1315 811 —
1342 805 1358 811 —
1385 806 1400 811 -
1428 810 1450 824 ‚,
1479 785 1534 819 illo
1553 798 1600 819 me
1618 796 1750 833 tempore
1763 785 1863 820 dulcis
1878 787 2006 821 amabat

1222 786 1226 890 l
1351 835 1364 881 (
1388 834 1475 870 alibi
1499 835 1637 884 alebat)

1300 909 1323 924 ,‚
1350 886 1564 932 Parthenope.
1592 906 1861 914 ———————

1250 935 1307 970 Ab
1336 948 1403 971 una
1430 945 1525 982 parte
1562 936 1757 984 Neapolis,
1793 950 1863 972 non
1900 937 2004 986 longe

1249 999 1267 1020 a
1296 986 1453 1021 Puteolis
1480 986 1525 1022 est
1552 999 1652 1022 mons
1689 988 1877 1027 Falernus,
1915 988 2003 1022 cele-

1249 1036 1365 1072 bratus
1394 1036 1606 1073 carminibus
1644 1039 1828 1073 Poetarum
1863 1045 2005 1085 propte}-

1249 1088 1527 1135 praerogativam
1554 1087 1657 1124 vini.
1697 1090 1742 1123 Et
1770 1089 1862 1124 inter
1889 1087 2007 1124 Faler-

1248 1149 1331 1172 num
1359 1136 1397 1174 &
1435 1150 1528 1173 mare
1566 1138 1612 1174 est
1648 1138 1790 1186 quidam
1828 1150 1927 1173 mons
1954 1136 2005 1172 sa—

1247 1201 1331 1223 xeus
1348 1215 1358 1232 ,
1387 1187 1549 1224 manibus
1577 1189 1762 1224 hominum
1790 1196 2005 1233 excavatus,

1247 1250 1350 1285 quem
1397 1247 1527 1274 vocant
1571 1240 1743 1288 Cryptam
1797 1238 2004 1287 Neapolita-

1246 1301 1348 1329 nam,
1385 1301 1488 1337 quem
1516 1290 1643 1338 vulgus
1679 1289 1768 1325 dicit
1795 1302 1814 1325 a
1842 1287 2004 1336 Vergilio

1246 1339 1392 1387 magicis
1433 1339 1735 1375 incantationibus
1762 1337 1974 1384 perforatum
1991 1362 2002 1376 ,

1246 1388 1329 1424 ficut
1355 1387 1393 1424 ὃ(
1421 1389 1459 1424 in
1487 1389 1631 1428 ceteris,
1658 1400 1746 1435 quae
1767 1387 1924 1423 miranda
1945 1386 2002 1422 vi·-

1245 1439 1369 1474 dentur
1389 1438 1500 1475 visui.
1529 1438 1585 1474 Sic
1605 1437 1712 1474 etiam
1738 1437 1883 1481 dicunt,
1908 1436 2002 1485 quod

1244 1487 1434 1524 Castellum
1463 1488 1536 1523 Ovi
1577 1487 1708 1523 saelum
1738 1488 1782 1523 est
1810 1488 1851 1523 ab
1879 1487 2002 1523 eodem

1245 1538 1427 1586 Vergilio.
1457 1537 1558 1573 Unde
1578 1537 1783 1573 noviffimus
1809 1539 1914 1573 Poeta
1936 1539 2001 1573 Pe„

1244 1589 1380 1624 trarcha
1408 1587 1551 1629 scribit,
1579 1589 1671 1635 quod
1697 1588 1931 1636 interrogatus
1951 1587 2001 1623 se-

1244 1640 1313 1674 mel
1359 1652 1377 1674 a
1420 1638 1640 1674 Sereniffimo
1685 1641 1778 1686 Rege
1820 1639 2001 1678 Roberto,

1243 1688 1328 1736 quid
1356 1688 1397 1724 de
1424 1688 1490 1724 hoc
1532 1688 1695 1727 sentiret,
1735 1688 1912 1730 respondit
1952 1687 2000 1724 ri-

1217 1734 1384 1780 ‘dentem
1426 1738 1458 1773 se
1499 1751 1689 1785 numquam
1730 1738 1847 1787 legiffe
1874 1737 2002 1786 Vergi-

1244 1789 1331 1824 lium
1361 1788 1459 1824 fuisse
1488 1787 1779 1833 mai-moratium,
1821 1797 1881 1824 aut
1907 1787 2001 1836 lapi-

1430 1838 1535 1883 Quod
1566 1841 1639 1874 Rex
1668 1838 1860 1887 approbans
1881 1865 1892 1882 ,
1928 1838 2001 1875 ait,

1246 1838 1358 1874 eidam
1384 1866 1393 1874 .

1216 1881 1218 1935 j
1245 1903 1315 1924 non
1345 1889 1487 1937 vestigia
1515 1889 1703 1937 Magicae,
1732 1888 1786 1924 sed
1814 1887 1895 1923 ferri
1922 1887 2002 1923 illic

1216 1969 1219 1974 Δ
1243 1940 1326 1975 effe.
1355 1939 1411 1974 Est
1438 1952 1519 1987 ergo
1547 1939 1604 1973 via
1633 1938 1771 1986 publica
1798 1938 1891 1973 areta
1918 1939 1997 1973 lon—

1217 1988 1219 2004 ⁵
1243 1988 1378 2037 giffima
1404 2002 1464 2037 per
1492 1988 1645 2024 medium
1674 1989 1774 2037 hujus
1797 1987 1927 2024 montis
1947 1996 1999 2024 te-

1216 2039 1408 2084 ,nebrosa‚
1445 2037 1483 2074 ἃ
1520 2039 1684 2075 horribili
1726 2039 1828 2074 nocie
1870 2038 2001 2087 semper

1217 2085 1219 2108 ³
1243 2089 1406 2126 obscura·
1449 2091 1502 2124 De
1528 2102 1596 2136 qua
1624 2090 1730 2125 etiam
1758 2089 1847 2125 dicit
1875 2090 2000 2137 vulgus

1217 2144 1219 2167 ἓ
1243 2140 1338 2175 aliud
1366 2139 1549 2179 mirabile,
1577 2139 1733 2185 scilieet,
1761 2139 1854 2187 quod
1881 2139 2001 2175 invio-

1243 2192 1314 2225 lata
1341 2190 1386 2226 est
1413 2200 1569 2237 tempore
1596 2190 1706 2235 belli,
1749 2189 1786 2227 ἃ
1814 2189 1922 2225 nullis
1948 2190 1999 2224 la—

1217 2220 1221 2329 Ι
1243 2240 1405 2276 trociniis
1433 2248 1604 2275 attentata
1621 2268 1629 2275 .
1658 2239 1773 2289 Cujus
1800 2240 1836 2276 in
1865 2239 1999 2289 Episto-

1243 2291 1287 2327 lis
1323 2292 1364 2326 ad
1402 2291 1585 2327 Lucillum
1627 2295 1752 2328 Seneca
1789 2290 1874 2327 facit
1902 2302 1997 2325 men-

1218 2335 1221 2395 Ξ
1244 2341 1377 2377 tionem
1395 2368 1403 2377 .
1444 2343 1485 2376 In
1526 2341 1595 2377 fine
1622 2356 1706 2379 vero
1733 2342 1835 2391 hujus
1861 2339 1997 2395 obscuri

1218 2400 1221 2443 3'
1243 2392 1405 2432 itineris,
1455 2391 1516 2427 ubi
1557 2392 1672 2440 primo
1714 2392 1842 2441 incipit
1882 2389 1996 2425 viden

1164 2440 1168 2505 J
1218 2444 1417 2486 ¹Coelum,
1458 2441 1495 2477 in
1524 2443 1598 2478 alto
1624 2451 1745 2479 monte
1773 2441 1913 2477 videtur
1938 2441 1996 2475 Se·—

382 2498 517 2530 triam,
558 2501 627 2536 qua
671 2491 826 2526 maxime
866 2491 1057 2526 delee'latus
1099 2492 1167 2537 est}
1219 2484 1403 2540 {pulcrum
1441 2493 1622 2542 Vergilii,
1681 2492 1795 2541 operis
1838 2490 1998 2538 antiqui⁴

382 2537 420 2573 in
449 2539 523 2574 vita
542 2565 553 2583 ‚
580 2537 618 2574 δί
648 2540 737 2587 apud
765 2555 868 2589 quam
897 2541 1050 2591 sepultus
1078 2542 1168 2591 ests]
1219 2536 1290 2589 {Et
1336 2556 1380 2579 ex
1426 2542 1492 2579 hoc
1538 2542 1629 2579 forte
1676 2550 1758 2578 nata
1783 2540 1829 2578 est
1854 2541 2000 2589 opinio,

382 2587 517 2625 frilicet
555 2591 744 2638 Neapolim
758 2616 768 2626 .

1164 2598 1170 2637 1
1220 2592 1225 2634 l

1856 2592 1949 2641 quod
