2216 3105
289 287 328 326 &
356 247 500 325 viiic-{tus
534 287 579 323 est
605 289 725 323 Abbas
753 289 920 324 Albertus
937 317 947 332 ,
989 292 1044 326 vir

293 341 404 375 bonus
431 338 586 374 moribus
612 340 644 373 &
675 339 770 374 vita.
806 341 922 383 Quem
964 341 1045 387 quia

293 391 401 426 Poeta
427 399 637 438 agnoverat,
678 388 776 424 fuiffe
820 389 919 424 valde
955 389 1047 425 acci-

291 440 426 481 diosum
467 440 563 486 (quo
605 438 697 474 vitio
738 440 899 474 laborant
940 441 1044 476 multi

293 489 443 526 Praelati
465 490 477 536 )
506 490 585 524 ideo
612 489 724 538 ipsum
753 489 948 525 introducit
969 490 1046 525 heic

290 539 336 575 fic
380 541 603 588 loquentem.
650 542 696 575 Et
745 540 859 589 tangit
900 542 1016 575 locum
1036 565 1045 580 ‚

292 590 410 627 dicens
428 604 437 625 ε

343 662 359 669 -
385 661 401 667 -
427 662 444 667 -
470 661 487 667 -
514 640 547 674 in
574 643 641 676 San
668 643 754 675 Zeno
779 655 800 675 a
829 644 970 676 Verona.

290 691 351 727 Ad
378 691 471 738 quod
500 700 605 734 nota,
632 691 725 738 quod
753 693 848 727 Zeno
877 691 943 727 fuit
964 691 1049 737 Epi-

1067 309 1071 358 ί
1085 296 1118 331 Α

293 741 415 789 scopus
442 743 601 776 Veronae
636 741 693 776 vir
729 754 873 790 magnae
913 741 1049 777 Sanffii-
1094 744 1135 778 ss'

293 791 399 831 tatis,
428 790 618 834 scientiae,
646 789 683 826 ὅ(
706 791 947 839 eloquentiae.
974 791 1048 836 Qui

294 843 406 878 multa
433 842 466 877 8<
495 843 613 889 pulcra
651 842 831 877 volumina
873 842 984 877 edidit
1011 842 1048 877 in

295 895 396 928 Sacra
424 891 620 937 Scriptura.
663 894 758 927 Nota
785 891 914 931 etiam,
957 892 1049 939 quod

295 941 440 978 SanCtus
476 943 571 977 Zeno
607 941 653 977 est
680 942 716 977 in
758 942 869 978 tribus
897 943 985 978 locis
1014 944 1049 977 in

293 996 456 1036 Verona,
483 991 616 1027 scilicet
645 992 681 1027 in
709 994 860 1041 Monte;
890 993 977 1028 alius
999 993 1051 1041 ju—

294 1052 355 1079 xta
383 1042 564 1085 Athesim,
599 1043 631 1077 8<
670 1042 715 1077 est
751 1056 894 1091 parvum
923 1046 1051 1079 Orato-

293 1094 385 1130 rium
414 1092 483 1129 sive
511 1106 615 1140 parva
643 1095 809 1141 Capella.
847 1096 893 1129 Et
919 1094 961 1129 de
988 1093 1050 1129 isto

295 1143 398 1179 credo
424 1170 434 1185 ‚
479 1143 572 1191 quod
608 1156 679 1178 non
720 1145 884 1192 loquatur
925 1146 1049 1180 Beatus

292 1193 483 1242 Gregorius
510 1194 547 1228 in
577 1194 806 1243 Dialogorum
829 1195 962 1234 Libro,
990 1194 1048 1230 ubi

292 1244 435 1288 scribit,
478 1244 572 1291 quod
614 1257 721 1291 quum
766 1245 869 1280 semel
912 1244 1049 1280 Athesis

295 1294 424 1330 fluvius
460 1293 655 1329 inundasset
695 1294 894 1331 Civitatem
939 1298 1050 1330 Vero-

291 1357 378 1386 nae,
405 1357 493 1392 aqua
521 1357 590 1379 non
619 1343 773 1381 intrabat
802 1359 861 1392 per
893 1344 1049 1381 fenestras

290 1394 409 1430 sanai
436 1395 616 1437 Zenonis,
658 1394 713 1430 seu
750 1395 921 1431 Ecclefiae
956 1396 1049 1444 ejus.

290 1447 338 1480 Et
364 1444 409 1480 est
437 1445 560 1480 tertius
588 1445 731 1480 Sanetus
768 1448 864 1480 Zeno
900 1447 1004 1492 longe
1031 1459 1049 1480 a

290 1493 436 1529 flumine
462 1494 555 1541 quasi
584 1507 643 1541 per
670 1494 799 1541 jaEtum
826 1494 910 1529 teli.
938 1495 1048 1543 Cujus

288 1542 441 1580 Ecclesia
474 1545 611 1579 nullam
648 1543 725 1579 vidi
770 1544 982 1594 pulcriorem
1011 1545 1048 1580 in

289 1597 453 1630 Verona.
486 1596 532 1629 Et
568 1593 609 1629 de
651 1593 713 1629 isto
752 1594 853 1630 debet
891 1595 1048 1644 intelligi

290 1644 369 1680 heic
396 1658 456 1692 per
481 1644 728 1680 excellentiam
750 1670 760 1685 ,
788 1644 826 1681 ἃ
854 1646 936 1693 quia
965 1646 1048 1681 haec
1083 1645 1115 1678 D

290 1694 442 1729 Ecclesia
491 1694 595 1728 habet
642 1693 840 1731 Monachus
860 1723 868 1731 .
910 1698 956 1732 Et
997 1696 1047 1731 ibi

291 1743 361 1779 suit
397 1743 517 1778 Abbas
554 1743 613 1778 iste
641 1745 831 1786 Albertus,
871 1746 933 1792 qui
970 1745 1047 1780 heic

289 1792 469 1841 loquitur.
497 1795 543 1828 Et
568 1793 733 1830 describit
752 1803 888 1843 tempus
908 1809 926 1830 a
947 1795 1047 1831 Prin—

290 1844 392 1892 cipe,
419 1843 564 1879 dicens:
607 1857 609 1860 ·

343 1898 431 1929 Sotto
457 1894 480 1928 ι’
497 1894 629 1941 Imperio
654 1895 707 1929 del
732 1897 811 1930 buon
839 1894 1047 1941 Barbaroffa.

294 1947 408 1980 Vocat
436 1944 650 1980 Fridericum
681 1946 832 1986 bonum,
869 1947 949 1994 quia
979 1945 1048 1981 fuit

292 1995 349 2031 vir
366 1995 561 2035 virtuosus,
580 1995 730 2031 strenuus
743 2024 752 2039 ,
770 1998 882 2044 largus
896 2022 903 2035 ‚
923 1997 1047 2032 trium-

290 2045 436 2093 phator,
476 2045 515 2081 ὅ(
556 2059 699 2093 corpore
750 2048 914 2094 pulcher,
960 2046 998 2082 &
1027 2060 1045 2082 a

290 2096 407 2130 colore
451 2095 696 2131 denominatus
744 2096 790 2131 est
839 2096 1044 2141 Barbaroffa.
1088 2111 1116 2144 E

288 2147 337 2180 Et
363 2145 477 2194 tangit
504 2145 709 2194 singularem
738 2146 924 2183 vietoriam
951 2148 1044 2196 ejus.

286 2195 425 2231 dicens:

340 2247 388 2281 Di
415 2246 464 2281 cui
488 2247 610 2281 dolente
636 2259 727 2282 antor
752 2247 865 2282 Milan
892 2248 1043 2295 rugiam.

288 2296 384 2343 Quia
405 2297 565 2332 dolenter
585 2306 756 2333 memorat
776 2298 911 2333 ruinam
929 2298 1020 2334 suam
1035 2325 1044 2334 .

289 2350 384 2384 Nam
421 2348 494 2396 ejus
536 2347 709 2383 eversione
745 2347 948 2397 ofituaginta
975 2350 1043 2385 duo

287 2397 404 2434 millia
445 2397 629 2433 hominum
673 2397 820 2446 dispersa
860 2399 1043 2435 dicuntur.

286 2450 343 2484 Ita
370 2457 409 2484 ut
436 2448 548 2496 aliqui
576 2447 774 2484 transierint
816 2449 857 2484 ad
886 2450 1043 2486 barbaras

286 2498 467 2535 nationes.
506 2501 553 2534 Et
589 2500 655 2535 hoc
683 2498 725 2535 de
752 2499 865 2535 mense
893 2499 1042 2536 Martii.

283 2551 330 2586 Et
356 2549 449 2586 stetit
476 2549 520 2585 fic
547 2549 754 2586 destruestum
791 2549 946 2598 quinque
981 2563 1043 2586 an-

331 2622 342 2633 ..
383 2605 470 2635 Tem,
500 2603 559 2636 HI.

640 226 940 274 COMMENT.
971 232 1036 275 IN
1067 227 1288 276 DANTIS
1314 226 1556 271 COMOED.

1773 239 1859 287 634

1152 288 1223 323 nis.
1261 287 1344 322 Fuit
1381 295 1496 322 autem
1534 287 1782 324 Mediolanum
1823 291 1910 325 olim

1153 347 1274 387 potens
1302 336 1468 376 Civitas,
1504 338 1538 371 8<
1567 338 1635 385 jam
1667 338 1794 374 florens
1825 350 1905 376 tem—

1153 401 1233 437 pore
1262 388 1378 435 magni
1402 387 1586 426 Marcelli,
1614 388 1675 434 qui
1700 391 1832 437 Regem
1855 404 1915 427 eo-

1152 451 1228 474 rum
1260 438 1521 473 Viridomarum
1551 450 1656 473 manu
1684 438 1741 473 sua
1766 441 1904 475 obtrun-

1152 489 1267 523 cavit.
1309 489 1372 524 Sed
1418 487 1522 533 Papia
1551 487 1662 536 postea
1690 488 1758 523 fuit
1789 499 1910 536 poten-

1153 538 1225 574 tior
1250 548 1408 587 tempore
1438 537 1550 587 Regni
1578 538 1908 587 Langobardorumv

1131 588 1237 638 jFuit
1264 590 1357 624 enim
1387 588 1478 624 sedes
1509 589 1620 637 Regni
1649 602 1768 625 eorum
1787 616 1795 625 .
1837 593 1913 625 Ho-

1131 639 1209 674 ‘die
1247 648 1365 674 tamen
1411 639 1456 675 est
1506 638 1657 688 subjeRa
1703 639 1914 676 Mediolano

1132 688 1232 725 'curn
1262 689 1387 737 majori
1417 698 1513 738 parte
1541 690 1797 727 Lornbardiae.

1206 742 1238 774 Ε
1264 739 1374 774 tal’ha
1397 741 1457 786 gia
1483 761 1754 768 -------

1156 790 1247 825 Hcic
1267 790 1381 825 dietus
1403 791 1522 825 Abbas
1536 817 1545 834 ,
1568 791 1650 838 quia
1671 790 1798 827 fecerat
1817 804 1916 827 men-

1157 840 1291 875 tionem
1313 841 1354 876 de
1375 840 1500 876 Sanfi'to
1516 843 1679 885 Zenone,
1708 843 1805 890 cujus
1832 841 1918 878 Mo-

1158 890 1338 926 nasterium
1367 890 1438 938 ipse
1466 892 1603 940 egregie
1639 892 1916 940 gubernaverat,

1156 940 1315 976 dolenter
1342 940 1427 976 fecit
1447 942 1652 977 memoriam
1674 942 1715 978 de
1735 943 1807 978 alio
1828 956 1917 990 quo—

1156 991 1235 1026 dam
1263 991 1403 1026 Abbate
1431 991 1616 1028 successore
1642 992 1725 1037 suo,
1766 992 1828 1040 qui
1855 1005 1917 1028 ne-

1156 1042 1273 1089 quiter
1300 1041 1472 1077 trafitabat
1499 1042 1588 1078 illud
1616 1042 1714 1078 dives
1742 1041 1780 1079 δε
1813 1043 1917 1079 nobi-

1157 1093 1189 1127 le
1216 1093 1432 1140 Templum.
1473 1094 1521 1128 Et
1560 1093 1602 1128 ad
1639 1093 1916 1143 intelligentiam

1134 1161 1137 1185 ῃ
1157 1141 1257 1190 hujus
1279 1142 1401 1178 literae
1420 1151 1561 1191 oportet
1581 1143 1687 1188 scire,
1708 1144 1802 1192 quod
1821 1157 1915 1180 mor-

1087 1193 1137 1231 Cl
1157 1202 1218 1227 tuo
1246 1194 1414 1228 Eccelino
1442 1194 1483 1228 de
1523 1196 1707 1239 Romano,
1744 1194 1916 1230 Mastinus

1135 1231 1196 1293 [de
1223 1243 1256 1278 la
1284 1244 1381 1279 Scala
1409 1242 1520 1279 fastus
1556 1244 1600 1280 est
1641 1245 1817 1281 Dominus
1845 1248 1917 1282 Ve-

1155 1306 1279 1329 ronae.
1322 1296 1406 1340 Quo
1444 1295 1620 1331 trucidato
1657 1296 1699 1331 ab
1742 1296 1916 1336 aemulis,

1161 1344 1330 1380 Albertus
1358 1343 1464 1381 frater
1498 1345 1572 1395 ejus
1599 1345 1754 1382 succeffit
1791 1347 1828 1382 in
1856 1347 1919 1383 do-

1161 1394 1295 1436 minio,
1323 1395 1357 1430 &
1386 1395 1586 1432 vindicavit
1605 1407 1756 1433 mortem
1777 1397 1913 1433 fratris.

1160 1446 1213 1479 Ex
1259 1446 1412 1480 Alberto
1457 1458 1558 1482 natus
1607 1448 1653 1483 est
1703 1448 1918 1496 capitaneus

1159 1493 1469 1536 Bartholomaeus,
1509 1497 1711 1542 Alboinus,
1746 1499 1781 1534 &
1809 1499 1917 1535 Canis

1157 1545 1332 1581 Grandis.
1371 1546 1510 1583 Habuit
1549 1546 1588 1584 &
1632 1548 1747 1584 filium
1775 1558 1916 1585 natura—

1157 1596 1248 1635 lem,
1284 1595 1347 1642 qui
1384 1605 1528 1633 vocatus
1573 1598 1618 1634 est
1652 1599 1797 1648 joseph.
1844 1599 1917 1636 Hic

1157 1645 1225 1680 fuit
1253 1646 1373 1681 Abbas
1401 1647 1517 1682 SanEH
1547 1649 1720 1685 Zenonis.
1749 1649 1817 1686 Vir
1837 1663 1918 1698 pro-

1157 1697 1218 1731 bus
1245 1694 1283 1732 <Sc
1312 1697 1447 1746 integer
1474 1712 1491 1733 a
1520 1698 1719 1748 principio,
1747 1699 1802 1736 sed
1831 1713 1915 1736 con-

1155 1745 1232 1781 silio
1261 1747 1476 1783 medicorum
1505 1748 1615 1785 traEH
1651 1750 1819 1790 muliere,
1856 1752 1915 1786 vel

1155 1795 1359 1840 inquinatus
1397 1797 1472 1845 pice
1510 1799 1678 1844 Diaboli,
1720 1800 1831 1836 faetus
1869 1800 1915 1836 est

1156 1845 1452 1883 sceleratiffimus.
1495 1851 1587 1884 Nam
1631 1863 1738 1897 quum
1780 1851 1913 1887 Alboi-

1156 1909 1239 1934 nus,
1276 1896 1337 1943 qui
1374 1896 1528 1934 succeffit
1574 1899 1846 1936 Bartholomaeo
1873 1901 1913 1936 in

1155 1945 1336 1986 dominio,
1388 1949 1499 1983 vellet
1534 1961 1576 1983 ex
1624 1949 1913 1994 pusillanimitate

1155 1996 1315 2032 reducere
1341 1997 1503 2033 Comites
1529 1998 1646 2034 Sanffl
1670 1999 1845 2036 Bonifacii
1874 2001 1912 2036 in

1156 2049 1353 2087 Veronam,
1380 2048 1526 2088 Abbas,
1564 2060 1798 2096 conquerente
1837 2051 1912 2087 Ca—

1130 2107 1132 2118 ⁴
1155 2110 1218 2135 ne,
1256 2106 1435 2145 tamquam
1464 2099 1639 2135 animosus
1667 2101 1847 2149 increpans
1875 2116 1911 2137 a-

1152 2161 1245 2183 mare
1272 2148 1495 2192 Alboinum,
1524 2159 1655 2186 armata
1684 2164 1788 2187 manu
1818 2152 1909 2192 ivit.

1152 2199 1185 2233 Sc
1213 2198 1406 2234 trucidavit
1433 2201 1564 2236 multos
1590 2214 1633 2237 ex
1658 2201 1763 2238 dietis
1782 2203 1910 2239 Comi-

1153 2249 1246 2284 tibus
1274 2249 1315 2284 ad
1344 2249 1479 2285 Villam
1507 2264 1650 2296 eorum,
1678 2265 1765 2300 quae
1793 2252 1909 2289 Insula

1153 2298 1338 2335 Comitum
1377 2301 1512 2348 primo,
1553 2302 1666 2350 postea
1703 2312 1828 2339 vocata
1863 2303 1908 2339 est

1155 2349 1269 2385 Insula
1297 2350 1338 2385 de
1365 2351 1398 2386 la
1426 2352 1543 2387 Scala.
1572 2354 1626 2388 De
1654 2352 1809 2402 istoergo
1830 2354 1906 2389 Ab-

1154 2400 1233 2436 bate
1261 2400 1419 2448 loquitur
1445 2401 1523 2437 heic
1551 2403 1746 2451 praediRus
1772 2404 1907 2441 Abbas.

1153 2452 1200 2486 Et
1226 2450 1315 2486 dicit
1351 2451 1471 2487 dolens
1498 2452 1540 2488 de
1567 2454 1658 2489 mala
1699 2453 1908 2491 traetatione

1156 2500 1207 2536 sui
1233 2501 1458 2538 Monasterii.
1486 2505 1519 2538 Ε
1544 2505 1616 2540 tal:
1646 2503 1804 2551 scilicet,
1839 2507 1907 2541 Aln

1155 2552 1269 2587 bertus
1297 2552 1338 2588 de
1365 2553 1398 2588 la
1425 2554 1542 2590 Scala.

1222 2604 1244 2637 S
1270 2615 1285 2637 s

1734 2606 1855 2639 --ha
