2216 3105
230 206 344 247 >493

552 186 853 230 COMMENT.
888 186 950 228 m
978 181 1206 228 DANTIS
1232 179 1474 224 COMOED.

1689 199 1777 237 494

204 249 342 288 odiosus
359 246 552 296 Guelphis,
573 259 721 294 quorum
743 255 815 281 erat
832 245 958 294 hostis;
1003 252 1035 286 A
1070 242 1177 284 idest,
1221 242 1277 277 cui
1307 240 1489 276 Florentia
1529 243 1727 288 amputavit
1755 253 1831 290 gut<

205 303 239 338 δ(
268 299 481 341 Gibellinis,
517 298 600 346 quia
635 297 761 333 fecerat
805 297 961 332 recedere

203 350 449 388 Marchionem
464 349 639 385 Ubertum
653 348 694 384 de
709 347 889 384 Cremona
902 373 912 389 ,
927 348 961 381 &

204 401 315 437 fuerat
330 403 370 436 ad
388 400 640 435 exterminium
661 398 820 434 Eccelini
834 424 842 433 .
868 400 960 433 Nam

204 461 282 487 cum
312 450 520 486 Marchione
549 449 726 498 praedicto
756 448 961 484 Palavicino

203 502 384 549 adjuverat
412 503 593 536 Azzonem
632 500 877 536 Marchionem
916 500 962 533 E„

202 552 342 588 stensem
373 553 416 587 ΙΙ.
441 552 477 587 in
506 551 742 587 debellatione
779 549 961 592 Eccelini‚

205 611 244 638 ut
271 602 407 638 dicetur
433 604 539 638 Cant.
562 604 622 637 Ix.
646 600 814 637 Paradifi.
842 603 889 636 Et
908 601 963 636 di—

205 653 256 689 cit
284 653 343 688 iste
371 654 484 688 Bocca
513 652 645 688 Danti:

255 725 271 730 -
297 725 314 729 -
339 724 357 729 -
383 723 400 729 -
425 703 537 737 Patrai
562 704 616 737 dir
641 722 870 732 ------

204 753 369 792 Scilicet,
420 766 527 801 quum
580 752 685 788 fueris
727 752 880 789 reversus
922 751 962 788 ad

206 804 406 847 Mundum,
435 804 526 839 unde
555 803 677 839 vivens
705 803 860 851 venisti3

257 853 285 889 I’
300 855 374 888 vidi
402 854 536 900 (potrat‘
558 854 640 902 dir)
666 854 736 901 quel
751 857 795 888 da
810 857 938 892 Duera,

204 904 370 944 Scilicet,
408 904 604 940 Dominum
642 904 779 940 Bolium
821 904 862 939 de
891 905 964 939 Do-

207 954 330 1004 variaq,

257 1008 330 1044 La,
356 1006 436 1039 dove
463 1005 476 1038 ἱ
499 1006 649 1052 peccatori
669 1005 784 1048 stanno
805 1005 938 1050 sreschI.

205 1055 316 1098 Idest,
360 1055 554 1103 proditores
596 1056 634 1092 in
675 1056 808 1104 glacie,
855 1068 964 1104 poena

206 1105 266 1141 fibi
295 1106 544 1142 convenienti.

1010 701 1037 733 B
1049 701 1051 718 i

255 1159 297 1190 Se
318 1156 390 1201 soffi
415 1157 625 1191 dimandato:
664 1157 744 1191 altri
769 1156 819 1191 chi
845 1155 879 1190 ω’
891 1168 964 1198 era,
1002 1152 1035 1188 C

206 1205 298 1241 Heic
327 1207 440 1242 Bocca
468 1207 652 1243 nominato
675 1207 873 1254 proditore,
902 1219 963 1241 no-

205 1256 320 1291 minat
360 1256 471 1292 alium
513 1258 753 1293 Lombardum
792 1257 964 1292 fimilem.

204 1307 263 1340 Ad
314 1306 411 1354 cujus
464 1307 632 1342 notitiam
675 1307 720 1342 est
762 1306 937 1342 sciendum
955 1330 964 1344 ,

202 1355 297 1403 quod
348 1357 459 1391 Anno
512 1357 661 1392 Domini
716 1358 963 1392 MCCLVIH.

204 1418 313 1450 quum
342 1405 426 1452 pulsi
456 1405 596 1442 fuissent
625 1407 754 1442 Uberti
775 1405 813 1441 ἃ
841 1407 963 1441 Gibel-

202 1455 271 1490 lini
318 1455 359 1490 de
403 1456 604 1494 Florentia,
656 1455 768 1504 prima
796 1455 896 1499 vice,
924 1455 965 1489 de

202 1503 320 1540 mense
355 1504 469 1549 Julii,
514 1506 667 1545 Populus
715 1506 962 1548 Florentinus‚

201 1554 244 1590 de
272 1554 387 1590 mense
416 1556 649 1603 Septembris,
677 1555 761 1591 fecit
789 1555 866 1603 capi
889 1557 964 1590 Ab-

202 1606 320 1640 batem
348 1607 464 1641 Vallis
487 1605 702 1646 Umbrosae,
729 1606 791 1654 qui
819 1616 964 1641 vocatus

202 1656 248 1690 est
274 1654 492 1694 Thesaurus,
528 1657 562 1691 8<
600 1666 672 1691 erat
714 1669 858 1705 magnus
888 1659 963 1692 No—

203 1704 286 1739 bilis
314 1704 355 1739 de
383 1705 458 1740 illis
486 1705 527 1740 de
555 1706 740 1749 Beccaria‚
777 1707 839 1753 qui
866 1715 964 1742 erant

205 1754 354 1789 Domini
373 1754 522 1803 Papiae;
543 1755 751 1803 objicientes
767 1756 850 1799 fibi,
871 1756 963 1804 quod

204 1803 379 1839 trastabat
407 1806 600 1852 proditorie
641 1806 801 1842 reducere
842 1807 965 1842 Gibel—

205 1853 297 1891 linos
325 1855 361 1889 in
391 1856 607 1891 florentiam
626 1883 634 1891 .
663 1859 709 1892 Et
737 1856 859 1892 multis
888 1870 965 1892 cru-

202 1904 354 1940 ciatibus
382 1905 540 1942 fecerunt
561 1906 672 1954 ipsum
696 1907 882 1942 confessum
906 1907 964 1942 de-

202 1955 351 2002 capitari
379 1957 518 2003 publice
546 1956 583 1992 in
616 1959 733 1993 Platea
761 1957 878 1993 Sanc'ti
908 1959 962 1992 A-

205 2006 415 2052 pollinaris:
460 2017 600 2055 propter
645 2008 738 2054 quod
784 2008 963 2044 Florentia

204 2054 274 2090 fuit
300 2057 626 2097 excommunicata,
663 2060 697 2094 &
735 2058 839 2093 multi
878 2060 959 2093 Flo-

202 2105 334 2141 rentini
362 2105 502 2142 fuerunt
522 2107 679 2142 destruffi
699 2136 709 2152 ,
737 2122 843 2155 quum
866 2118 960 2143 tran—

204 2154 306 2190 sirent
353 2169 411 2203 per
452 2158 704 2193 Lombardiam
746 2159 787 2193 ab
832 2157 958 2194 eisdem

204 2206 371 2241 Dominis
399 2207 440 2243 de
471 2208 596 2251 Papia.
634 2208 691 2243 Ad
734 2209 871 2244 literam
908 2222 959 2243 er—

202 2269 272 2304 go.
311 2254 412 2292 Dicit
439 2259 552 2293 Bocca
579 2257 640 2293 iste
681 2258 790 2293 Danti
819 2258 882 2294 fic:
921 2263 961 2294 Se

197 2306 270 2351 Joffi
294 2308 509 2350 dimandato;
535 2308 614 2342 altri
638 2309 686 2342 chi
704 2308 739 2342 v'
751 2313 831 2344 era?
857 2309 958 2351 idest,

201 2357 280 2403 quis
308 2357 396 2393 alius
425 2358 583 2405 proditor
609 2367 682 2394 erat
709 2358 761 2395 ibi
787 2372 866 2396 cum
891 2361 959 2396 Bo-

200 2406 246 2442 fio
273 2408 314 2443 de
345 2408 522 2457 Dovaria;

249 2462 300 2492 Tu
323 2459 379 2492 hai
396 2460 453 2493 dat
472 2461 538 2493 lato
557 2461 627 2506 quel
645 2460 681 2494 di
705 2461 869 2496 Becchert'a
882 2485 894 2501 ‚

248 2510 296 2544 Di
314 2509 364 2544 cui
378 2508 453 2556 sego
472 2512 504 2544 F
505 2510 631 2554 iorenza
650 2511 685 2546 la
700 2513 847 2558 gorgiera
863 2538 871 2546 .

1069 305 1147 337 tur,
1174 293 1257 340 quia
1285 291 1369 327 fecit
1397 304 1476 326 eum
1498 291 1689 334 decollari,
1716 294 1750 327 8:
1774 293 1827 328 ni-

1047 342 1120 383 jhil
1150 343 1211 378 fibi
1240 342 1353 378 valuit
1380 340 1544 377 clerica.
1586 342 1632 376 Et
1659 341 1737 377 heic
1765 356 1826 378 nei--

1047 388 1125 457 ita,
1153 393 1246 442 quod
1275 393 1387 440 aliqui
1415 392 1602 433 dixerunt,
1639 393 1732 439 quod
1770 394 1827 428 iste

1047 445 1189 491 [Abbas
1218 457 1289 479 non
1317 442 1422 479 fuerit
1451 441 1607 478 conscius
1625 468 1635 485 ‚
1672 443 1705 477 δε
1735 445 1827 490 quod

1047 496 1211 545 *propter
1237 494 1323 531 istud
1361 503 1564 540 peccatum,
1607 492 1830 529 intollerabi«

1048 567 1050 598 ³,
1071 549 1211 595 lemque
1236 544 1429 594 superbiam
1444 572 1454 585 ,
1484 543 1682 579 Florentini
1705 544 1832 581 habue—

1048 599 1151 634 ³runt
1189 597 1300 646 postea
1336 595 1543 631 confli&um
1584 594 1626 629 ad
1663 595 1829 631 Montem

1073 651 1270 697 Apertum,
1307 647 1349 682 de
1376 660 1447 694 quo
1474 645 1609 682 dietum
1651 645 1697 680 est
1728 648 1831 691 paulo

1072 699 1190 747 supra.
1218 700 1355 734 Tamen
1385 696 1523 733 Aufilor
1550 705 1709 732 numerat
1730 697 1831 733 istum

1074 749 1276 798 papiensem
1315 748 1408 784 inter
1455 747 1650 795 proditores
1679 748 1831 794 patriae.

1072 803 1118 836 Et
1145 800 1205 836 iste
1233 807 1369 848 poterat
1397 798 1468 834 dici
1497 798 1749 837 florentinus,
1778 812 1830 834 ra-

1034 895 1039 902 ·
1073 851 1170 887 tione
1197 851 1394 894 incolatus,
1431 850 1514 897 quia
1540 858 1615 884 erat
1640 848 1694 884 ibi
1721 850 1831 886 Benc-

1074 901 1211 937 ficiatus
1227 928 1236 936 .

1122 952 1246 986 Gianni
1279 952 1331 985 del
1354 951 1547 990 Soldam'er,
1574 952 1660 986 credo
1686 951 1737 985 che
1756 951 1810 992 fia
1826 980 1833 987 .

1075 1002 1165 1038 Heic
1194 1003 1306 1037 Bocca
1335 1001 1506 1050 praefatus
1534 1002 1697 1037 nominat
1720 1001 1831 1038 alium

1074 1052 1290 1101 proditorem
1328 1052 1512 1088 concivem
1556 1052 1678 1089 suum.
1719 1054 1766 1088 Et
1792 1054 1835 1088 ad

1072 1103 1272 1147 sciendum,
1315 1102 1494 1150 quomodo
1541 1103 1600 1139 iste
1647 1103 1803 1152 prodidit
1824 1132 1834 1149 ‚

1071 1154 1172 1189 debes
1209 1153 1403 1192 recordari,
1450 1154 1604 1201 qualiter
1651 1164 1836 1201 tempore,

1049 1202 1141 1258 lquo
1169 1206 1304 1240 Fratres
1330 1203 1528 1240 Gaudentes
1556 1204 1695 1240 fuerunt
1726 1207 1836 1241 Poto—-

1071 1255 1168 1291 states
1190 1254 1413 1293 Florentiae,
1443 1255 1593 1297 Ubrrti‚
1622 1256 1829 1301 Lamberti,

1077 1307 1110 1339 8<

1078 1364 1130 1391 tra
1159 1358 1331 1403 Regentes
1359 1364 1443 1390 tunc
1467 1357 1660 1404 Populum.
1690 1359 1743 1393 Ex
1764 1371 1834 1406 quo

1046 1415 1159 1450 mune
1197 1406 1350 1453 Populus
1387 1404 1456 1442 fuit
1483 1414 1579 1442 totus
1620 1406 1679 1442 sub
1707 1410 1833 1444 armis,

1076 1457 1122 1490 Et
1148 1455 1360 1490 reduxerunt
1388 1455 1420 1491 se
1448 1468 1568 1492 omnes
1589 1457 1626 1492 in
1649 1458 1743 1494 viam
1766 1460 1825 1495 lar-

1075 1518 1153 1554 gam
1197 1505 1341 1541 Sanciae
1377 1505 1591 1542 Trinitatis.
1633 1509 1679 1543 Et
1708 1511 1834 1546 Domi-

1076 1568 1139 1591 nus
1165 1555 1338 1598 Johannes
1366 1557 1407 1591 de
1434 1556 1646 1593 Soldaneriis
1673 1558 1724 1596 :de
1753 1563 1830 1596 Flo-

1001 1603 1032 1636 D
1075 1606 1212 1650 rentia,
1239 1606 1372 1641 nobilis
1400 1608 1532 1650 Miles,
1559 1608 1646 1643 licet
1667 1610 1749 1646 effer
1769 1613 1834 1647 Gi«

1077 1656 1309 1695 l>ellinus‚<&
1337 1656 1378 1693 de
1408 1659 1525 1693 Domo
1552 1658 1757 1704 Gibellina,
1784 1661 1834 1698 fe-

1075 1707 1126 1742 cit
1166 1706 1199 1742 se
1241 1716 1344 1755 caput
1382 1708 1530 1756 Populi,
1572 1718 1611 1744 ut
1638 1709 1835 1748 ascenderet

1075 1756 1116 1792 ad
1153 1769 1318 1805 magnum
1354 1757 1500 1801 statum,
1542 1771 1610 1794 non
1647 1760 1834 1808 respiciens

1075 1806 1203 1850 finem,
1230 1807 1290 1854 qui
1321 1806 1389 1842 fuit
1415 1808 1600 1844 dessruEiio
1630 1811 1742 1846 Partis
1768 1813 1833 1848 Gi—

1075 1857 1246 1892 bellinae.
1291 1859 1383 1893 Nam
1412 1858 1497 1894 duce
1524 1858 1621 1894 dic-10
1647 1861 1831 1903 Juhanne,

1076 1907 1146 1953 post
1172 1908 1315 1956 longam
1345 1921 1520 1956 pugnam,
1548 1909 1722 1947 Gibellini
1752 1926 1834 1948 coa-

1074 1957 1123 1993 &i
1151 1957 1229 1993 sunt
1256 1957 1352 1993 exire
1379 1958 1600 1998 Civitatem,
1629 1969 1667 1995 ut
1687 1961 1754 2008 jam
1777 1963 1832 1999 di-

1074 2007 1167 2043 &um
1190 2007 1235 2042 est
1255 2008 1361 2043 alibi.
1390 2010 1496 2044 Hunc
1517 2009 1730 2056 proditorem
1753 2026 1829 2061 par-

1005 2069 1033 2103 E
1073 2058 1119 2092 tis
1156 2056 1233 2093 suae
1270 2058 1408 2093 Au&0r
1442 2059 1560 2107 tangit
1599 2073 1617 2095 a
1663 2063 1828 2109 nomine,

1070 2109 1103 2143 ὃ(
1125 2108 1357 2156 cognomine,
1378 2108 1516 2145 dicens:
1540 2110 1664 2145 Gianni
1682 2114 1734 2146 del
1756 2116 1826 2148 Sol-

1069 2159 1200 2193 danier.
1229 2158 1291 2193 Ista
1319 2158 1388 2194 fuit
1407 2159 1551 2207 antiqua
1574 2161 1724 2198 Familia
1747 2166 1824 2200 Flo-

1071 2209 1224 2248 rentiae,
1251 2208 1293 2244 de
1319 2222 1387 2257 qua
1414 2210 1550 2246 dicetur
1579 2212 1697 2248 Parad.
1722 2216 1826 2250 Cant.

1123 2330 1394 2337 -------
1421 2314 1453 2346 E
1481 2311 1694 2354 Tribaldello,

1121 2359 1182 2394 Ch'
1198 2362 1268 2407 apri
1295 2363 1427 2407 Faenza
1442 2386 1453 2402 ,
1481 2365 1606 2409 quando
1625 2364 1657 2406 fi
1682 2366 1827 2401 dormite.

1072 2410 1213 2446 Ultimo
1249 2410 1322 2461 ipse
1363 2414 1476 2448 Bocca
1514 2414 1676 2450 nominat
1717 2417 1824 2452 alium

1072 2460 1226 2505 socium,
1263 2461 1323 2510 qui
1361 2462 1522 2500 fimiiirer
1558 2465 1714 2513 prodidit
1751 2481 1826 2515 par—

1072 2521 1142 2548 tem
1170 2512 1204 2546 8(
1232 2512 1381 2561 patriam
1409 2514 1502 2550 suam
1520 2541 1529 2550 .
1556 2517 1602 2551 Et
1629 2516 1669 2552 ad
1697 2530 1827 2564 cogno>-

1110 2561 1125 2595 ῐ
1155 2562 1167 2597 i
1196 2574 1216 2597 2
1684 2566 1775 2601 {cen—

1151 1304 1213 1340 alii
1251 1304 1426 1340 Gibellini
1463 1304 1724 1342 insurrexerunt
1752 1320 1832 1342 con-e
1872 1322 1876 1323 ⁷
