2216 3105
270 255 291 294 3
331 252 351 293 5
461 297 524 330 Ad
551 295 634 340 Vers.
663 308 722 343 94.

261 348 406 380 Credetee
435 344 589 380 Cimabtae
615 366 846 373 ——————

212 396 306 434 Heic
344 397 450 431 Poeta
486 394 672 432 confirmat
710 396 845 432 dietum
874 397 969 434 suum

212 460 273 497 per
308 446 468 494 exempla
510 445 673 482 moderna
696 474 706 490 ‚
748 460 836 494 quae
882 449 971 484 clare

211 496 432 533 manifestant
458 496 711 544 expositionem
740 497 889 534 saetam.
926 501 972 534 Et

211 546 328 596 primo
357 546 457 593 ponit
484 549 684 595 exemplum
706 547 854 584 duorum
875 551 972 584 Con-

212 597 347 633 civium
376 596 536 636 suorum,
563 610 713 645 quorum
741 612 828 634 unus
855 600 972 635 nomi-

211 661 256 683 ne
282 648 476 684 Cimabos.
512 649 559 683 Et
596 647 666 684 fuit
701 650 875 685 excellens
913 650 972 685 Pi-

211 697 313 734 aor.
365 699 469 733 Alter
512 698 657 734 nomine
696 699 865 743 Giottus,
911 700 972 748 qui

211 748 282 784 fuit
309 747 541 784 excellentior
566 748 658 798 illo;
696 748 777 785 ideo
813 750 886 785 cito
914 754 973 785 de-

212 799 354 847 rogavit
375 797 507 846 gloriae
528 799 621 846 ejus.
648 799 706 835 Ad
727 799 868 836 literam
891 815 973 849 ergo

212 849 302 885 dicit
325 851 454 897 Poeta;
484 848 651 885 videlicet
672 849 870 886 Odorisius:
905 850 972 888 Ci-

215 900 336 935 mabos
364 908 443 935 tuus
471 900 696 936 florentinus
724 900 872 937 credidit

264 970 451 977 -----
480 964 516 984 ne
542 951 576 985 la
601 951 733 987 Pinum

263 1004 366 1035 Tener
391 1001 421 1034 lo
447 1003 564 1045 Campo
591 1022 779 1029 -----

214 1050 321 1090 idest,
351 1050 539 1086 vietoriam
567 1052 699 1100 gloriae
726 1052 764 1088 in
785 1055 874 1089 Arte
895 1053 974 1101 pin·

215 1100 341 1150 gendi.
370 1100 434 1137 Sed
462 1100 535 1149 spes
561 1102 634 1150 ejus
661 1102 706 1138 est
726 1103 862 1148 delusa,
891 1104 973 1151 quia

213 1165 286 1187 non
323 1151 451 1201 reperit
492 1151 525 1188 se
565 1152 603 1188 in
646 1154 817 1189 aetatibus
853 1153 972 1202 groffis

214 1201 328 1238 immo
370 1215 433 1238 nec
469 1201 507 1238 in
549 1201 815 1240 subtilioribus.

215 1251 325 1288 dicit:

265 1323 281 1330 —
308 1324 324 1329 -
351 1323 367 1331 -
393 1323 410 1330 —
437 1306 485 1339 Et
511 1303 553 1339 ον’
569 1306 611 1341 ba
636 1305 742 1340 Giotto
771 1306 796 1339 n'l
821 1306 920 1342 Grido
936 1332 946 1350 ,

212 1352 318 1395 idest,
345 1366 520 1390 rumorem
549 1354 660 1391 famae
686 1356 721 1391 8(
747 1357 900 1404 gloriae:

255 1405 300 1438 ’.Ω
326 1404 378 1438 che
404 1405 438 1439 la
459 1405 552 1449 fama
576 1407 613 1441 di
638 1407 719 1440 colui
744 1407 847 1449 oscum:
863 1432 871 1441 .

212 1453 378 1494 Scilicet,
406 1453 640 1491 Cimabovis.
676 1457 723 1490 Et
760 1456 837 1491 heic
866 1465 970 1495 nota,

208 1503 363 1547 Lefi’tor,
399 1504 494 1551 quod
537 1507 642 1540 Poeta
687 1505 798 1540 noster
843 1505 970 1541 merito

209 1552 297 1589 facit
325 1553 668 1591 commendationem
705 1555 825 1591 Giotti
862 1557 971 1592 ratio-

208 1604 488 1648 neffCivitatis,
536 1606 673 1642 ratione
710 1606 889 1649 Virtutis,
935 1609 968 1642 ὃ(

209 1653 347 1690 ratione
375 1655 671 1692 Familiaritatis.
700 1658 753 1692 De
781 1657 843 1692 isto
871 1670 970 1693 nam-

210 1716 277 1751 que
314 1704 442 1739 Giotto
479 1704 612 1741 faciunt
650 1707 868 1743 mentionem
905 1708 969 1743 alii

211 1755 281 1789 duo
319 1755 445 1790 Poetae
483 1756 704 1800 Florentini,
741 1756 877 1793 scilicet
906 1760 970 1793 Pe-

211 1804 348 1840 trarcha
375 1805 408 1839 ὅ(
438 1805 668 1850 Boccaccius,
718 1806 781 1854 qui
822 1806 970 1851 scribit,

211 1855 304 1902 quod
350 1863 447 1891 tanta
492 1854 561 1892 fuit
587 1856 798 1892 excellentia
834 1857 969 1906 ingenii

211 1904 249 1940 ἃ
278 1905 361 1941 artis
389 1905 490 1954 hujus
519 1907 650 1942 nobilis
677 1907 847 1947 Pit‘storis,
876 1908 968 1956 quod

211 1956 345 1991 nullam
374 1969 446 1991 rem
474 1970 588 1993 rerum
618 1960 753 1993 Natura
781 1958 970 2006 produxit,

211 2019 316 2053 quam
336 2006 395 2042 iste
415 2020 485 2043 non
506 2007 775 2056 repraesentaret
796 2018 866 2044 tam
891 2023 968 2057 pro-

211 2056 346 2103 priam,
384 2066 422 2093 ut
464 2060 586 2094 oculus
628 2059 843 2095 intuentium
874 2059 969 2109 saepe

211 2105 410 2146 falleretur,
448 2107 620 2156 accipiens
647 2122 720 2144 rem
748 2110 877 2157 piEtam
909 2124 970 2158 pro

210 2168 313 2192 vera.
359 2157 506 2193 Accidit
543 2168 659 2194 autem
697 2159 831 2198 semel,
877 2161 969 2207 quod

209 2206 291 2242 dum
320 2207 465 2243 Giottus
495 2208 653 2257 pingeret
675 2209 831 2250 paduae,
857 2211 967 2246 adhuc

210 2256 292 2293 satis
322 2259 480 2306 juvenis,
509 2272 611 2294 unam
639 2261 822 2308 Capellam
851 2260 887 2296 in
915 2263 968 2296 lo-

209 2321 274 2352 co,
302 2309 363 2345 ubi
390 2309 459 2344 fuit
487 2309 575 2345 olim
604 2310 798 2346 Theatrum
827 2310 895 2346 five
916 2314 968 2346 A-

210 2372 313 2401 rena,
366 2361 497 2396 Dantes
543 2360 703 2409 pervenit
745 2362 785 2396 ad
827 2363 941 2397 locum
960 2390 968 2397 .

209 2411 324 2456 Quem
364 2410 510 2447 Giottus
551 2411 744 2448 honorifice
790 2423 967 2461 receptum

208 2460 314 2496 duxit
341 2461 381 2496 ad
409 2461 553 2497 domum
582 2460 696 2497 suam.
736 2462 808 2498 Ubi
836 2465 967 2499 Dantes

205 2511 331 2547 videns
361 2512 476 2559 plures
503 2509 698 2549 infantulos
726 2513 798 2560 ejus
836 2513 967 2550 summe

207 2561 405 2602 deformes,
435 2564 469 2598 δε
497 2563 510 2611 (
534 2572 572 2599 ut
599 2563 672 2599 cito
700 2562 812 2600 dicam
836 2565 849 2611 )
878 2566 968 2613 patri

311 2616 399 2649 Tom-
426 2615 487 2650 III.

566 235 814 280 COMMEN
820 237 867 281 T.
897 239 961 282 IN
990 235 1123 282 DAN
1129 233 1217 276 TIS
1245 231 1487 278 COMOED.

994 789 1000 1125 ι
1079 797 1235 841 nalium,
1273 796 1327 833 sed
1355 798 1438 846 quia
1467 806 1548 833 nata
1585 797 1769 834 videbatur
1797 799 1839 833 ab

867 1203 972 1241 Unde
998 1245 999 1248 Ἴ

1008 299 1042 333 Α
1076 293 1295 332 simillimos,
1346 293 1496 339 petivit:
1544 293 1682 340 Egregie
1699 252 1840 341 5Magi-

1068 345 1154 388 ster,
1183 344 1278 377 nimis
1305 344 1423 380 miror,
1465 346 1550 389 quod
1572 357 1667 390 quum
1695 345 1726 379 in
1751 349 1837 380 Are<-

1074 394 1218 429 Ρὶέῖονὶα
1257 393 1411 428 dicamini
1452 407 1511 426 non
1552 393 1664 428 habere
1701 407 1807 439 parem
1826 423 1833 434 ,

1075 448 1158 480 unde
1183 444 1244 486 est,
1272 446 1354 490 quod
1380 443 1464 478 alias
1483 442 1614 490 figuras
1635 444 1744 487 facitis
1772 457 1836 479 tam

994 515 997 553 ι
1071 495 1242 540 formosas,
1269 493 1390 536 vestras
1416 497 1489 528 verb
1516 504 1582 528 tam
1608 504 1714 538 turpes
1724 495 1736 529 ε’
1763 493 1836 530 Cui

1076 545 1221 581 Giottus
1250 543 1427 580 subridens
1471 544 1601 592 praesto
1628 544 1834 593 responditr

1076 596 1165 642 Quia
1188 595 1286 642 pirzgo
1312 599 1351 629 de
1378 595 1450 634 die,
1474 595 1533 639 sed
1548 594 1643 642 fingo
1668 599 1706 630 de
1730 594 1836 630 nofffe„

1077 649 1174 682 Haec
1202 645 1373 694 responsio
1400 645 1533 681 summe
1570 646 1703 695 placuit
1741 649 1839 682 Dan*

1077 697 1129 736 ti,
1167 709 1237 731 non
1265 695 1348 744 quia
1375 696 1436 732 fibi
1466 697 1547 732 esset
1573 709 1691 736 nova,
1729 710 1836 745 quum

1077 747 1280 783 inveniatur
1306 747 1343 782 in
1372 746 1560 783 Macrobio
1586 747 1700 783 Libro
1721 750 1836 783 Satur-

1080 847 1224 896 ingenio
1251 847 1428 885 hominis.
1471 848 1534 884 Iste
1570 847 1716 885 Giottus
1746 848 1841 884 vixit

1081 899 1191 946 postea
1237 897 1323 934 diu.
1384 901 1476 934 Nam
1518 908 1677 934 mortuus
1719 899 1764 935 est
1804 899 1843 934 in

1080 950 1394 984 MCCCXXXVI.
1432 951 1479 984 Et
1518 948 1563 984 fic
1599 959 1705 993 nota,
1747 949 1841 997 quod

1080 998 1226 1034 Giottus
1254 999 1364 1035 adhuc
1393 1008 1490 1035 tenet
1530 1012 1715 1049 campum,
1758 999 1843 1047 quia

1082 1050 1237 1085 nondum
1287 1050 1386 1085 venit
1437 1049 1527 1086 alius
1567 1064 1608 1086 eo
1650 1049 1842 1095 subtilior,

1082 1113 1190 1148 quum
1226 1110 1344 1136 tamen
1381 1100 1505 1136 fecerit
1541 1101 1732 1148 aliquando
1768 1114 1843 1136 ma—

1055 1101 1059 1226 Ι
1082 1163 1168 1199 gnos
1195 1164 1325 1186 errores
1352 1150 1390 1186 in
1419 1150 1565 1200 pifi‘turis
1592 1151 1661 1187 suis
1678 1179 1687 1194 ,
1716 1161 1755 1187 ut
1782 1165 1841 1187 au-

1015 1199 1045 1234 (Σ
1082 1201 1159 1236 divi
1195 1214 1213 1236 a
1250 1201 1386 1250 magnis
1425 1201 1607 1249 ingeniis.
1659 1201 1723 1238 Ista
1773 1205 1843 1238 Ars

1055 1231 1250 1342 'pingendi
1286 1253 1319 1287 ὅ(
1361 1251 1540 1297 sculpendi
1581 1252 1705 1288 habuit
1751 1253 1843 1288 olim

1083 1301 1319 1338 mirabiliores
1355 1301 1523 1338 Artifices
1561 1303 1648 1351 apud
1691 1305 1843 1339 Graecos

1081 1353 1115 1387 &
1143 1352 1314 1392 Latinos,
1341 1363 1380 1389 ut
1408 1362 1504 1401 patet
1530 1366 1590 1402 per
1618 1352 1775 1390 Plinium
1803 1352 1842 1389 in

996 1406 1000 1453 Ι
1083 1402 1247 1439 Naturali
1275 1402 1431 1439 Historia
1443 1431 1452 1439 .

1131 1456 1159 1487 C
1160 1455 1204 1486 osi
1231 1454 1272 1487 ha
1291 1457 1367 1488 talto
1394 1475 1752 1485 ---------

995 1483 1000 1542 l
1081 1502 1173 1539 Heic
1203 1505 1308 1538 Poeta
1336 1504 1477 1540 adducit
1505 1505 1601 1543 aliud
1638 1507 1841 1556 exemplum

1081 1553 1231 1589 aliorum
1261 1554 1530 1596 modernorum,
1568 1570 1718 1604 quorum
1747 1567 1843 1594 uter-

1080 1617 1147 1651 que
1183 1603 1252 1640 fuit
1293 1605 1437 1652 pulcher
1476 1606 1647 1643 Inventor
1675 1607 1843 1643 Rhitmo-

1078 1668 1155 1690 rum
1194 1654 1232 1690 in
1268 1655 1411 1704 Lingua
1451 1667 1635 1693 materna.
1678 1660 1840 1703 Quorum

1079 1718 1166 1740 unus
1195 1715 1340 1741 vocatus
1381 1706 1426 1742 est
1461 1707 1582 1743 Guido
1618 1707 1841 1744 Guinicellus

1078 1755 1119 1790 de
1147 1756 1334 1795 Bononia,
1372 1756 1413 1792 de
1440 1771 1511 1804 quo
1538 1759 1572 1794 St
1602 1760 1699 1805 cujus
1725 1759 1842 1794 laudi-

1079 1806 1139 1840 bus
1175 1805 1278 1841 habes
1319 1805 1410 1842 infra
1445 1806 1554 1844 Cant.
1575 1810 1707 1844 XXVI.
1736 1811 1844 1846 Alter

1080 1858 1161 1890 vero
1189 1865 1333 1891 vocatus
1361 1856 1407 1892 est
1432 1857 1552 1893 Guido
1578 1858 1621 1894 de
1639 1858 1841 1895 Cavalcan-

1078 1905 1193 1945 tibus,
1222 1904 1289 1941 fine
1317 1908 1579 1952 comparatione
1607 1909 1840 1946 excellentior

1079 1969 1141 1995 eo,
1183 1956 1265 2004 quia
1302 1956 1372 1992 fuit
1399 1971 1542 2006 magnus
1581 1958 1836 2006 Philosophus,

1079 2006 1119 2041 de
1147 2020 1217 2054 quo
1245 2007 1314 2055 jam
1344 2009 1454 2043 multa
1481 2008 1575 2044 ditsta
1612 2008 1691 2045 sunt
1728 2009 1838 2046 Infer-

1080 2056 1115 2091 ni
1145 2059 1250 2093 Cant.
1283 2059 1324 2092 X.
1352 2057 1412 2093 ubi
1442 2060 1548 2095 Poeta
1575 2060 1838 2096 commendavit

1079 2121 1157 2142 rum
1186 2121 1204 2142 a
1232 2106 1401 2143 scientia.
1430 2109 1522 2145 Heic
1549 2114 1632 2146 vero
1660 2123 1837 2147 commen—

1080 2157 1139 2193 dat
1165 2171 1244 2193 eum
1273 2159 1314 2193 ab
1343 2159 1566 2207 eloquentia,
1594 2160 1746 2201 dicensz,

1131 2229 1317 2235 -----
1343 2208 1438 2244 l’uno
1466 2224 1480 2244 e
1506 2210 1622 2247 l’altro
1645 2212 1772 2257 Guido,

1081 2258 1251 2304 Scilicet,
1288 2261 1520 2296 Cavalcantes
1557 2263 1599 2296 ha
1634 2263 1710 2296 tolto
1751 2265 1837 2308 cos),

1082 2309 1163 2345 idest
1190 2309 1295 2345 simili
1324 2310 1450 2354 modo,
1478 2311 1564 2348 ficut
1582 2311 1730 2349 Giottus
1756 2314 1837 2349 Flo-

1081 2360 1259 2404 rentinus,
1286 2375 1307 2395 a
1332 2360 1448 2396 l’altro
1474 2364 1605 2408 Guido,
1641 2363 1682 2399 de
1709 2363 1837 2400 Guini-

1081 2410 1179 2446 cellis
1208 2411 1438 2452 Bononiensi,

1131 2465 1182 2496 La
1203 2462 1310 2509 gloria
1334 2466 1372 2497 de
1398 2465 1432 2497 la
1465 2463 1596 2511 Lingua
1619 2484 1636 2492 ··
1664 2486 1679 2492 -
1705 2486 1721 2493 -
1748 2487 1764 2492 -

1081 2510 1185 2556 idest,
1221 2511 1362 2548 dicendi
1403 2512 1440 2548 in
1481 2515 1622 2565 Lingua
1660 2526 1837 2552 materna.

1079 2564 1126 2598 Et
1153 2561 1231 2598 heic
1258 2573 1364 2609 nota,
1391 2564 1484 2614 quod
1505 2565 1564 2603 iste
1583 2566 1724 2605 Guido‚
1752 2566 1837 2602 ficut

1201 2615 1227 2650 P
1253 2626 1276 2663 p
1623 2615 1663 2654 ὃς
1691 2619 1788 2652 Dan-

1010 1660 1043 1694 ⁹

1008 2110 1034 2142 E
