2216 3105
292 252 307 264 ,

204 253 388 341 idgsszm
394 299 531 344 perator
543 320 553 337 ‚

256 369 270 374 -
284 368 297 373 —
314 367 330 373 —
346 367 362 372 —
376 345 481 394 perch&
508 356 567 378 non
594 343 638 376 m'
651 353 851 389 accompagne
867 345 884 374 Ρ

206 401 262 437 Ne
289 396 370 433 fiam
399 394 521 444 praeda
547 395 734 429 omnium.
770 394 816 427 Et
844 400 883 427 ut
910 392 960 428 ci-

204 458 243 485 to
269 448 382 483 dicam
401 459 409 479 :
984 452 987 478 ἓ

257 497 349 532 Viem'
376 511 395 532 a
417 496 513 530 veder
539 495 572 530 la
595 504 809 542 gente--—-
984 480 988 533 l

206 548 363 591 scilicet,
392 546 553 582 Italicam
571 569 581 584 ‚
985 550 988 565 ·

259 620 272 625 -
288 619 303 625 -
319 619 334 624 -
349 619 365 624 -
381 606 496 644 quanto
521 595 548 630 s’
558 609 631 630 ama
649 621 658 630 .

206 651 253 685 Et
292 647 375 696 quia
413 647 580 682 Albertus
621 644 730 694 pofl'et
770 643 885 679 dicere
921 643 961 679 ad

206 699 258 735 sui
291 696 555 735 excusationem
577 708 588 730 τ
632 697 715 731 Non
752 707 832 729 amo
869 707 931 728 vos
953 711 989 733 ,ι

206 762 250 785 ex
292 761 362 796 quo
404 760 474 783 non
516 744 641 781 amatis
678 758 740 780 vos
781 744 963 783 invicem,

202 798 407 847 respondet:
985 788 990 822 l

257 852 288 884 E
309 849 343 893 se
371 848 462 882 nulla
486 848 523 881 di
550 846 601 881 noi
625 846 713 893 piet&
740 845 768 879 ti
795 858 911 883 move,

205 899 274 935 hoc
301 898 367 937 est,
405 897 428 932 fi
465 898 584 945 aliqua
611 895 800 944 compaffio
836 895 963 930 nostra—

206 962 282 985 rum
312 947 550 991 miseriarum,

255 1003 491 1045 Avergognar
516 999 542 1032 ti
561 997 635 1032 vlen
662 996 749 1030 della
774 1005 830 1030 tua
851 995 963 1040 sama.

206 1050 303 1096 Qaia
330 1049 500 1096 reputaris
528 1048 604 1095 pius
622 1072 632 1087 ,
669 1046 707 1082 δί
737 1059 807 1081 non
835 1058 899 1094 es3
928 1046 962 1080 δε

208 1100 291 1148 quia
330 1099 478 1147 pressura
516 1097 605 1133 servi
633 1097 726 1133 cedit
753 1097 790 1131 in
818 1095 964 1131 dedecus

206 1149 375 1185 domino.
399 1148 464 1184 Sed
484 1158 576 1184 certe
597 1146 764 1197 praediffli
785 1146 854 1181 duo
873 1148 964 1181 Cae—

207 1201 296 1236 sares
335 1199 450 1234 minus
492 1199 582 1234 male
624 1197 778 1233 fecerunt
819 1196 857 1231 in
893 1209 963 1231 non

204 1250 382 1286 veniendo
410 1250 447 1285 in
477 1249 639 1288 Italiam,
667 1249 771 1295 quam
800 1246 858 1282 hic
886 1259 963 1281 rno-

206 1300 332 1336 dernus
361 1301 553 1347 Imperator
577 1298 728 1334 Carolus
748 1297 790 1332 de
816 1296 964 1333 Lucim-

208 1352 341 1398 borgo,
379 1363 486 1397 nepos
523 1349 607 1384 boni
644 1347 793 1383 Henrici
822 1347 886 1383 VI.
922 1347 964 1382 de

206 1413 276 1448 quo
303 1398 437 1435 dietum
468 1399 533 1434 est.
560 1398 636 1443 Qui
664 1398 717 1432 bis
743 1397 842 1432 venit
869 1397 906 1432 in
933 1398 964 1431 1-

205 1450 352 1492 taliam‚
379 1450 536 1484 maxime
563 1447 708 1483 secunda
737 1447 836 1490 vice,
874 1455 963 1481 tem-

205 1513 288 1548 pore
319 1498 452 1534 Urbani
483 1501 526 1533 V.
558 1510 637 1532 cum
675 1496 828 1531 terribili
865 1509 962 1531 exer-

203 1549 278 1585 citu
301 1575 311 1592 ‚
355 1549 397 1584 ab
435 1547 601 1583 omnibus
638 1546 887 1594 exspectatus,
929 1547 959 1580 ἃ

202 1599 402 1635 servitrices
432 1601 592 1646 Harpyas
622 1596 851 1645 praeseferens
883 1597 964 1631 loco

205 1650 475 1694 triumphalium
504 1648 740 1695 Aquilarum‚
778 1648 820 1682 ab
846 1646 963 1682 omni—

204 1701 268 1734 bus
297 1699 459 1746 pecunias
487 1698 642 1745 accepit,
667 1697 708 1733 ἃ
727 1697 887 1732 omnium
918 1697 961 1732 li-

204 1750 378 1791 bertates,
406 1762 489 1796 quas
517 1747 656 1795 potuit,
685 1747 866 1782 vendidit.
893 1748 960 1783 Vi—

205 1809 266 1833 vet
293 1812 374 1847 ergo
402 1797 548 1833 infamia
576 1797 708 1845 semper
732 1796 826 1844 ejus.

255 1852 288 1883 E
309 1849 342 1893 Je
370 1849 456 1882 licito
482 1847 521 1882 m'
538 1849 572 1883 ἓ.

206 1901 311 1935 Nunc
354 1900 459 1934 Poeta
498 1898 607 1933 iratus
647 1898 681 1932 8<
722 1897 882 1933 turbatus
917 1910 959 1932 ex

204 1949 389 1997 praediRis
406 1977 415 1992 ‚
450 1961 535 1996 quae
565 1948 730 1984 videntur
756 1948 960 1995 contingere

205 1999 272 2034 sme
313 2001 386 2035 ullo
420 1999 544 2034 ordine
580 1998 721 2034 divinae
768 1998 958 2033 Providen—

206 2050 298 2089 tiae',
326 2063 413 2097 quae
439 2063 509 2084 non
537 2048 677 2084 videtur
704 2062 821 2084 curare
849 2048 960 2096 jag’tu-

205 2113 259 2134 ras
288 2099 522 2147 naufragantis
550 2099 696 2141 Italiae,
724 2100 898 2133 exclamat
919 2099 959 2133 ad

206 2151 318 2184 Deum
348 2149 490 2184 dicens:
532 2152 562 2183 E
584 2149 618 2192 se
644 2149 730 2183 licito
757 2148 844 2187 m’&‚
883 2148 959 2193 sup·
983 2157 984 2168 ¹

204 2201 284 2247 ple,
321 2199 454 2234 dicere„
491 2201 536 2234 Et
573 2198 658 2233 facit
686 2199 861 2236 colorem,
897 2199 958 2246 qui

205 2249 337 2285 dicitur
364 2249 549 2288 Licentia,
578 2249 660 2295 quia
688 2261 758 2283 non
786 2249 891 2285 licet:

252 2322 265 2327 —
283 2321 329 2327 --
347 2321 361 2326 —
389 2313 405 2334 o
426 2300 540 2344 sommo
566 2300 688 2334 Giove:

201 2350 308 2394 idest,
337 2350 572 2397 Omnipotens
593 2351 747 2385 Aeterne
774 2350 886 2386 Deus.
912 2351 958 2386 Et

200 2402 360 2449 loquitur
397 2402 552 2449 poetice.
592 2402 683 2435 Nam
724 2401 848 2435 Poetae
876 2414 958 2449 gen-

201 2452 281 2487 tiles
302 2451 445 2498 capiunt
470 2453 593 2495 Jovem
615 2463 677 2498 pro
701 2449 837 2486 summo
859 2453 954 2486 Deo:

249 2503 315 2537 Che
336 2503 411 2546 fasti
439 2503 472 2535 in
500 2513 583 2536 terra
607 2512 662 2548 per
689 2502 740 2535 noi
767 2500 932 2547 crocrfiffo,

197 2551 234 2587 δε
265 2552 345 2588 ideo
373 2565 445 2587 non
479 2552 622 2587 deberes
659 2551 710 2586 ita
738 2562 893 2588 avertere
918 2565 958 2587 o·

197 2606 295 2639 culos
323 2613 402 2639 tuos
430 2616 449 2638 a
476 2602 600 2638 nobis.
632 2601 732 2637 Unde
761 2601 879 2650 petit:

554 232 800 277 COMMEN
807 232 853 276 T.
883 232 946 276 IN
975 227 1108 329 {AN
1115 227 1201 271 TIS
1226 226 1470 270 COMOED.

987 746 1042 782 Β»

999 1211 1029 1245 C

1002 1662 1031 1694 D

1681 229 1760 283 ‘558

1113 291 1176 323 Son
1212 288 1241 321 ti
1273 286 1373 334 giusti
1408 285 1488 320 occhi
1521 287 1589 320 tuni
1624 285 1736 320 rivolti
1772 300 1816 318 a

1165 341 1280 372 trove?

1064 389 1167 438 quam
1196 388 1237 423 ad
1268 385 1433 423 Italiam?
1472 385 1577 435 Quasi
1614 385 1727 422 dicat:
1758 387 1816 422 An

1065 438 1194 475 videris
1230 437 1415 474 removisse
1439 439 1563 472 oculos
1592 444 1672 471 tuae
1709 437 1809 485 pieta-

1066 491 1110 525 tis
1147 490 1189 524 ab
1225 489 1330 524 Italia
1352 515 1362 531 ‚
1398 488 1431 522 &
1470 486 1619 535 benigne
1654 486 1819 534 respicere

1065 541 1171 576 aliam
1201 542 1370 588 partem?
1397 540 1457 574 An
1485 538 1529 573 est
1557 549 1699 575 verum,
1728 538 1821 583 quod

1066 601 1104 627 tu
1132 590 1217 626 facis
1245 590 1311 625 hoc
1339 589 1376 625 in
1403 598 1467 624 tuo
1494 588 1626 624 secreto
1655 587 1819 629 confiliov

1067 641 1149 689 quia
1177 641 1354 689 permittis
1382 640 1499 687 aliqua
1528 639 1619 674 mala
1649 637 1747 676 ficri,
1783 649 1821 673 nt

1066 692 1147 728 inde
1173 691 1293 727 elicias
1322 690 1475 738 aliquem
1503 691 1634 725 bonum
1660 688 1819 724 effectum

1065 743 1245 778 occultum
1271 743 1305 777 &
1332 741 1555 790 incognitum
1583 739 1715 776 nobis?
1742 739 1804 775 Urs

1067 793 1108 828 de
1135 793 1249 828 dicit:

1117 848 1142 877 Ο
1169 845 1185 876 ὲ
1207 842 1553 890 preparation,-—--

1068 893 1149 929 idest
1167 918 1176 933 ‚
1205 893 1465 942 praeordinatio
1482 921 1492 937 ,

1118 964 1134 970 -
1150 965 1165 970 -
1181 965 1196 970 —
1210 964 1227 969 —
1244 944 1294 978 che
1321 957 1358 977 ne
1384 942 1534 989 l'abiff0‚

1067 993 1172 1034 idest,
1209 993 1246 1029 in
1275 993 1539 1041 profunditate,
1576 992 1659 1043 quia
1684 994 1822 1037 judicia

1069 1044 1137 1080 Dei
1165 1044 1298 1090 abyssus
1325 1045 1459 1083 muita„

1118 1095 1182 1129 Del
1208 1105 1260 1128 tuo
1286 1095 1580 1141 configlio,---—

1068 1144 1151 1180 idest
1175 1170 1185 1185 ,
1226 1144 1475 1181 Providentiae
1510 1154 1619 1182 tuae.
1658 1147 1706 1182 Et
1744 1160 1821 1183 ecce

1068 1206 1196 1244 quare;

1119 1266 1134 1272 ·-
1150 1266 1165 1271 -
1181 1266 1228 1271 --
1250 1245 1302 1289 fui
1325 1255 1380 1292 per
1406 1247 1498 1280 alcun
1525 1248 1599 1281 bene

1118 1297 1155 1330 In
1183 1306 1264 1329 tutto
1289 1297 1331 1330 da
1357 1295 1529 1343 l'accorger
1555 1297 1652 1340 nostro
1671 1296 1784 1343 scff'fflu³

1069 1345 1180 1389 Idest,
1216 1345 1376 1382 totaliter
1411 1346 1565 1383 divisum
1602 1346 1641 1383 &
1667 1348 1822 1384 alienum

1068 1409 1084 1430 a
1113 1395 1318 1444 cognitione
1344 1396 1476 1436 nostra,
1505 1398 1587 1444 quia
1614 1399 1736 1434 oculus
1761 1413 1825 1435 no-

1067 1445 1129 1481 ster
1165 1445 1325 1481 infirmus
1363 1459 1432 1481 non
1462 1449 1556 1483 valet
1583 1461 1743 1485 cerneret.
1771 1453 1824 1488 A-

1066 1497 1114 1531 lia
1141 1504 1259 1531 tamen
1287 1496 1390 1531 litera
1418 1496 1543 1533 habet:

1116 1548 1153 1580 In
1180 1556 1262 1580 tutto
1285 1556 1341 1593 per
1367 1559 1523 1594 corregger
1547 1548 1647 1590 nostro
1667 1548 1776 1595 sct'ffo.

1066 1595 1148 1631 idest
1171 1620 1181 1634 ,
1224 1605 1263 1631 ut
1299 1596 1448 1632 omnino
1483 1598 1637 1646 corrigas
1673 1600 1821 1637 nostran-2

1065 1645 1295 1681 divifionem.
1321 1646 1384 1681 Sed
1415 1646 1526 1695 prima
1555 1649 1657 1684 litera
1679 1650 1724 1685 est
1750 1664 1823 1687 me»

1065 1696 1154 1735 lior,
1183 1696 1220 1732 &
1242 1697 1352 1746 magis
1372 1697 1414 1732 de
1440 1697 1642 1735 intentione
1671 1702 1819 1737 Poetae„

1065 1749 1111 1781 Et
1146 1746 1293 1793 affignat
1331 1750 1437 1783 Poeta
1471 1749 1608 1785 causam
1644 1753 1823 1788 exclama-

1066 1796 1175 1831 tionis
1201 1797 1314 1831 fae‘stae
1347 1797 1387 1832 in
1417 1799 1552 1838 Deum,
1589 1813 1633 1836 ne
1658 1801 1823 1838 videatur

1065 1846 1172 1881 nimis
1200 1847 1403 1882 temerarius
1420 1874 1428 1882 .
1458 1849 1561 1885 Unde
1587 1850 1699 1886 dicit:

1112 1897 1179 1930 Che
1205 1898 1234 1930 le
1259 1898 1350 1931 Ci'ttd
1377 1897 1540 1938 fflItalia,
1567 1921 1756 1928 -----

1063 1959 1134 1981 non
1175 1947 1322 1983 aliarum
1357 1948 1618 1996 provinciarum
1661 1964 1821 1988 commu-

1064 2007 1176 2041 niter,

1111 2068 1385 2075 -------
1412 2059 1491 2083 tutte
1514 2050 1606 2094 piene

1112 2101 1174 2131 Son
1200 2099 1237 2131 di
1265 2099 1405 2133 Tiranm'
1430 2120 1617 2128 -----

1061 2147 1177 2182 Immo
1203 2148 1311 2184 etiam
1340 2150 1579 2195 Tyrannulis'.
1620 2152 1726 2189 Unde
1762 2153 1818 2191 ‹ii-

1059 2198 1137 2242 cit,
1164 2199 1198 2233 ἃ
1226 2198 1319 2246 quod
1348 2202 1463 2235 multo
1491 2201 1585 2248 pejus
1611 2202 1678 2242 est,

1110 2269 1298 2276 -----
1326 2253 1373 2285 Et
1399 2264 1441 2284 un
1469 2253 1593 2286 Marcel
1618 2254 1753 2290 diventa

1107 2299 1194 2345 Ogm'
1222 2300 1352 2339 Villan,
1380 2301 1431 2336 ebe
1454 2303 1685 2349 parteggr'ando
1703 2306 1815 2343 viene„

1059 2351 1148 2384 Vult
1179 2351 1283 2385 Poeta
1309 2351 1424 2387 dicere
1451 2353 1583 2393 tacite,
1610 2354 1702 2402 quod
1731 2355 1816 2392 ficut

1057 2400 1147 2435 olim
1174 2402 1365 2437 Marcellus
1408 2415 1450 2438 ex
1479 2416 1602 2452 magna
1630 2406 1814 2442 affe-&ione

1058 2450 1256 2498 praesumsit
1283 2451 1321 2487 &
1350 2451 1538 2490 insurrexit
1565 2465 1687 2492 contra
1722 2456 1814 2493 Cae-

1033 2516 1035 2525 =
1058 2504 1163 2535 larem
1193 2502 1343 2549 primum
1376 2505 1649 2551 Imperatorem,
1676 2507 1726 2542 ita
1753 2507 1815 2542 ho-

1056 2551 1114 2587 die
1148 2552 1265 2638 olgmis
1305 2553 1519 2590 castellanus
1565 2555 1604 2591 ὃ(
1652 2558 1815 2593 Villanus

1223 2615 1244 2637 n
1300 2615 1320 2638 2

1668 2620 1761 2654 prae-
