2216 3105
232 215 318 264 ,249

179 281 203 298 ‚,
230 270 266 292 ln
296 257 423 304 priores
451 254 559 302 fines;
598 252 636 289 &
673 262 808 291 cetera,
844 266 931 301 quae
971 254 1001 287 A

179 332 203 348 „
231 306 358 341 ibidem
402 306 607 353 legebatur:
656 303 831 351 Scriptum
875 316 933 351 per

178 381 202 398 „
230 368 349 389 manus
376 354 478 402 ipsius
522 354 684 390 Vizantii
722 354 932 389 Subdiaconi

177 430 200 447 ‚‚
228 403 265 440 ὅ(
294 405 472 440 Scriniarii
502 403 540 440 &
562 404 835 440 Vibliothecarii
859 404 932 439 san-

176 479 200 497 „
227 454 302 489 Eine
324 457 587 490 Beneventanae
608 455 800 494 Ecclefiae,
828 457 933 490 Men—

175 529 199 547 „
227 504 258 539 se
286 506 469 549 Januarim
499 506 615 541 Prima
645 506 863 545 IndicPtione,
883 507 932 554 (a)

176 581 199 599 „
228 555 264 590 in
294 559 402 592 Anno
432 559 570 601 Quarto
602 557 933 605 Arihiepiscopatus

176 631 200 648 ‚‚
227 607 321 653 ejus,
362 609 546 643 Annorum
579 607 803 655 Principum,
845 621 932 654 quo-

176 682 199 698 „
227 657 333 692 modo
370 657 501 693 ibidem
553 657 719 705 scriptum
757 669 828 693 erat
871 671 931 705 pro

176 732 200 749 ‚‚
228 707 426 743 Indiffione
448 708 693 756 suprascripta,
725 712 830 743 Anno
857 710 931 743 Do—

175 783 200 801 „
228 757 379 793 minicae
408 759 661 794 Incarnationis
702 758 931 808 Nongentefi-

176 833 200 851 ‚‚
228 821 286 843 mo
314 809 535 857 OE‘togefimo
572 810 729 845 Secundo
767 810 846 858 (b).
884 812 930 844 Et

175 883 199 902 ,‚
227 858 264 894 in
293 872 360 906 qua
387 859 458 905 ipse
495 859 788 907 Archiepiscopus
826 874 930 895 manu

175 934 199 952 ,‚
229 909 367 957 propria
388 910 586 958 scripserat,
610 910 693 946 slcut
714 911 843 946 ibidem
867 911 931 945 effe

174 985 200 1003 ‚,
227 959 387 999 videtur,
415 974 501 1008 quae
529 961 678 1008 legitur,
725 965 810 995 Bene
839 963 932 995 Vale-

178 1035 200 1052 „
228 1020 278 1048 te,
305 1011 338 1044 8(
368 1011 409 1045 ab
437 1011 542 1045 anulo
583 1012 656 1059 ejus
698 1011 863 1059 plumbeo
891 1011 931 1046 sl-

179 1085 202 1102 „
231 1058 356 1107 gillato
384 1060 427 1095 est
444 1087 452 1095 .

229 1136 253 1152 ‚‚
282 1110 435 1146 Reice-{is
471 1113 554 1147 vero
592 1111 659 1159 jam
697 1111 801 1147 dietis
833 1114 932 1147 Prae-

179 1185 202 1203 „
231 1159 340 1207 ceptis
368 1159 405 1196 ἃ
433 1160 504 1208 ipse
533 1162 752 1210 Prebilegio,
792 1176 850 1210 per
876 1176 932 1198 or-

180 1235 203 1253 „
231 1209 348 1244 dinem
386 1212 611 1257 querebamus
649 1226 710 1247 nos
748 1214 872 1249 habere
899 1214 932 1248 8(

179 1285 202 1303 ,‚
231 1259 385 1294 detinere
413 1274 474 1306 pro
503 1271 597 1306 parte
626 1263 839 1308 supradiehe
871 1277 933 1298 no-

178 1335 202 1353 „
229 1308 312 1344 strae
339 1309 435 1344 Sedis
463 1310 552 1346 infra
580 1312 648 1359 jam
677 1312 763 1347 dieii
792 1313 934 1361 majoris

179 1385 201 1403 ‚,
230 1358 335 1398 finis,
372 1359 608 1408 suprascriptis
635 1372 785 1409 quatuor
812 1363 935 1398 Curti-

180 1437 202 1453 „
231 1409 291 1444 bus
328 1411 361 1444 8(
398 1411 586 1447 territoriis
622 1413 654 1446 8(
694 1413 872 1448 montibus
900 1414 934 1448 8(

180 1487 203 1504 ,‚
231 1460 381 1495 collibus
408 1462 441 1495 &
470 1462 568 1508 aquis
595 1463 629 1496 8(
661 1463 872 1498 molendinis
899 1465 933 1498 8(

179 1537 202 1554 ,‚
232 1509 299 1557 jam
338 1510 442 1546 dietis
478 1512 638 1548 Ecclesiis
677 1512 806 1548 ibidem
850 1527 934 1549 con-

179 1587 203 1604 „
230 1559 384 1600 strrffiiis,
413 1575 472 1610 per
500 1562 567 1610 jam
589 1563 693 1599 diffls
718 1565 934 1613 Praeceptis,

179 1637 202 1655 ,‚
229 1611 263 1667 8(
307 1625 365 1659 per
418 1615 538 1647 eodem
587 1614 845 1663 Brebilegium:
890 1617 935 1650 Et

180 1687 204 1705 ,‚
232 1660 302 1706 lpse
343 1662 403 1708 qui
447 1661 543 1713 supra
587 1666 706 1700 Petrus
755 1667 936 1711 Presbyter

179 1737 204 1755 ‚‚
231 1711 265 1744 8(
311 1710 432 1746 Custus
483 1725 544 1760 pro
585 1724 681 1761 parte
722 1714 935 1762 supradie‘cae

181 1787 204 1804 „
233 1759 310 1795 suae
337 1761 507 1797 Ecclesiae
544 1761 582 1798 &
620 1765 822 1801 Monasterii
851 1780 935 1813 que—

181 1837 204 1855 „
232 1811 328 1846 rebat
365 1811 455 1858 ipsos
494 1823 608 1848 totum
647 1828 705 1862 per
741 1816 809 1864 jam
848 1816 935 1851 diffl

181 1861 375 1909 „majoris
411 1861 490 1898 finis
528 1864 651 1899 habere
688 1866 786 1913 juxta
824 1868 934 1915 legem

182 1938 205 1956 ‚,
233 1924 293 1959 per
335 1912 568 1957 poffefficnem
606 1916 834 1965 quadraginta
877 1931 936 1952 an—

181 1988 205 2006 „
233 1974 381 1997 norum.
410 1965 455 1998 Et
483 1964 633 2011 plurima
661 1966 815 2003 intentio
843 1968 937 2003 inter

181 2038 206 2056 ,‚
233 2025 294 2047 nos
322 2013 447 2049 exinde
474 2013 677 2052 habuimus.
706 2017 769 2052 Sed
798 2029 937 2065 propter

182 2088 206 2105 ‚,
234 2063 326 2108 quod
376 2077 450 2111 pars
501 2064 688 2113 supradiE‘ci
731 2068 935 2103 Monasterii

180 2141 205 2159 „
234 2113 375 2148 sanetae
403 2114 537 2150 Mariae
566 2117 710 2164 possedit
731 2118 935 2162 supradiffls

182 2191 205 2209 „
234 2164 423 2203 Curtibus,
453 2165 639 2202 territoriis
666 2169 732 2204 &c.
761 2167 799 2204 &
820 2168 936 2204 omni-

184 2242 206 2259 „
235 2213 296 2248 bus
337 2214 477 2249 illarum
520 2217 743 2259 pertinentiis
783 2219 936 2268 supradi-

182 2291 206 2309 ‚‚
234 2262 309 2298 (stae
337 2264 477 2312 majoris
506 2265 585 2301 finis
624 2268 690 2311 jam
728 2268 826 2317 super
852 2284 936 2318 qua—

181 2341 205 2360 „
233 2313 391 2360 draginta
429 2329 561 2352 annos:
606 2316 644 2353 &
686 2332 748 2355 nos
791 2320 937 2356 minime

181 2391 206 2410 υ
235 2365 438 2404 potebamus
466 2366 502 2402 in
530 2367 586 2402 die
614 2367 738 2404 habere
766 2383 828 2416 pro
856 2370 933 2416 ipsis

183 2442 207 2460 ‚,
236 2416 452 2471 Praeceptis,
492 2419 526 2452 8(
555 2431 614 2465 per
640 2418 753 2467 ipsum
783 2421 938 2456 Prebile-

181 2492 207 2510 ,,
235 2478 352 2513 gium:
394 2467 475 2503 Ideo
516 2477 702 2517 antequam
730 2470 856 2507 exinde
882 2471 938 2508 in—

231 2573 280 2612 (a)
302 2573 382 2610 Idest
403 2578 502 2612 Anno
523 2578 641 2614 Christi
664 2582 734 2620 988.

552 193 919 237 DISSERTATIO
957 188 1439 236 DECIMAOGTAVA;

1659 203 1681 231 2
1718 205 1742 230 0

1045 277 1068 294 ‚,
1096 256 1149 283 ter
1176 247 1278 283 nobis
1305 247 1439 294 legibus
1465 245 1569 281 finem
1589 201 1801 285 sacerrimus,

1044 327 1068 344 ‚,
1096 311 1155 346 per
1196 299 1377 344 colloquia
1415 309 1584 331 vonorum
1615 297 1800 331 hominum

1043 377 1067 394 „
1094 347 1256 384 venimus
1298 347 1424 382 exinde
1462 355 1497 381 at
1524 347 1768 381 conbenienti-‘a
1787 358 1798 380 t

1043 427 1067 444 ‚,
1095 408 1133 434 ut
1161 398 1232 446 ipse
1259 396 1320 446 qui
1349 396 1446 445 supra
1476 398 1596 432 Petrus
1620 397 1801 441 Presbyter

1044 477 1067 494 ‚.
1094 452 1128 484 8(
1156 449 1279 484 Custos
1309 461 1370 496 pro
1398 456 1494 495 parte
1532 445 1719 493 supradifiii
1748 445 1801 481 sui

1044 528 1068 544 ,‚
1095 499 1300 535 Monasterii
1328 497 1526 533 dimitteret
1566 498 1599 531 &
1628 496 1800 532 relaffaret

1043 577 1067 595 „
1094 550 1244 586 Cenami
1272 547 1496 597 Langobardi
1525 561 1587 593 pro
1624 557 1720 595 parte
1746 545 1802 581 su—

1044 627 1068 645 „
1096 600 1271 649 pradi5³me
1299 613 1394 635 meae
1422 598 1517 634 Sedis
1545 597 1738 634 calumnias
1765 598 1801 632 &

1044 678 1068 695 ‚,
1096 651 1309 699 questiones,
1337 649 1548 685 sacramenta
1576 659 1680 697 atque
1701 660 1799 683 com-

1045 728 1068 745 „
1097 701 1309 750 positiones,
1346 700 1514 748 quicquid
1557 713 1618 735 nos
1660 699 1708 734 eis
1737 711 1800 746 pro

1046 779 1069 795 „
1097 762 1193 799 parte
1221 750 1408 799 supradiffi
1437 750 1487 786 sui
1516 749 1719 785 Monasterii
1750 748 1801 784 fa-

1046 828 1069 845 „
1098 816 1171 837 cere
1209 801 1390 838 debuimus
1431 801 1472 836 de
1510 800 1702 849 supi·adi5‘ta
1744 799 1802 835 sua

1046 878 1068 896 ,‚
1096 852 1272 900 questione
1309 866 1370 901 pro
1407 864 1493 900 pena
1520 878 1676 887 .....
1705 863 1801 885 com—

1045 929 1068 947 „
1097 904 1295 952 ponendum
1323 901 1561 938 decemmillia
1598 901 1672 937 auri
1709 901 1801 935 Soli—

1045 979 1069 998 „
1096 954 1157 989 dos
1184 951 1571 999 Constantinopolitani
1610 952 1713 986 boni.
1755 953 1801 985 Et

1045 1030 1068 1047 ,‚
1096 1017 1158 1039 nos
1186 1003 1247 1052 qui
1275 1004 1373 1052 supra
1409 1005 1515 1038 Vitus
1553 1001 1686 1037 Domni
1724 1014 1801 1049 gra-

1045 1080 1069 1098 „
1096 1055 1147 1089 tia
1177 1053 1332 1089 Pontifes
1361 1067 1423 1102 pro
1451 1061 1547 1100 parte
1584 1052 1713 1087 nostrae
1742 1054 1800 1087 Se-

1046 1131 1069 1148 „
1096 1105 1170 1144 dis,
1198 1117 1257 1152 per
1284 1102 1552 1139 convenientiae
1580 1102 1727 1138 hordine
1748 1103 1802 1150 ju—

1014 1165 1016 1172 ’
1046 1182 1068 1199 ,,
1097 1164 1158 1190 xta
1185 1157 1317 1203 Legem
1346 1153 1637 1190 manifestaremus
1666 1166 1727 1187 nos
1755 1152 1803 1187 ti—

1046 1233 1069 1250 „
1099 1205 1155 1244 bi,
1183 1205 1243 1252 qui
1273 1204 1370 1251 supra
1391 1204 1554 1240 Landoni
1577 1201 1803 1250 Langobardi

1046 1283 1069 1300 ,‚
1099 1269 1159 1303 pro
1188 1265 1283 1300 parte
1312 1253 1498 1303 supradieti
1533 1253 1736 1288 Monasterii
1765 1253 1803 1288 in

1046 1331 1068 1350 „
1097 1306 1285 1354 subscripta
1313 1305 1448 1340 ratione
1489 1304 1530 1339 de
1557 1304 1704 1352 integris
1734 1304 1804 1350 jam

1048 1383 1070 1400 ,‚
1098 1355 1201 1390 dietis
1229 1365 1380 1403 quatuor
1407 1355 1574 1390 Curtibus
1611 1356 1644 1389 &
1682 1353 1804 1389 Terri-

1047 1433 1070 1450 ‚‚
1099 1406 1223 1449 toriis,
1251 1406 1356 1440 cultis
1383 1406 1416 1439 8(
1446 1404 1610 1444 incultis,
1639 1403 1676 1440 ὅ(
1703 1417 1803 1439 mon—

1047 1484 1070 1500 „
1098 1456 1192 1491 tibus
1220 1457 1253 1490 8(
1282 1455 1442 1490 Ecclefiis
1469 1457 1502 1490 ἃ
1532 1456 1630 1502 aquis
1664 1456 1698 1490 &
1728 1467 1804 1489 mo-

1047 1533 1070 1550 „
1099 1506 1251 1541 lendinis
1278 1506 1319 1540 de
1349 1507 1415 1551 jam
1439 1505 1543 1540 dietis
1564 1506 1671 1540 locis.
1700 1507 1746 1539 Et
1773 1504 1803 1540 i-

1048 1584 1071 1601 „
1099 1557 1164 1592 deo
1192 1566 1229 1592 ut
1266 1555 1514 1591 conbenientia
1552 1555 1632 1599 iusta
1669 1556 1805 1603 juxtam

1018 1612 1021 1635 ἰ
1049 1635 1072 1651 ,,
1100 1609 1211 1656 legem
1251 1606 1400 1642 firmiter
1427 1605 1525 1641 fieret
1543 1630 1551 1643 ‚
1595 1606 1806 1640 conbocabi—

1050 1671 1177 1703 „mus
1214 1657 1304 1693 infra
1342 1656 1442 1692 nobis
1480 1656 1712 1703 supradifi‘ium
1742 1658 1806 1690 P:-

1050 1735 1073 1752 ‚‚
1101 1717 1193 1743 trum
1221 1708 1405 1751 Judicem,
1433 1709 1466 1742 8(
1496 1706 1702 1754 subscriptos
1730 1706 1808 1741 ido-

1020 1770 1022 1782 ³
1050 1786 1074 1803 ‚‚
1101 1772 1184 1794 neos
1211 1758 1372 1793 homines
1389 1783 1399 1797 ,
1441 1757 1502 1804 qui
1540 1757 1572 1792 se
1599 1757 1700 1791 nobis
1728 1769 1807 1791 cum

1051 1836 1074 1853 „
1101 1809 1260 1844 interesse
1288 1809 1473 1847 dixerunt,
1515 1806 1599 1842 ficut
1636 1807 1672 1842 in
1713 1809 1809 1854 Lege

1051 1887 1075 1904 „
1104 1859 1269 1907 scriptum
1298 1858 1342 1894 est
1369 1858 1410 1893 de
1452 1857 1696 1892 conbenientia
1714 1884 1721 1892 .
1760 1859 1806 1892 Et

1051 1910 1154 1954 „ita
1194 1909 1340 1945 fecimus
1385 1910 1418 1943 8(
1462 1908 1677 1943 firmabimus
1719 1906 1810 1942 infra

1052 1987 1076 2005 ‚‚
1105 1960 1205 1996 nobis
1242 1959 1367 1996 exinde
1408 1959 1497 1994 hanc
1539 1958 1806 1994 conbenientiac

1053 2037 1076 2055 ,‚
1103 2013 1269 2046 Carta-m.

1104 2088 1127 2105 ,‚
1157 2061 1292 2096 Idcirco
1321 2074 1383 2095 nos
1403 2060 1463 2108 qui
1488 2059 1583 2108 supra
1609 2059 1715 2095 Virus
1736 2061 1811 2094 Do*

1054 2138 1077 2156 ‚,
1106 2111 1194 2146 mini
1223 2111 1334 2160 gratia
1355 2111 1511 2146 Pontifes
1538 2124 1603 2146 una
1629 2123 1705 2144 curn
1729 2122 1813 2144 con—

1055 2190 1078 2206 „
1106 2161 1237 2197 sensum
1267 2161 1489 2197 Sacerdorum
1524 2162 1556 2196 &
1589 2160 1812 2196 Clericorum

1055 2240 1078 2257 ,‚
1107 2212 1320 2260 supradi&ae
1358 2211 1486 2246 nostrae
1515 2211 1630 2250 Sedis,
1671 2211 1704 2246 8<
1734 2222 1815 2257 erga

1056 2290 1079 2307 ‚‚
1107 2262 1287 2298 nobiscum
1317 2262 1475 2297 habendo
1504 2261 1700 2309 supradicio
1737 2262 1812 2296 Ab—

1057 2342 1080 2358 „
1109 2315 1234 2349 bocato
1254 2312 1403 2362 ejusdem
1427 2313 1556 2347 nostrae
1582 2311 1699 2350 Sedis,
1727 2324 1812 2358 qua—

1057 2392 1080 2409 „
1107 2364 1190 2399 liter
1217 2364 1309 2399 inter
1337 2364 1437 2398 nobis
1466 2362 1632 2397 conbenit
1654 2375 1714 2407 pro
1735 2373 1811 2408 par-

1057 2442 1079 2459 „
1107 2423 1142 2450 te
1179 2414 1392 2463 supradiffiae
1430 2413 1559 2448 nostrae
1596 2411 1716 2450 Sedis,
1754 2423 1812 2458 per

1056 2493 1079 2510 „
1107 2465 1195 2500 hanc
1239 2463 1411 2499 Chartam
1458 2461 1723 2499 conbenientiae
1762 2459 1811 2494 se-

1626 2536 1649 2551 „
1677 2523 1760 2545 cun-

1054 2574 1103 2614 (b)
1126 2574 1189 2606 Pro
1211 2573 1337 2606 Secundo
1359 2572 1522 2612 legendum
1544 2570 1676 2602 ossavo.
