2216 3105
415 219 498 262 715

356 259 406 296 &i
440 263 643 301 Dominici.
686 267 782 313 Quia
809 269 935 304 melius
963 268 1121 304 testimo-

355 313 454 348 nium
484 315 548 354 est,
578 315 615 352 &
644 316 785 353 facilius
805 319 980 364 creditur,
1008 332 1120 366 quan-

357 363 403 398 do
431 369 586 402 aemulus
615 369 733 404 laudat
761 372 960 414 aemulum,
1003 368 1041 406 &
1069 369 1122 405 ita

357 416 498 464 quando
526 419 645 459 culpat
674 419 775 457 suos.

410 468 499 501 Intra
527 471 670 516 Tcrpino
697 492 712 498 ν

356 517 451 570 Heic
480 519 638 555 Thomas
659 532 857 557 narraturus
880 521 993 557 vitam
1014 524 1122 557 Fran-

357 567 469 607 ciici.
509 570 622 617 primo
658 571 823 606 describit
865 572 984 606 locum
1011 571 1122 619 origi-

357 619 413 652 nis
442 620 540 667 ejus,
583 634 686 668 quem
715 621 879 657 describit
916 635 934 656 a
963 621 1122 657 flumini-

360 667 423 705 bus*
472 672 505 704 &
558 672 800 711 Civitatibus,
856 673 975 707 locum
1016 672 1121 707 illum

359 719 623 758 claudentibus.
677 723 733 758 Ad
780 723 875 769 cujus
904 722 1122 757 evidentiam

358 769 403 804 est
434 772 715 815 praesciendum,
744 773 837 821 quod
865 772 1007 808 Civitas
1028 771 1122 808 Affi-

359 818 443 855 fium
473 820 517 855 est
546 820 666 857 situata
702 823 740 858 in
769 824 861 858 valle
890 822 1124 871 pulcherrima

356 871 391 906 8<
423 870 633 909 fertiliffirna
661 873 818 921 Spoleti,
845 873 939 910 inter
960 873 1029 908 duo
1057 872 1124 908 flu-

357 921 477 963 mina,
506 936 655 970 quorum
684 937 790 959 unum
820 933 966 959 vocatur
994 923 1125 960 Chias-

358 971 435 1014 su5‚
473 973 536 1019 qui
564 974 663 1011 venit
690 988 708 1009 a
736 973 902 1011 Civitate
941 974 1121 1023 Eugubii‚

359 1023 510 1059 alterum
539 1028 623 1060 vero
652 1036 798 1061 vocatur
825 1024 1031 1069 Turpinus‚
1059 1024 1123 1072 qui

361 1074 461 1108 venit
489 1087 507 1108 a
537 1075 712 1111 Nuceria.
743 1075 843 1110 Dicit
870 1088 976 1120 ergo:

412 1125 533 1157 Ferttle
562 1126 640 1166 costa
667 1125 778 1160 d'alto
805 1136 904 1160 monte
928 1128 1049 1168 pende,

361 1174 423 1220 qui
452 1173 685 1220 supereminet
714 1175 860 1211 Affifi'o.
896 1175 993 1221 Quia
1029 1174 1123 1211 Affi—

362 1224 447 1260 sium
485 1225 531 1261 est
567 1225 716 1270 pofitum
767 1226 805 1262 in
852 1236 973 1262 monte
1013 1226 1126 1263 fertili

362 1274 401 1311 in
428 1275 584 1312 declivio
613 1276 746 1313 montis
764 1304 776 1314 .

415 1328 506 1361 Intra
531 1329 674 1372 Turpt'no
701 1349 719 1355 —
743 1349 759 1355 -
785 1349 802 1355 -
828 1349 847 1355 -

363 1376 420 1413 Est
447 1377 544 1413 enim
571 1378 752 1426 Turpinus
782 1377 934 1414 fluvius:

545 1449 560 1455 —
588 1443 602 1462 e
629 1428 655 1461 t*
667 1433 809 1475 Aequa,
837 1450 1027 1456 —————

363 1477 470 1516 idest,
509 1479 620 1515 alium
667 1478 838 1520 fluvium,
885 1479 947 1524 qui
996 1478 1128 1515 dicitur

365 1527 555 1569 Chiafl‘us„
581 1530 727 1566 veniens
752 1530 797 1565 ab.
821 1530 1008 1578 Eugubio.
1047 1528 1129 1564 Un-

365 1578 408 1614 de
436 1579 549 1617 dicit:

414 1650 433 1656 -
457 1650 475 1657 =
501 1650 519 1657 -
544 1651 562 1657 -
588 1631 642 1665 che
666 1630 811 1674 dt'scemle

419 1680 482 1715 Del
510 1681 583 1715 colle
610 1682 701 1715 eletto
727 1683 779 1715 del
806 1682 897 1715 beata·
922 1681 1065 1716 Uhaldo.

368 1729 428 1765 Ad
469 1730 564 1776 quod
611 1730 811 1772 sciendum,
862 1731 957 1781 quod
1002 1733 1131 1765 Beatus

369 1779 531 1816 Ubaldus
559 1781 678 1826 primo
702 1780 771 1815 fuit
792 1780 950 1815 Eremita
970 1780 1008 1815 in
1028 1793 1144 1828 mon-⁴

368 1839 403 1865 te
430 1830 523 1867 ilIO.
566 1830 701 1867 Deinde
742 1830 810 1866 fuit
838 1830 1030 1877 Episcopus
1058 1832 1130 1864 Eu-

368 1880 489 1928 gubii.
537 1882 587 1916 Et
630 1880 677 1916 est
718 1882 888 1915 Patronus
927 1881 1027 1916 illius
1062 1879 1131 1915 Ci—

370 1930 519 1966 vitatis.
552 1933 602 1967 Et
637 1930 754 1967 subdit
797 1931 979 1968 Civitates
1004 1930 1135 1967 Affifio-

369 1980 549 2026 confines,
573 1981 715 2019 dicens:

419 2036 507 2067 Ona'e
532 2053 764 2061 ------

370 2081 479 2123 idest,
505 2097 523 2119 a
550 2097 619 2131 qua
645 2084 734 2120 costa
761 2083 903 2120 fertili:

421 2154 438 2160 —
463 2155 481 2161 -
507 2155 522 2161 -
550 2135 688 2181 Per-ugia
710 2135 800 2180 [ente
816 2135 934 2180 fredelaf
957 2149 975 2169 e
998 2133 1091 2170 calda

424 2189 481 2220 Da
503 2196 593 2231 porta
619 2186 690 2220 Sole
706 2213 716 2229 ‚

373 2237 480 2271 Porta
499 2237 591 2272 Solis
611 2235 656 2271 est
684 2249 750 2270 una
777 2238 882 2271 Porta
903 2235 1033 2271 Perufii
1054 2247 1135 2269 ver—

372 2287 431 2321 sus
464 2297 581 2321 ortum
620 2286 713 2322 Solis
728 2311 741 2325 „
770 2300 860 2335 quae
893 2286 1037 2322 respicit
1065 2284 1134 2320 As-

372 2334 509 2371 fifium.
553 2337 610 2373 Est
649 2348 766 2373 autem
811 2336 986 2373 Perusium
1027 2335 1132 2372 Civi-

374 2395 429 2422 tas
468 2388 613 2436 antiqua
660 2387 698 2424 ἃ
752 2388 907 2427 nobilis,
954 2387 1131 2434 quondam

376 2450 483 2472 unum
526 2449 632 2484 caput
655 2438 830 2479 Tusciae,
868 2447 911 2474 ut:
948 2438 1039 2474 dicit
1064 2436 1131 2473 Ti·
1158 2440 1160 2455 ³

375 2497 435 2524 ms
458 2487 587 2525 Livius
601 2501 613 2524 :

694 206 1168 256 BENVENUTI
1210 208 1655 256 IMOLENSIS

1163 277 1197 312 A

1888 223 1941 258 16

1281 290 1298 296 -
1324 291 1342 298 -
1410 292 1426 298 -
1453 285 1469 306 e
1495 272 1530 306 di
1558 283 1639 306 retro
1665 273 1694 306 Ie
1718 232 1877 319 piange7

1281 324 1343 355 Per
1364 334 1461 368 greve
1484 323 1577 369 giogo
1604 326 1723 357 Nocera
1763 337 1815 357 con
1843 325 1993 361 Gualdo.

1233 372 1330 407 Duae
1367 374 1497 408 Terrae
1535 373 1634 412 sunt,
1677 387 1824 421 quarum
1855 387 1921 409 una
1949 374 1995 410 est

1233 422 1407 458 Nuceria:
1446 423 1476 457 le
1499 424 1615 470 piagne
1640 425 1677 458 di
1703 435 1804 464 retro,
1831 424 1966 460 scilicet
1984 450 1992 463 ,

1232 471 1304 519 post
1329 472 1458 508 distam
1488 474 1634 513 costam,
1663 474 1700 510 in
1728 489 1795 522 qua
1824 475 1869 510 est
1899 474 1991 510 Affi-

1232 521 1336 558 sium:
1381 535 1438 571 per
1459 538 1563 571 grave
1584 527 1697 571 giogo,
1745 526 1827 572 quia
1865 528 1993 573 recipit

1234 583 1377 609 ventum
1413 575 1448 608 &
1485 573 1593 621 frigus
1639 577 1672 610 ὃ(
1711 576 1934 611 incommoda
1972 589 1991 611 a

1232 623 1327 659 dif’co
1356 632 1501 659 monte.
1529 624 1610 659 Alii
1638 634 1755 660 tamen
1782 635 1990 673 exponunt,

1234 684 1375 722 propter
1414 686 1518 721 grave
1564 674 1687 722 jugum
1729 677 1990 715 Peruhnorum‚

1233 726 1316 770 quia
1357 722 1472 758 digiae
1507 724 1638 758 Terrae
1694 734 1793 759 erant
1837 725 1992 760 subditae

1233 773 1394 809 dominio
1425 772 1685 808 Perusinorum.
1723 775 1769 809 Et
1809 773 1894 809 istud
1923 774 1992 810 fuit

1234 823 1424 872 aliquando
1452 836 1597 858 verum.
1625 823 1690 859 Sed
1718 823 1831 873 prima
1857 823 1994 873 exposi-

1233 874 1287 910 tio
1315 874 1361 909 est
1388 873 1535 909 melior.

1283 925 1332 959 Di
1358 925 1461 971 questa
1488 925 1566 967 costa
1592 946 1779 952 -----

1233 975 1325 1011 Heic
1353 975 1510 1011 Thomas
1538 974 1700 1010 describit
1743 975 1856 1024 ipsum
1885 978 1993 1011 Fran-

1233 1025 1385 1070 cistam,
1422 1038 1528 1072 quem
1563 1026 1803 1075 metaphorice
1838 1028 1993 1076 appellat

1233 1077 1371 1116 Solem,
1399 1075 1539 1112 dicens:

1369 1148 1385 1153 -
1411 1148 1429 1153 ·-
1456 1141 1573 1174 nacque
1596 1127 1631 1162 al
1657 1130 1779 1162 Mando
1805 1141 1848 1161 un
1873 1128 1966 1167 Sole,

1233 1176 1390 1219 scilicet,
1419 1177 1640 1214 Franciscus.
1683 1178 1781 1213 Sicut
1809 1179 1905 1213 enim
1933 1178 1993 1213 801

1233 1228 1338 1263 radiis
1379 1227 1448 1263 suis
1485 1228 1666 1264 iiluminat
1703 1227 1904 1271 Mundum,
1941 1228 1994 1264 ita

1235 1278 1437 1315 Franciscus
1476 1278 1701 1315 illuminavit
1741 1289 1857 1314 totum
1885 1280 1993 1314 Mun-

1232 1328 1314 1364 dum
1359 1329 1466 1364 radiis
1503 1329 1598 1373 suis,
1637 1329 1774 1365 scilicet
1808 1330 1992 1378 operibus,

1235 1381 1291 1415 vel
1319 1381 1498 1416 Fratribus
1536 1379 1607 1416 suis
1642 1393 1703 1428 per
1728 1389 1846 1415 totum
1872 1381 1993 1415 orbem

1234 1441 1401 1466 terrarum
1430 1429 1578 1465 diffufis.
1606 1433 1734 1477 Narque
1760 1434 1795 1465 di
1822 1430 1926 1476 questa
1945 1443 1995 1464 co-

1225 1480 1277 1522 sta
1291 1494 1312 1522 ;
1339 1480 1498 1522 scilicet,
1525 1480 1586 1515 ubi
1613 1479 1660 1514 est
1684 1479 1870 1514 Affifium:

1283 1550 1301 1556 —
1326 1550 1343 1556 -
1369 1550 1385 1556 -
1411 1550 1429 1556 -
1454 1528 1528 1563 dov’
1543 1530 1604 1563 ella
1625 1529 1744 1576 frange

1283 1581 1349 1614 Pit)
1370 1578 1431 1624 sua
1458 1590 1603 1624 rattezza
1629 1600 1814 1607 -----

1167 1632 1202 1665 D
1233 1629 1315 1665 idest
1333 1657 1345 1673 ‚r
1370 1629 1408 1665 in
1436 1640 1533 1674 parte
1561 1629 1751 1664 decliviori
1776 1630 1811 1664 ὃ(
1840 1624 1995 1677 planiori

1158 2517 1163 2578 ἒ
1209 2504 1218 2582 l

1234 1680 1336 1728 ipsius
1366 1680 1524 1714 montis.
1549 1680 1597 1713 Et
1624 1678 1713 1713 dicit
1742 1691 1761 1713 a
1788 1677 1917 1714 fimili:

1285 1734 1376 1764 Come
1398 1730 1436 1773 fa
1463 1728 1562 1774 questo
1588 1729 1727 1762 talvolta
1753 1729 1790 1762 di
1815 1732 1951 1777 Gange.

1235 1779 1393 1818 scilicet,
1439 1779 1500 1814 sol
1536 1777 1726 1814 sensibilis.
1770 1781 1855 1814 Erat
1899 1780 1996 1816 enim

1235 1830 1397 1865 Thomas
1422 1843 1504 1864 cum
1532 1828 1708 1867 Auc‘iore,
1750 1829 1807 1865 cui
1835 1831 1996 1877 loquitur

1237 1894 1348 1919 nunc,
1376 1881 1414 1916 in
1443 1892 1587 1927 corpore
1613 1879 1727 1914 Solis:
1759 1880 1799 1923 fa
1836 1882 1995 1921 talvolta,

1236 1931 1319 1966 idest
1348 1931 1463 1966 oritur
1488 1929 1699 1976 aliquandO.
1742 1943 1812 1964 non
1841 1930 1995 1980 semper:

1235 1983 1273 2016 di
1297 1985 1430 2025 Gange,
1471 1980 1533 2028 qui
1571 1980 1616 2014 est
1654 1978 1782 2015 fluvius
1811 1981 1932 2017 Indiae
1958 1982 1998 2017 in

1236 2031 1402 2066 Oriente.
1432 2033 1479 2066 Et
1499 2030 1613 2065 subdit
1637 2030 1821 2073 Thomas..
1845 2044 1995 2077 quomo·

1211 2099 1212 2104 ¹
1236 2083 1280 2117 do
1309 2081 1349 2116 fit
1376 2082 1604 2130 appellandus
1638 2080 1756 2116 diffius.
1789 2078 1913 2125 locus,
1941 2081 2000 2118 di—

1238 2146 1339 2168 cens:

1289 2186 1365 2217 Perb
1393 2182 1441 2216 chi
1466 2180 1569 2226 d’effa
1592 2183 1653 2216 [σεο
1674 2182 1713 2225 sa
1736 2183 1869 2228 parole„

1239 2234 1322 2269 idest
1340 2261 1348 2275 ‚
1377 2233 1440 2281 qui
1468 2233 1546 2269 vult
1572 2231 1685 2268 facere
1711 2233 1931 2270 mentionem
1956 2233 1999 2271 de

1242 2283 1389 2320 Affifio:

1291 2337 1363 2369 Non
1390 2334 1461 2368 dica
1487 2334 1629 2378 esseest,-

1240 2385 1326 2420 licet
1353 2384 1441 2419 illud
1480 2384 1520 2420 fit
1562 2385 1713 2431 primum
1751 2384 1791 2421 &
1818 2385 1997 2433 proprium

1211 2431 1214 2500 Ξ
1241 2448 1370 2471 nomen
1407 2435 1524 2470 difflae
1557 2435 1753 2472 civitatis.
1778 2435 1925 2473 Difi’tum
1952 2437 1998 2473 est

1240 2487 1335 2522 enim
1364 2484 1526 2521 Affifium
1543 2498 1555 2521 ε

1291 2557 1309 2564 -
1335 2558 1353 2564 -
1378 2558 1394 2564 -
1420 2559 1439 2564 -
1463 2537 1515 2572 che
1539 2538 1669 2574 direbhe
1690 2549 1772 2574 eorm

1857 2586 1941 2623 idest
