2216 3105
437 223 522 264 759

382 277 463 302 runt
485 279 605 302 omnes
632 266 815 304 fortiffime
842 268 974 307 ridere,
1001 269 1036 305 ὃς
1064 268 1135 316 ipse

382 317 604 353 Praedicator
630 317 810 355 similiter.
845 321 892 355 Et
929 319 972 354 sic
1000 319 1134 368 praedi-

381 368 476 403 catio
496 367 565 404 fuit
586 368 720 408 soluta,
747 371 781 405 δε
802 369 871 405 risu
891 368 1011 404 finita.
1035 370 1134 415 Quid

380 417 508 454 ultra?
551 421 648 455 Haec
689 421 816 456 mulier
856 419 1019 455 defun5³oe
1056 421 1135 456 viro

380 468 514 504 reversa
550 470 596 506 est
631 471 875 514 Florentiam,
913 469 951 506 ἅ
988 471 1039 506 ibi
1067 470 1135 506 fuit

379 519 586 562 vaniffima‚
613 522 647 555 8<
677 522 807 555 multos
834 520 957 555 habuit
986 535 1107 568 procos
1125 545 1134 561 ‚

380 567 419 604 ἃ,
441 571 592 606 multum
617 570 751 606 lubrice
773 570 886 605 vixit.
916 570 1021 606 Unde
1042 584 1134 607 mor-

377 620 439 655 tua
466 621 563 668 ipsa,
600 621 743 668 quidam
782 621 979 669 Religiosus
1017 624 1135 657 Frater

377 668 523 720 simplex
565 672 763 719 praedicans
805 671 903 718 super
945 671 1062 707 funere
1099 686 1134 708 e-

377 720 462 769 jus,
498 722 618 761 dixit,
654 721 748 768 quod
786 721 969 757 invenerat
1009 722 1045 757 in
1074 717 1164 780 ista]

377 769 510 807 femina
537 784 644 807 unum
672 771 782 807 solum
823 784 1000 820 peccatum
1019 797 1028 811 ,
1069 772 1134 808 sci-
1160 781 1163 822 ξ

378 821 484 862 licet,
521 822 616 870 quod
642 821 759 857 ederat
788 823 960 870 Populum
990 824 1133 858 Floren-
1159 828 1162 862 Ι

378 872 492 908 tinum
507 899 515 908 .
547 875 649 909 Nunc
670 872 711 908 ad
731 872 890 909 literam.
919 872 1020 909 Dicit
1041 872 1133 910 Cac-

378 923 558 972 ciaguida:

430 978 500 1009 Una
526 976 716 1022 Ciangltella
730 1000 740 1015 ‚
768 996 954 1002 —————

377 1024 485 1064 idest,
522 1039 588 1061 una
626 1034 698 1061 tam
735 1039 840 1074 prava
875 1027 908 1060 ὃ(
938 1039 1026 1062 vana
1053 1039 1131 1062 mu-

377 1074 444 1111 lier
470 1075 592 1112 similis
619 1077 671 1112 ei:

427 1147 613 1154 -----
639 1141 682 1161 un
709 1131 797 1174 Lupo
823 1128 1019 1162 Saltarello:

376 1176 480 1221 idest,
509 1186 581 1213 tam
610 1178 813 1213 temerarius
841 1177 878 1213 ἃ*
908 1191 1031 1226 pravus
1063 1178 1129 1214 Ci-

377 1227 452 1270 vis,
495 1227 580 1264 ficut
621 1228 691 1264 fuit
733 1228 907 1264 Dominus
945 1231 1061 1277 Lapus
1088 1230 1129 1265 de

375 1278 568 1315 Saltarellis
604 1279 645 1315 de
681 1279 880 1316 Florentia.
922 1279 983 1314 Iste
1024 1280 1129 1326 siqui-

376 1329 453 1365 dem
481 1329 550 1366 fuit
590 1330 734 1375 Jurista,
771 1330 828 1365 vir
854 1330 1052 1379 litigiosus,
1094 1332 1127 1366 δε

375 1380 574 1429 linguosus,
611 1383 762 1417 multum
809 1380 947 1416 infestus
975 1381 1126 1417 Austori

374 1439 532 1480 tempore
559 1431 610 1467 sui
638 1431 762 1468 exilii.
996 1466 1001 1470 ,

422 1483 519 1518 saria
545 1493 650 1517 tenuta
676 1483 756 1517 allor
782 1482 830 1516 tal
856 1482 1074 1528 maravt'glia.

373 1532 480 1576 Idest,
518 1531 611 1568 inter
650 1543 707 1569 tot
733 1542 944 1580 temperatos
979 1535 1013 1567 δ(
1043 1546 1126 1568 con-

371 1582 546 1618 tinentes:

421 1634 566 1678 ‚Qualora
586 1633 676 1677 saria
695 1632 884 1668 Cincinnato
904 1646 918 1666 e
937 1632 1124 1678 Corniglia.
1154 1656 1155 1669 ι

371 1682 476 1727 Quasi
503 1682 622 1731 dicat3
663 1682 746 1718 ficut
783 1683 863 1717 effer
899 1695 990 1717 nunc
1019 1683 1124 1717 mira-

374 1733 444 1768 bile
483 1733 600 1769 videre
637 1733 674 1769 in
718 1732 896 1768 Florentia
936 1732 1029 1767 inter
1072 1742 1124 1766 tot

367 1781 517 1818 vitiosos
544 1796 652 1818 unum
689 1782 819 1818 Civem
859 1781 1007 1816 similem
1034 1781 1124 1816 Gin-

367 1833 535 1876 cinnam,
565 1831 603 1868 ὃς
631 1830 734 1868 unam
763 1831 946 1867 mulierem
975 1830 1121 1866 similem

367 1884 575 1918 Corneliae.
604 1885 657 1918 De
684 1881 904 1918 Cincinnato
924 1881 1056 1916 dietum
1079 1882 1123 1916 est

366 1932 474 1969 Cant.
505 1935 567 1969 VI.
596 1933 697 1981 hujus
726 1932 894 1968 Paradifi.
924 1933 1007 1967 Fuit
1027 1932 1121 1967 enim

365 1984 421 2019 vir
457 1983 698 2033 parcissimus,
740 1982 777 2019 ὅ(
817 1982 1044 2031 Reipublicae
1086 1996 1122 2018 a-

364 2035 616 2070 mantiffimus.
647 2037 698 2070 De
726 2035 822 2081 cujus
848 2033 1008 2069 laudibus
1031 2034 1122 2068 mul-

723 206 1663 256 BENVENUTI'IMOLENSIS

365 2095 400 2120 ta
427 2085 559 2133 scripsit
585 2086 693 2122 Titus
721 2085 869 2121 Livius.
899 2083 1000 2119 Dicit
1024 2083 1118 2119 enim

364 2135 457 2171 inter
484 2137 575 2179 alia,
604 2136 697 2184 quod
726 2135 893 2171 vendidit
913 2147 1055 2183 agrum,
1085 2136 1118 2169 8<

365 2186 481 2222 renuit
509 2187 742 2235 dignitatem:
781 2198 930 2233 quorum
957 2185 1117 2220 omnium

365 2237 579 2273 contrarium
608 2237 744 2273 faciunt
772 2235 989 2272 Florentini.
1029 2237 1118 2271 Cor·

367 2287 456 2322 aelia
494 2297 633 2332 autem,
670 2287 712 2323 de
747 2301 814 2335 qua
856 2287 933 2322 heic
960 2285 1120 2333 loquitur

366 2338 524 2382 Αυᾶοτ,
565 2338 635 2374 fuit
669 2338 745 2374 filia
780 2338 907 2386 Magni
943 2336 1118 2385 Scipionis

366 2386 551 2432 Africani,
596 2397 685 2437 q'uae
736 2397 860 2423 vocata
915 2386 959 2422 est
1009 2395 1119 2421 mater

364 2437 625 2483 Gracchorum,
661 2438 789 2475 mulier
830 2436 1051 2485 magnanima
1078 2435 1115 2472 ἃ

365 2487 510 2535 pudica.
539 2490 638 2533 Quae
665 2501 855 2536 numquam
884 2486 1117 2523 transvolavit

365 2537 405 2572 ad
435 2537 596 2574 secundas
623 2540 786 2587 nuptias,
825 2539 867 2574 de
903 2551 970 2585 qua
1009 2537 1117 2574 Titus

366 2587 517 2626 Livius.

1895 225 1948 261 60

1176 269 1218 308 A*
1295 271 1338 303 A
1359 272 1418 303 cosi
1445 270 1577 316 m'posato
1603 295 1619 300 -
1646 295 1662 300 -
1689 275 1746 301 -’-
1773 295 1790 302 -
1863 233 1889 274 7

1246 318 1338 354 Heic
1365 318 1600 370 Cacciaguida
1627 323 1793 360 describit
1820 324 1912 360 suam
1937 340 1998 362 na-

1246 369 1454 423 tivitatem,
1495 374 1639 414 dicens,
1681 376 1773 422 quod
1815 386 1916 411 natus
1951 377 1997 412 est

1246 431 1283 454 in
1311 429 1383 456 tam
1411 422 1494 458 bene
1536 424 1726 474 composita
1766 426 1927 462 Civitate
1963 427 1998 461 &

1247 478 1317 505 tam
1346 470 1441 508 felici
1469 484 1605 510 aetate.
1635 476 1735 512 Unde
1763 476 1873 512 dicit:

1244 544 1247 545 ν
1294 523 1407 557 Maria
1426 524 1470 558 mi
1492 527 1545 558 dic>
1563 526 1718 562 chiamata
1738 527 1770 561 in
1799 528 1863 562 alte
1878 528 1996 574 grida,

1245 571 1336 617 quasi
1373 572 1468 607 dicat
1489 587 1498 608 z
1549 577 1668 611 Mater
1709 590 1785 613 mea
1827 577 1996 613 invocans

1244 622 1397 657 Mariam
1438 623 1521 658 altis
1557 625 1723 670 vocibus,
1763 627 1849 663 ficut
1883 627 1927 663 est
1954 627 1995 662 de

1245 684 1341 708 more
1369 672 1555 708 mulierum
1596 673 1898 717 Christianarum,
1936 690 1994 726 pe-

1245 725 1335 769 perit
1360 735 1417 757 me
1444 723 1595 759 Civem:

1293 775 1338 806 A
1356 773 1415 805 cos)
1436 773 1569 819 riposato
1595 788 1611 808 e
1638 776 1698 810 cosJ
1717 777 1795 811 bello

1296 824 1393 856 ViUer
1421 825 1457 857 di
1479 825 1667 865 Cittadini‚

1243 871 1402 917 scilicet,
1439 883 1512 909 tam
1541 875 1642 910 civili
1670 877 1704 911 &
1731 876 1917 913 ordinato:

1293 944 1478 950 -----
1504 941 1525 960 a
1551 926 1610 960 cosi
1625 925 1702 971 fida

1292 978 1319 1008 C
1323 974 1530 1016 ittadinanza
1543 1001 1554 1016 ‚
1581 996 1768 1004 —————

1241 1037 1328 1070 quae
1356 1038 1426 1060 non
1454 1024 1597 1062 fallebat
1624 1026 1750 1072 fidem,
1778 1027 1863 1064 ficut
1883 1042 1993 1065 nunc.

1211 1049 1214 1121 l
1241 1076 1287 1109 Et
1315 1074 1452 1115 subdit,
1480 1076 1672 1114 describens
1699 1078 1732 1114 se
1759 1092 1778 1114 a
1805 1079 1915 1124 see‘ca,
1954 1079 1992 1116 ἃ,

1239 1137 1382 1162 nomme
1400 1139 1409 1161 ε

1288 1179 1321 1210 Ε
1346 1191 1383 1211 ne
1402 1176 1425 1211 l’
1442 1179 1546 1213 antico
1563 1179 1663 1221 vostro
1688 1180 1842 1222 Battisteo

1291 1227 1419 1267 Insieme
1442 1228 1495 1272 fui
1517 1230 1674 1271 Cristiano
1697 1245 1711 1264 e
1734 1232 1966 1278 Caeciaguida.

1241 1276 1347 1318 mest,
1376 1278 1412 1313 in
1441 1280 1520 1315 loco
1547 1281 1719 1328 Baptismi
1748 1281 1871 1321 vestri,
1900 1281 1993 1329 quod

1238 1328 1326 1363 olim
1370 1327 1437 1364 fuit
1474 1331 1665 1379 Templum
1706 1331 1862 1371 Martis,
1909 1332 1994 1369 ficut

1238 1378 1309 1426 jam
1356 1379 1632 1428 saepe-disium
1668 1381 1761 1428 fuit,
1812 1383 1846 1417 8<
1883 1382 1993 1418 adhuc

1238 1428 1393 1465 dicetur:

1288 1481 1436 1514 Moronto
1456 1481 1495 1523 fu
1521 1501 1706 1507 —————

1238 1528 1330 1562 Heic
1371 1529 1606 1577 Caeciaguida
1649 1529 1764 1577 tangit
1805 1538 1990 1579 utramque

1236 1578 1374 1624 stirpem
1413 1578 1581 1614 Auffioris
1611 1607 1622 1622 ‚
1664 1579 1798 1615 scilicet
1841 1582 1990 1627 primam

1237 1627 1474 1673 Elisaeorum,
1516 1631 1550 1664 &
1593 1629 1774 1664 secundam
1816 1631 1990 1678 Aldighe-

1236 1691 1366 1712 riorum
1381 1706 1390 1719 ,
1417 1680 1536 1713 dicens
1552 1690 1561 1713 :

1286 1730 1433 1761 IWommo
1455 1729 1493 1771 fu
1514 1729 1573 1762 mio
1590 1729 1696 1772 frate,
1724 1729 1766 1762 (9⁰
1789 1730 1926 1774 Eltseo:

1235 1776 1325 1824 quasi
1354 1778 1473 1826 dicat3
1503 1778 1608 1814 habui
1628 1779 1713 1813 duos
1734 1777 1876 1818 fratres,
1899 1793 1989 1828 quo-

1234 1841 1309 1863 rum
1340 1842 1425 1864 unus
1454 1839 1598 1865 vocatus
1625 1829 1669 1863 est
1696 1828 1908 1873 Morontus,
1936 1833 1989 1866 al-

1235 1888 1286 1913 ter
1314 1879 1496 1915 Helisaeus
1523 1893 1541 1915 a
1583 1892 1726 1915 nomme
1762 1880 1875 1928 stirpis
1895 1908 1904 1916 .
1940 1884 1988 1919 Et

1234 1929 1346 1964 dicit:

1283 1980 1361 2014 Μία
1398 1983 1503 2015 donna
1536 1995 1637 2015 venne
1672 1995 1693 2016 a
1721 1995 1768 2015 me
1795 1981 1832 2015 di
1867 1985 1927 2017 Vat
1953 1983 1990 2017 cli

1333 2032 1422 2065 Pado
1437 2044 1457 2072 ;
1727 2029 1736 2039 ²

1232 2079 1335 2122 idest,
1363 2094 1381 2116 a
1408 2079 1572 2116 Civitate
1600 2081 1801 2125 Penariae,
1829 2096 1916 2130 quae
1944 2082 1989 2118 est

1231 2130 1268 2166 in
1296 2131 1400 2166 Valle
1431 2132 1535 2170 Padi,
1572 2131 1684 2167 immo
1720 2132 1764 2167 est
1792 2132 1903 2168 clausa
1931 2133 1986 2168 in-

1232 2191 1283 2217 tra
1320 2190 1390 2217 tres
1431 2195 1545 2217 ramos
1584 2182 1695 2225 Padi,
1747 2182 1784 2218 &
1832 2184 1986 2230 undique

1231 2231 1364 2268 clausa.
1393 2234 1439 2267 Et
1467 2233 1579 2269 regius
1609 2232 1691 2268 Padi
1720 2233 1764 2268 est
1791 2247 1904 2269 ramus
1932 2235 1986 2269 ibi

1231 2283 1362 2331 major.
1390 2284 1435 2317 Et
1462 2283 1576 2319 dicit:

1281 2336 1313 2368 E
1339 2334 1453 2380 quincii
1472 2335 1498 2367 il
1516 2334 1699 2379 sopranome
1717 2345 1769 2369 tuo
1785 2335 1817 2375 fi
1835 2335 1885 2378 feo
1901 2361 1910 2370 .

1233 2383 1396 2421 Scilicet.
1413 2384 1667 2433 Aldigherius,
1694 2385 1735 2420 de
1755 2399 1827 2433 quo
1848 2385 1984 2421 dietum

1233 2433 1276 2469 est
1318 2435 1421 2482 paulo
1464 2434 1561 2479 supra
1579 2461 1589 2476 ‚
1631 2446 1731 2471 natus
1771 2435 1816 2471 est
1856 2437 1897 2471 ab
1925 2436 1987 2471 ista

1234 2486 1409 2529 Domina,
1437 2499 1525 2535 quae
1546 2486 1615 2523 fuit
1635 2487 1676 2523 de
1695 2486 1916 2536 Aldigheriis
1943 2486 1985 2521 de

1233 2537 1406 2571 Ferraria.

1178 728 1202 760 Β

1170 1176 1204 1214 C

1877 2585 1936 2620 1201·
