2216 3105
260 198 341 241 5o5
552 180 857 224 COMMENT.
892 181 953 224 ΙΝ
982 177 1211 223 ΒΑΝΤ18
1238 176 1479 220 COMOED.
1698 187 1780 236 506

200 246 255 280 Et
268 256 311 278 ne
330 255 372 278 ex
393 240 460 277 hoc
479 239 663 276 haberetur
683 239 878 288 suspectus,
902 241 962 276 de·
1002 243 1038 276 A
1075 245 1214 287 genus,
1234 235 1272 272 ὃς
1288 235 1513 272 Manfredus.
1535 235 1681 273 Accidit
1695 247 1833 277 autem.

202 293 257 329 dit
293 291 400 328 aliam
437 290 577 327 Comiti
613 290 884 326 Aldobrandino
920 291 961 326 de
1076 288 1170 336 quod
1206 289 1244 323 in
1286 286 1601 323 MCCLxxva
1629 288 1837 325 Manfredus

202 341 434 382 Sanstaflore‚
455 350 494 377 ut
515 341 642 377 fertur.
667 343 715 376 Et
736 340 879 376 nomine
899 339 960 376 do-
1074 338 1135 375 iste
1153 363 1161 376 .
1207 336 1346 387 juvenis
1392 337 1589 381 animosus,
1641 339 1839 386 cupiditate-

201 393 294 429 tium
321 392 474 441 ipsarum
502 391 678 436 filiarum,
706 390 744 426 ἃ
773 399 812 427 ut
836 391 960 427 melius
989 411 993 432 ι,
1075 389 1264 438 regnandi,
1293 388 1416 424 struxit
1444 387 1583 424 infidias
1624 389 1738 424 Fratri
1767 391 1834 425 Al-

202 442 349 480 fiderent
373 443 417 478 de
458 456 521 486 eo,
562 442 660 478 dedit
699 441 818 489 aliqua
844 441 961 477 Castra
990 436 993 496 J
1076 439 1213 475 herico.
1254 440 1301 473 Et
1336 451 1445 486 quum
1473 438 1663 474 devenisset
1690 438 1731 473 ad
1759 451 1834 486 gra—

201 493 405 530 Comitatus
435 492 613 537 Pisarum,
641 492 810 528 videlicet
836 492 960 528 Comi-
991 506 993 515 Δ
1075 504 1137 526 ves
1176 490 1363 526 verborum
1412 489 1657 525 contentiones
1677 513 1687 528 .
1727 488 1835 524 Man-

201 544 234 580 ti
261 543 419 579 Guidoni
455 543 614 580 Castrum
666 543 777 592 Ripae
818 542 960 578 Frafi‘tae
991 553 994 592 ἰ
1044 546 1047 600 Ι
1077 540 1189 577 fredus
1217 534 1339 577 dfflus
1361 539 1496 589 impetu
1516 540 1607 579 irae.
1635 539 1732 576 dedit
1753 542 1834 576 Fra-

202 593 264 629 sub
292 593 442 629 custodia
470 596 715 632 Lucanorum,
743 595 777 628 8<
804 593 961 629 Domino
991 594 994 646 ξ
1045 606 1047 627 ι
1077 591 1124 627 tri
1152 593 1286 640 alapam
1315 603 1501 640 magnam,
1543 590 1678 626 scilicet
1719 590 1834 627 Fratri

203 642 347 679 Comiti
374 644 645 680 Aldobrandino
671 644 830 689 Castrum
863 644 961 679 Sive-
991 651 995 670 ¹
1044 629 1048 693 ἱ
1078 642 1268 679 Alberico.
1310 642 1374 677 Sed
1399 641 1473 690 ipse
1500 644 1620 677 Frater
1646 640 1836 677 Albericus

203 693 292 730 rotti
338 693 398 729 sub
448 693 600 729 custodia
650 694 962 730 Florentinorum.
992 699 1048 747 ³3}
1078 692 1232 741 sagacior
1267 693 1333 729 illo
1369 706 1442 729 rem
1489 692 1578 728 hanc
1614 691 1835 739 aliquamdiu

204 746 352 792 Propter
379 744 471 792 quod
499 744 675 780 Gibellini
715 743 827 780 sumta
856 744 995 792 suspi—{
1078 743 1310 781 diffimulavit
1354 745 1387 778 δ(
1434 743 1540 779 tulit.
1586 744 1633 777 Et
1677 741 1835 778 tamdem

202 794 328 834 cione,
356 793 558 842 suggerente
587 794 884 843 Archiepiscopo.
913 795 962 830 fe·
1078 808 1185 843 quum
1235 795 1296 831 iste
1342 793 1492 830 credidit
1533 792 1700 840 injuriam
1745 792 1835 828 hanc

203 852 327 881 cerunt
355 843 465 892 postea
491 845 533 880 de
569 844 666 893 ipso,
703 845 788 881 ficut
828 845 967 881 dietum<
1077 845 1242 882 excidisse
1280 860 1299 882 a
1340 844 1510 881 memoria
1554 843 1676 882 illius,
1726 841 1835 880 finxit

203 894 250 931 est
266 896 351 931 „Et
378 895 501 944 probat
517 922 527 938 ‚
564 895 658 943 quod
700 896 840 932 Civitas
870 895 963 931 Pisa—
1080 897 1170 931 velle
1197 895 1419 932 reconciliari
1446 894 1507 930 fibi
1525 921 1533 930 .
1563 893 1700 929 Deinde
1727 892 1835 929 Man-

204 957 283 981 rum
312 958 382 981 non
411 945 557 982 debebat
584 946 634 981 ita
662 945 835 982 desaevire
863 946 900 982 in
922 945 962 982 fi-
1078 946 1190 981 fredus
1231 946 1303 994 ipse
1344 947 1458 982 dixit,
1503 944 1595 992 quod
1624 943 1835 992 parcendum

204 995 274 1031 lios
323 1004 464 1044 propter
517 1006 697 1045 peccatum
754 1006 933 1046 paternum
953 1025 962 1042 ‚
1077 1005 1150 1032 erat
1177 997 1285 1033 calori
1314 995 1483 1045 juvenili.
1511 994 1616 1030 Paeti
1643 994 1754 1043 igitur
1774 1007 1834 1044 pa-

204 1044 346 1081 dicens:
1077 1060 1114 1082 ce
1132 1071 1140 1085 ,
1177 1047 1364 1084 Albericus
1391 1047 1463 1097 ipse
1490 1045 1575 1082 fecit
1603 1044 1835 1090 convivium,

257 1097 420 1131 Innocenti
443 1097 455 1131 i
468 1097 558 1141 facea
577 1097 662 1132 l'eth
686 1099 835 1139 novella,
1077 1097 1134 1133 cui
1173 1097 1407 1135 interfuerunt
1447 1095 1652 1133 Manfredus
1679 1094 1718 1131 &
1746 1109 1834 1132 unus

204 1144 294 1182 Idest
322 1147 489 1195 juvenilis
517 1158 633 1184 aetas.
1004 1157 1048 1195 C,
1078 1147 1170 1183 filius
1198 1149 1290 1197 ejus.
1319 1149 1439 1185 Finita
1466 1147 1572 1184 coena
1600 1159 1676 1182 cum
1708 1159 1834 1195 magne.

255 1198 398 1232 Novella
417 1200 520 1238 Tebe,
543 1199 709 1246 Uguiccion
729 1213 744 1233 e
759 1199 784 1233 ’l
803 1198 961 1247 Brigata‚
1077 1199 1257 1235 alacritate
1298 1199 1393 1235 dixit
1438 1198 1624 1235 Albericus
1642 1209 1651 1232 :
1695 1197 1833 1231 Veniant

202 1247 365 1282 Nomina
400 1247 478 1283 sunt
504 1248 652 1285 duorum
690 1249 845 1285 filiorum
886 1248 963 1285 Co·
1071 1249 1215 1292 ftuc'Zus.
1243 1252 1290 1285 Et
1317 1249 1432 1286 subito
1460 1256 1671 1298 erupuerunt
1707 1246 1833 1283 famuli

203 1296 304 1331 mitis
331 1297 428 1333 istius
466 1298 645 1342 Ugolini‚
682 1313 768 1346 quos
805 1300 959 1335 nondum
1077 1300 1223 1339 armati,
1264 1300 1326 1348 qui
1365 1301 1521 1336 latebant
1548 1298 1599 1334 ibi
1629 1297 1699 1347 post
1727 1311 1833 1334 unam

201 1345 469 1383 nominaverat.
499 1347 580 1384 Ideo
601 1362 659 1384 eos
680 1349 756 1384 heic
777 1350 959 1385 nominat.
1075 1349 1248 1386 cortinam
1265 1376 1274 1390 ,
1317 1350 1377 1398 qui
1420 1350 1607 1387 crudeliter
1634 1347 1832 1385 trucidave-

250 1398 285 1432 ,Ε
300 1397 353 1443 gli
371 1399 449 1432 altri
467 1399 549 1439 due,
576 1399 627 1433 che
644 1398 668 1432 ‘l
689 1402 791 1434 Canto
808 1400 880 1444 suso
902 1411 960 1447 ap—
1075 1409 1155 1436 runt
1183 1410 1316 1449 patrem
1344 1402 1378 1436 &
1406 1400 1521 1437 filium
1537 1425 1547 1441 ,
1576 1398 1746 1436 Alberico
1774 1399 1832 1435 vi·-

299 1448 412 1492 pella.
1074 1449 1176 1485 dente
1204 1449 1243 1486 &
1271 1452 1536 1499 congaudente.
1579 1453 1625 1486 Et
1660 1449 1739 1486 heic
1766 1463 1832 1485 no-

198 1495 285 1531 Idest
308 1496 467 1533 Gaddum
487 1499 519 1532 8<
542 1497 825 1534 Anselmuccium
840 1526 849 1542 ‚
872 1512 958 1547 quos
1074 1508 1130 1544 ta,
1167 1501 1260 1547 quod
1306 1501 1366 1537 iste
1403 1504 1523 1537 frater
1565 1499 1752 1536 Albericus
1773 1499 1831 1535 rin

199 1545 370 1594 Capitulo
418 1547 585 1595 superiori
631 1549 834 1584 nominavit
878 1550 957 1585 istos
1073 1549 1139 1586 hoc
1167 1550 1330 1599 sequutus
1370 1551 1415 1587 est
1442 1552 1641 1600 exemplum
1680 1550 1831 1587 Absalo·

199 1596 317 1640 filios,
345 1597 430 1633 licet
458 1598 556 1646 supra
583 1598 717 1634 dietum
760 1598 828 1643 fit,
865 1600 957 1647 quod
1003 1607 1034 1639 D
1072 1600 1148 1645 nis,
1204 1602 1265 1649 qui
1316 1601 1420 1637 fimili
1468 1602 1573 1637 modo
1619 1600 1831 1636 diffimulatfi

200 1646 269 1682 duo
297 1657 394 1682 erant
422 1648 491 1683 filii
518 1650 551 1683 ὃ(
580 1649 648 1684 duo
676 1659 840 1695 nepotes.
883 1653 958 1685 Un-
1072 1650 1200 1699 injuria
1228 1652 1268 1687 ad
1297 1660 1434 1700 ternpus
1463 1652 1547 1688 fecit
1567 1651 1735 1688 trucidari
1761 1650 1829 1686 fra-

201 1696 242 1731 de
271 1698 348 1731 Lex
375 1697 509 1732 Civilis
537 1700 690 1745 appellat
718 1698 811 1734 filios
839 1701 872 1734 8<
898 1713 957 1735 ne—
1071 1710 1159 1737 trem
1189 1701 1285 1737 suum
1315 1703 1356 1737 ad
1385 1702 1557 1738 mensam.
1599 1702 1682 1738 Ideo
1710 1703 1831 1737 Frater

201 1755 300 1794 potes
328 1745 456 1782 liberos
475 1774 485 1790 ‚
513 1749 569 1782 vel
598 1747 687 1783 forte
714 1747 852 1784 fuerunt
881 1759 958 1784 tan·
1072 1751 1258 1788 Albericus
1285 1752 1431 1788 debebat
1459 1752 1535 1788 heic
1564 1753 1647 1788 stare
1672 1751 1730 1787 sub
1752 1764 1830 1787 um<

198 1804 275 1831 tum
303 1795 394 1841 filii,
422 1796 507 1832 ficut
535 1797 596 1832 alii
626 1797 803 1834 scribunt.
1072 1801 1129 1836 bra
1157 1801 1250 1850 ejus,
1291 1801 1377 1837 licet
1416 1802 1571 1837 Absalon
1615 1803 1710 1850 pejus
1738 1801 1828 1837 fece-

435 1849 499 1882 Ad
526 1848 606 1892 Vers.
639 1851 720 1884 118.
1071 1851 1139 1894 rit,
1168 1852 1250 1899 quia
1278 1852 1525 1888 reconciliatus
1555 1852 1665 1900 patri,
1707 1852 1826 1886 voluit

249 1896 382 1944 Rt'spofiae
397 1899 565 1945 adunque:
595 1898 624 1933 io
641 1899 699 1944 son
724 1901 824 1934 Frate
851 1901 956 1935 Albe-
1070 1901 1201 1950 eripere
1228 1901 1289 1938 fibi
1318 1916 1484 1951 regnum,
1526 1901 1563 1937 ὃς
1607 1901 1717 1950 postea
1746 1915 1826 1937 cum

300 1948 389 1994 vigo,
1070 1951 1136 1986 illo
1163 1952 1306 2000 expulso
1336 1953 1466 1988 bellum
1507 1951 1626 2000 gcffit,
1664 1960 1702 1987 ut
1739 1952 1824 1987 alibi

201 1996 261 2033 Ad
288 1995 464 2034 sciendum
501 2012 604 2048 ergo,
645 1999 723 2048 quis
763 1999 870 2036 fuerit
896 1999 956 2036 iste
1071 2001 1235 2050 scriptum
1265 2003 1328 2037 est.
1358 2002 1458 2038 Dicit
1486 2016 1567 2050 ergo
1594 2002 1654 2038 iste
1681 2001 1822 2038 A-lberi-

203 2045 365 2095 spirhus,
392 2058 532 2095 oportet
559 2049 664 2088 scire,
692 2051 786 2097 quod
813 2050 872 2085 iste
893 2064 956 2086 vo-
997 2054 1040 2087 Ε
1069 2065 1149 2095 cus,
1177 2061 1320 2101 tangens
1349 2053 1486 2100 culpam
1515 2052 1632 2088 suam:

202 2105 297 2132 catus
325 2097 369 2132 est
397 2100 516 2133 Frater
544 2099 729 2134 Albericus
759 2100 800 2134 de
820 2103 955 2136 Faven-
1037 2080 1041 2145 l
1119 2104 1153 2137 Io
1165 2102 1222 2146 son
1244 2103 1314 2149 quel
1333 2104 1378 2137 da
1392 2103 1420 2136 le
1429 2103 1535 2146 frutra
1554 2104 1608 2137 del
1623 2104 1688 2137 mal
1702 2112 1783 2138 orte.

197 2146 249 2182 tia
279 2146 442 2183 Civitate
468 2148 510 2184 de
539 2148 733 2184 Manfredis
762 2149 953 2186 Nobilibus
1036 2149 1040 2201 j
1070 2153 1238 2200 Appellat
1267 2152 1472 2188 Faventiam
1502 2154 1632 2189 malum
1661 2152 1822 2192 hortum,

202 2196 241 2233 δε
269 2197 495 2246 potentibus,
533 2199 594 2246 qui
637 2198 733 2247 saepe
760 2199 954 2236 habuerunt
981 2202 986 2239 l
1038 2205 1040 2241 ξ
1069 2216 1155 2249 quae
1182 2202 1349 2250 produxit
1378 2203 1566 2250 aliquando
1603 2212 1674 2238 tarn
1713 2204 1822 2239 malos

199 2247 400 2284 dominium
437 2248 536 2284 illius
577 2248 770 2285 Civitatis.
806 2252 853 2285 Et
890 2248 986 2296 fuit!
1037 2246 1040 2289 ἴ
1068 2252 1198 2287 fruetus
1226 2252 1263 2288 in
1294 2252 1483 2288 Nobilibus
1510 2252 1598 2289 suis.
1627 2253 1728 2289 Unde
1747 2255 1821 2289 Au—

200 2297 262 2334 iste
301 2298 343 2334 de
384 2299 561 2335 fratribus
602 2299 843 2336 Gaudentibus
868 2325 878 2339 ,
917 2298 985 2337 de'
1036 2295 1144 2373 Jc‘mr
1181 2302 1282 2351 ponit
1318 2304 1402 2338 dues
1441 2303 1575 2339 nobiles
1631 2304 1822 2353 proditores

199 2349 328 2397 quibus
355 2349 442 2386 alibi
470 2349 604 2386 dietum
641 2349 685 2386 est
712 2349 830 2398 supra.
868 2353 956 2387 Fue-
1036 2376 1039 2392 4
1068 2352 1108 2387 de
1137 2352 1306 2388 faventia
1347 2352 1382 2389 in
1425 2353 1487 2390 ista
1514 2354 1652 2402 glacie.
1689 2354 1822 2389 scilicet

199 2408 280 2435 runt
308 2408 423 2436 autem
452 2399 489 2436 in
528 2403 645 2435 Domo
687 2400 860 2448 praediE’m
887 2410 954 2437 tres
1036 2405 1039 2448 ξ
1066 2403 1338 2439 Thebaldellurn
1389 2403 1430 2439 de
1481 2413 1577 2452 parte
1620 2404 1822 2443 Gibellina.

199 2449 447 2499 consanguinei
485 2450 607 2486 eodem
644 2460 821 2498 ternpore,
858 2451 955 2487 scili-
980 2441 984 2490 l
1036 2464 1038 2493 ζ
1067 2453 1127 2499 qui
1165 2453 1320 2499 prodidit
1358 2453 1505 2501 patriam
1531 2454 1570 2490 ὃ(
1601 2464 1732 2502 partem
1751 2481 1760 2498 ‚
1787 2456 1821 2490 δε

200 2508 254 2537 cet
280 2500 468 2537 Albericus
495 2501 555 2536 iste
584 2501 797 2549 pracdiS'tus‚
828 2502 953 2538 Alber-
981 2497 984 2531 l
1035 2499 1040 2537 l
1065 2503 1272 2539 Albericum
1295 2503 1336 2540 de
1356 2513 1452 2552 parte
1471 2505 1631 2553 Gnelpha
1656 2505 1717 2552 qui
1744 2517 1823 2550 pro-

295 2556 385 2588 Tom.
411 2554 472 2588 III.
1098 2554 1132 2589 K
1160 2553 1185 2587 k
1718 2554 1770 2589 di—
