2216 3105
414 235 468 276 73
730 220 1136 278 ANTIQUIT.
1182 222 1409 267 MEDII
1449 226 1621 269 AEVJ
1867 238 1922 286 76

345 277 404 323 sed
430 283 520 313 liceat
544 277 589 312 eis
613 278 714 325 quiete
754 279 797 313 &
819 280 948 327 pacifice
971 283 1038 325 frui
1065 284 1107 316 Θ

351 340 452 363 tenere
480 328 550 370 fine
585 329 792 371 molestatione
826 335 879 365 vel
914 332 972 366 lite
999 334 1108 375 nestris

343 378 598 429 Jurcefforumque
625 379 790 422 nostrorum
830 383 1033 430 temporibus.
1069 386 1107 418 si

349 432 420 477 quis
446 440 549 465 autem
575 440 678 465 contra
705 431 782 465 hanc
809 432 1000 474 nostram...
1017 449 1106 470 .ma·

349 482 486 520 tionem,
508 481 563 525 seu
589 479 850 525 confirmationem
877 494 970 530 atque
993 499 1104 522 m....

349 532 393 565 (9‘
420 532 647 566 immunitatem
673 532 781 565 venire
798 533 1033 580 presumpserit,
1062 537 1104 569 (9·

346 582 486 630 prediaflo
513 583 667 616 Wihbodo
687 581 743 626 seu
771 584 952 630 Wulgunde
977 587 1014 619 de
1040 600 1104 619 om-

351 634 441 667 nibus
469 632 667 679 supradiffis
699 642 756 678 per
794 646 895 667 omnes
921 633 1008 678 fines
1035 640 1102 670 Ro-

349 684 472 718 maniae
498 683 530 717 in
555 693 656 729 parvo
681 681 736 714 vel
762 681 794 716 in
835 694 897 717 toto
923 687 1103 728 molestave-

349 735 417 773 rit,
448 733 505 779 seu
539 733 762 768 damnietatem
790 732 954 774 intulerit,
997 740 1100 771 LXX.

1147 289 1178 323 A
1218 285 1332 319 Libras
1372 288 1445 320 auri
1490 287 1657 332 culpabilis
1692 286 1882 332 judicetur,
1934 290 1981 328 ,θ’

1216 335 1367 378 exsolvere
1384 347 1509 383 cogatur
1529 337 1752 373 medietatem
1783 337 1895 374 nostro
1917 341 1979 375 Pa-

1218 386 1326 426 latio,
1352 388 1394 420 <9⁹
1414 391 1608 420 medietatem
1629 387 1700 433 jam
1728 388 1826 424 dic‘lt’s
1850 390 1980 425 tho-

1216 437 1256 469 do
1283 436 1329 474 ἐφ’
1357 440 1539 484 Wulgunde
1574 440 1641 471 Deo
1666 439 1812 481 dicatae,
1851 440 1904 474 vel
1931 441 1982 474 cui

1219 486 1277 532 ipsi
1302 488 1445 521 dederint
1462 514 1469 522 .
1513 489 1560 520 Et
1599 497 1635 521 ut
1660 488 1733 522 haec
1759 488 1874 529 nostrae
1910 503 1979 524 con-

1210 536 1405 580 firmationis
1441 536 1614 571 auffloritas
1649 538 1757 572 certior
1800 539 1951 574 habeatur
1969 565 1979 579 ,

1218 588 1258 620 <J
1285 588 1472 633 diligentius
1499 586 1699 631 observetur,
1737 602 1831 623 manu
1854 591 1982 636 propria

1209 637 1316 681 subter
1335 636 1542 681 firmavimus
1552 661 1562 676 ,
1599 636 1645 676 &¹
1681 639 1719 673 dc
1754 640 1849 674 anulo
1885 639 1981 682 nestro

1213 687 1377 735 adsignari
1398 689 1608 736 precepimus.

447 937 581 983 Signum
674 853 885 1014 ὥς
970 938 1090 974 Domni
1115 940 1231 976 Karoli
1249 941 1433 987 sereniffimi
1457 941 1655 990 Imperatoris
1680 942 1844 991 Augusti.

757 1015 826 1073 L

395 1139 548 1174 Albricus
573 1142 728 1176 Notarius
753 1143 798 1178 ad
821 1143 920 1178 vicem
948 1140 1108 1177 Liutberti
1133 1141 1414 1189 vsrclgicappellani
1441 1143 1602 1191 recognovi
1610 1166 1621 1183 ,
1649 1143 1695 1182 ό*
1719 1143 1902 1190 subscripsi.

1311 1245 1429 1280 Locus
1456 1246 1498 1288 'F
1527 1244 1645 1293 Sigilli
1663 1271 1671 1280 .

394 1344 483 1376 Data
498 1345 598 1376 ,Anno
615 1343 798 1379 Dominicae
816 1345 1049 1381 Incarnationis
1069 1346 1383 1379 DCCCLXXXVII
1389 1370 1525 1379 ......
1543 1343 1694 1393 Reliqua
1714 1344 1970 1383 desiderantur.

388 1444 443 1477 Ex
471 1441 607 1478 incuria
648 1443 772 1483 illius,
815 1445 875 1492 qui
905 1445 1095 1493 Diploma,

337 1492 484 1528 secundo
511 1493 592 1528 loco
619 1493 696 1528 heic
725 1508 742 1529 a
770 1507 824 1530 me
852 1509 961 1543 nuper
996 1496 1094 1531 evul-

337 1552 477 1590 gamm,
505 1556 547 1578 ex
576 1542 780 1579 authentico
807 1545 1006 1594 exscripsit,
1043 1545 1093 1581 fa-

336 1594 430 1629 &um
460 1592 632 1640 suspicor,
671 1603 709 1629 ut
737 1594 922 1631 habeamus
957 1601 1095 1631 Annum

335 1647 390 1680 IV.
418 1643 548 1690 Imperii
574 1644 696 1678 Caroli
724 1643 837 1680 Craffi
866 1646 1091 1695 conjunssium

336 1707 414 1730 cum
466 1693 516 1727 die
561 1695 620 1728 HI.
659 1696 735 1728 Idus
774 1697 944 1742 ⁸Augusti,

336 1746 653 1780 DCCCLXXXVII.
675 1747 766 1780 Nam
789 1746 840 1781 uti
863 1746 1003 1783 evicisse
1026 1747 1092 1782 mi-

333 1795 370 1830 hi
399 1794 520 1830 videor
546 1793 584 1828 in
622 1795 799 1831 Differtat.
830 1799 925 1833 XLI.
961 1799 999 1832 de
1026 1801 1091 1832 No-

334 1845 495 1889 minibus,
522 1846 670 1881 Carolus
698 1845 756 1881 iste
784 1846 927 1883 ineunte
968 1847 1091 1884 Mense

996 1698 1094 1731 Anni
1117 1723 1122 1732 .

1139 1450 1167 1483 Β
1213 1457 1290 1479 nem
1319 1444 1412 1480 suam
1442 1444 1543 1480 debet
1570 1446 1793 1482 Coenobium
1825 1447 1969 1482 Placen-

1213 1495 1327 1530 tinum
1357 1495 1473 1531 sanffi
1503 1496 1618 1537 Sixti‚
1645 1498 1678 1531 &
1707 1497 1749 1531 de
1776 1510 1843 1544 qua
1870 1496 1970 1544 supra

1211 1545 1325 1580 aestum
1354 1545 1422 1581 fuit
1465 1546 1502 1581 in
1546 1546 1685 1581 Differr.
1715 1549 1775 1593 XI.
1803 1548 1842 1581 de
1867 1548 1968 1582 Allo-

1209 1595 1292 1630 diis.
1335 1599 1454 1643 Atque
1482 1596 1559 1631 heic
1587 1596 1723 1632 disertis
1751 1597 1866 1632 verbis
1894 1610 1967 1633 me-

1211 1655 1366 1682 moratur
1406 1647 1598 1681 Hlodovicus
1637 1647 1803 1693 Augustus
1844 1648 1968 1693 genitor

1209 1696 1322 1742 ipsius.
1351 1698 1444 1732 Tum
1475 1696 1510 1732 in
1542 1697 1717 1736 postremis
1738 1697 1866 1732 tabuiis
1888 1699 1965 1732 An-

1207 1747 1382 1794 gilbergae
1399 1748 1506 1781 Anno
1524 1749 1846 1782 DCCCLXXVII.
1861 1749 1966 1783 Men·

1206 1796 1238 1831 se
1265 1796 1402 1831 Martio
1431 1796 1588 1843 scriptis,
1617 1810 1700 1844 quas
1729 1797 1898 1845 Campius
1927 1798 1965 1833 in

1204 1846 1410 1894 Appendice
1446 1847 1556 1882 Tomi
1596 1849 1621 1882 Ι.
1665 1848 1795 1883 Hister.
1835 1848 1963 1884 Eccles.

332 1895 468 1931 Martio
508 1894 608 1930 Anni
653 1897 954 1934 DCCCLXXXI.
997 1901 1090 1948 Epo·
1130 1900 1164 1937 C
1206 1897 1430 1932 Placentinae
1451 1896 1581 1936 adfert,
1610 1898 1759 1943 legitur:
1784 1899 1823 1933 si
1844 1901 1962 1933 Emen-

333 1945 431 1981 cham
461 1946 682 1994 Imperialem
721 1960 799 1982 cum
837 1950 994 1985 Romana
1032 1963 1090 1984 co—

332 1996 514 2032 ronatione
542 2009 724 2032 numerare
752 1998 889 2047 coepit.
933 1999 1024 2035 Vide
1051 1999 1088 2036 ἃ

333 2048 478 2082 alterum
507 2046 619 2082 fimile
657 2047 825 2096 Diplorna
853 2062 871 2085 a
899 2063 954 2085 rne
991 2050 1089 2098 supra

331 2097 463 2133 editum
493 2097 529 2133 in
559 2097 736 2133 Differtat.
766 2101 826 2134 Xl'.
853 2102 893 2134 de
918 2102 1088 2139 Allodiis,

331 2147 389 2184 ubi
417 2147 555 2183 eaedem
586 2150 724 2197 Notae3
761 2162 846 2197 ‘quas
874 2160 965 2186 certe
993 2164 1089 2186 corn—

330 2211 456 2247 ponere
483 2212 618 2245 nequeo
646 2212 724 2234 cum
763 2209 818 2235 tot
855 2200 935 2235 aliis
964 2214 1088 2236 monu-

329 2248 457 2283 mentis
494 2247 674 2293 Epocham
713 2250 978 2296 Imperatoriam
1018 2254 1087 2287 Ca-

327 2298 396 2334 roli
434 2297 544 2333 Crassi
582 2297 834 2334 referentibus.
878 2301 1012 2336 Interea
1049 2302 1087 2336 in

328 2362 435 2396 nuper
471 2349 637 2396 evulgato
674 2348 880 2396 Diplomate
924 2350 1087 2386 habemus
1116 2358 1162 2391 :D

326 2399 576 2445 Ermingardam
594 2401 726 2445 Neptem
743 2400 864 2435 Caroli
881 2401 992 2436 Craffi
1009 2404 1086 2437 Au-

325 2448 435 2497 gusti.
471 2447 615 2484 Scilicet
644 2448 797 2484 eamdem
828 2464 976 2499 genuere
1012 2454 1086 2488 Lu—

325 2499 471 2535 dovicus
509 2498 556 2534 II.
585 2499 758 2548 Augustus
795 2502 828 2535 &
867 2501 1084 2550 Angilberga

325 2548 558 2599 Imperatrix,
585 2547 649 2585 illa
679 2550 868 2596 videlicet,
898 2552 954 2588 cui
975 2552 1085 2602 origi-

1200 1950 1304 1994 garda
1333 1946 1578 1994 (scribendum
1608 1949 1859 1996 Ermcngarda)
1888 1949 1962 1983 uni-

1203 2012 1237 2033 ca
1273 2012 1339 2033 mea
1367 1997 1446 2042 filia
1486 1998 1632 2045 religiosi
1677 2000 1761 2041 veste
1799 1999 1962 2034 induerit.

1204 2048 1266 2083 Sed
1303 2049 1406 2096 longe
1434 2047 1517 2083 'alia
1562 2048 1670 2084 studia
1712 2048 1961 2097 Ermingardae

1171 2101 1175 2138 J
1204 2099 1361 2134 fuerunt.
1401 2098 1529 2133 Eadem
1559 2099 1652 2134 enim
1682 2109 1778 2147 rapta
1807 2113 1824 2134 a
1853 2099 1960 2134 Boso-

1171 2139 1174 2216 Ι
1202 2162 1244 2184 ne
1271 2148 1416 2185 Comite
1443 2148 1480 2184 &
1512 2151 1629 2187 Duce,
1660 2149 1764 2185 fratre
1795 2149 1960 2186 videlicet

1170 2217 1173 2233 ι
1204 2199 1377 2234 Richildv's
1408 2200 1664 2246 Imperarricis,
1705 2200 1818 2235 eidem
1847 2200 1959 2247 postea

1201 2250 1293 2285 sacro
1321 2248 1457 2284 foedere
1478 2250 1596 2298 Ῐαηξὶᾶ
1617 2250 1679 2286 est.
1707 2250 1858 2298 Exurgit
1880 2250 1958 2285 heic

1199 2299 1329 2337 nodus,
1357 2313 1460 2347 quem
1489 2300 1745 2336 dissolvendum
1767 2300 1855 2335 mihi
1879 2313 1955 2347 pro-

1170 2380 1171 2383 ,
1200 2363 1310 2397 pono.
1334 2352 1371 2384 In
1395 2351 1564 2385 Annalib.
1582 2351 1795 2386 Bertinianis
1815 2350 1857 2386 ad
1878 2352 1955 2384 An—

1168 2387 1172 2434 i
1198 2413 1281 2435 num
1312 2402 1615 2437 DCCCLXXVI.
1644 2401 1726 2436 haec
1762 2401 1952 2435 habemus:

1198 2451 1296 2495 Boso,
1334 2451 1494 2498 postquam
1532 2454 1700 2497 Imperator
1725 2450 1766 2485 ab
1793 2451 1892 2484 Italia
1919 2450 1955 2483 in

1197 2503 1371 2536 Franciam
1410 2503 1526 2541 rediit,
1567 2500 1755 2548 Berengarii
1794 2500 1957 2535 Everardi

1169 2580 1171 2585 .
1189 2551 1264 2596 filii
1293 2552 1431 2598 samone
1457 2551 1570 2597 filiam
1596 2551 1783 2587 Hludowici
1818 2553 1954 2596 Impera-

1825 2600 1900 2633 toris
