2216 3105
285 256 370 300 725

230 301 282 337 ita
324 302 366 336 ab
411 299 473 336 isto

230 351 339 388 multi
367 351 488 386 uberes
525 350 616 389 rivi,
654 349 716 396 qui
756 348 993 397 irrigaverunt

231 415 302 438 non
338 402 450 438 soliim
490 414 592 436 unam
633 401 689 434 vel
722 400 803 434 duas
845 401 992 435 Provin-

234 454 327 495 cias,
356 452 411 488 sed
439 452 547 488 etiam
576 461 688 487 totam
719 449 860 486 Italiam
878 478 887 493 ‚
925 451 993 486 irn-

233 517 292 540 mo
327 501 364 538 ὅ(
402 511 518 537 totum
556 502 749 540 mundum,
788 509 827 535 ut
866 514 924 547 per
962 502 993 538 se

233 562 352 602 patet.
390 555 438 588 Et
467 552 712 601 principaliter
738 550 897 587 Sanstam
921 554 993 587 Ro-

231 617 370 639 manam
392 603 600 640 Ecclesiam.
627 602 723 650 Quia
748 605 883 637 Fratres
908 603 992 638 Bea-

229 654 259 689 ti
288 653 464 690 Francifci
494 667 553 702 per
573 653 775 689 universum
803 652 863 688 fufi
895 652 990 689 sunt.

231 707 326 754 Ergo
353 706 439 741 bene
468 703 506 740 δε
535 704 788 740 convenienter
816 701 1017 756 descripsit

230 756 349 791 locum
377 769 396 790 a
431 755 535 790 dietis
574 754 803 790 fluminibus.

229 805 329 842 diffie
356 805 463 845 fecit,
487 806 541 850 poi
568 806 622 840 che

281 857 413 892 Predica
437 856 560 901 Cristo,
587 869 603 890 e
625 857 677 904 gli
701 855 781 891 altri
806 856 857 890 che
886 855 911 889 ’l
938 856 993 901 se-

328 908 444 953 guiro,

230 956 390 1001 scilicet,
417 958 627 1005 Apostolos,
657 957 856 1003 Martyres,
890 957 925 992 &
953 970 989 992 a·

231 1007 299 1043 lios
327 1007 472 1043 Sanffios
498 1009 740 1044 Christianos:

281 1061 332 1093 Ne
358 1059 392 1093 la
424 1059 574 1103 presenza
601 1061 654 1094 del
679 1060 798 1093 Soldan
822 1059 956 1103 superba
972 1072 990 1101 ‚‘

231 1108 315 1156 quia
342 1122 413 1144 non
445 1109 615 1145 extimuit
652 1109 874 1157 conspestum
912 1111 988 1144 Sol-

232 1158 315 1194 dani
343 1159 505 1207 superbi,
537 1173 642 1207 quem
669 1168 724 1195 tot
753 1159 913 1195 nationes
939 1158 986 1194 ti-

230 1218 328 1244 ment
355 1211 389 1244 &
417 1220 644 1246 reverentur.
681 1209 739 1246 Ad
767 1211 863 1257 cujus
892 1223 988 1255 prae-

228 1258 378 1295 sentiam
414 1260 489 1297 itur
523 1274 601 1295 cum
639 1270 738 1296 tanta
774 1261 865 1306 iubja:
851 1261 986 1296 &ione

229 1308 268 1345 &
296 1311 515 1351 reverentia,
541 1311 634 1359 quod
664 1311 793 1355 pluries
820 1311 927 1346 homo
955 1311 986 1347 se

229 1358 382 1395 inclinat
409 1361 451 1396 ad
478 1371 629 1402 terram,
656 1361 692 1398 ἃ
720 1362 823 1397 illum
845 1361 986 1405 adorat,

226 1409 413 1447 secundum
436 1423 592 1448 veterem
613 1425 746 1449 morem
768 1414 902 1461 Regum
918 1412 987 1448 As-

224 1459 423 1506 syriorum.
451 1465 498 1498 Et

275 1512 401 1555 Redff
424 1531 614 1538 -----

224 1558 368 1609 supple.
396 1562 430 1595 δε
460 1561 636 1609 postquam
665 1562 794 1598 rediit:

277 1633 294 1639 -
319 1632 336 1637 -
362 1632 380 1638 -
405 1633 422 1638 -
448 1613 481 1646 al
512 1613 616 1656 fruttn
639 1616 679 1647 de
704 1612 728 1646 l’
745 1613 859 1648 Italica
885 1614 985 1649 erba.

226 1662 330 1699 idest,
367 1661 405 1695 in
433 1661 575 1696 Italiam
612 1662 773 1698 omniurn
812 1664 984 1699 bonorum

225 1711 379 1747 fertilem
401 1737 413 1754 2
453 1710 513 1746 ubi
549 1711 650 1747 suum
684 1712 800 1748 semen
835 1713 984 1750 fruetifi-

226 1762 349 1798 cavit:

276 1816 310 1848 Ε
335 1823 389 1858 per
415 1822 543 1847 trovare
567 1828 589 1848 a
613 1812 808 1854 conversione
832 1813 943 1849 acerba

277 1868 401 1908 Troppo
427 1866 460 1897 la
483 1874 577 1910 gente
590 1884 817 1902 ------

225 1912 341 1956 idest,
382 1913 491 1949 nimis
531 1914 730 1950 induratam
771 1914 985 1963 antiquitate

225 1964 395 2010 temporis
434 1965 468 1999 &
509 1965 716 2000 obstinatam
744 1993 754 2008 ‚
800 1965 850 2002 ita
892 1966 984 2014 quod

224 2015 318 2050 ultra
357 2028 428 2051 non
468 2025 607 2065 poterat
647 2015 801 2065 prodeffe
840 2016 879 2052 in
920 2017 985 2052 tali

224 2073 317 2101 terra

321 2136 336 2142 -
362 2136 379 2142 -
404 2137 420 2143 -
447 2130 466 2150 e
486 2126 543 2160 per
568 2130 628 2151 non
647 2117 734 2159 stare
760 2117 914 2152 indarno.

224 2165 328 2205 idest,
358 2180 399 2201 ne
421 2168 575 2214 perderet
596 2181 721 2214 operas·
743 2166 819 2202 suas
844 2166 983 2212 frustra,

224 2216 307 2264 quia
334 2218 435 2253 labor
460 2217 505 2253 est
532 2217 653 2253 irritus
670 2245 680 2253 .

275 2271 414 2313 ,Quando
439 2283 459 2302 a
485 2269 569 2302 colu?
591 2289 607 2294 -
633 2289 651 2294 -
676 2289 691 2295 —
718 2289 737 2295 -

223 2318 317 2353 Heic
358 2319 491 2353 ultimo
525 2318 683 2354 Thomas
722 2317 888 2354 describit
928 2317 982 2355 di—

221 2368 447 2415 spositionem
476 2370 624 2405 ultimae
656 2369 853 2405 voluntatis
881 2368 980 2405 Beati

221 2420 432 2460 Francisci,
472 2422 507 2456 ὅ(
550 2420 660 2462 dicit,
702 2419 796 2468 quod
835 2420 982 2467 reliquit

221 2472 357 2506 Fratres
384 2470 460 2506 suos
498 2471 639 2507 heredes
679 2470 717 2506 in
753 2469 867 2505 divite
904 2471 981 2506 sub—

220 2519 371 2561 stantia,
397 2522 533 2558 scilicet
559 2522 597 2557 in
627 2523 855 2563 Paupertate.
882 2521 983 2557 Dicit

223 2582 325 2620 ergo:
354 2576 405 2613 Et
428 2575 491 2610 ille
519 2571 729 2608 franciscus

583 238 885 282 COMMENT.
920 240 982 283 ΙΝ
1010 237 1235 282 DANTIS
1262 236 1502 280 COMOED.

515 298 702 334 francisco
743 297 994 337 descenderunt
1030 301 1064 335 A

842 756 889 788 Et
926 755 993 790 hoe
1014 738 1057 786 Β

1750 245 1806 279 26

1149 298 1367 333 Raccomanda
1402 297 1436 329 la
1466 296 1526 340 sua
1555 298 1671 330 Donna
1703 255 1764 342 p7i&
1789 306 1861 331 cara

1099 348 1258 387 scilicet,
1286 347 1467 382 dominam
1493 348 1759 393 Paupertatem,

1147 399 1225 435 Αἱ
1252 398 1347 433 Frati
1367 398 1438 442 suoi
1464 416 1696 423 ------

1099 449 1234 486 scilicet
1250 477 1260 494 ‚
1289 447 1490 484 Minoribus
1504 460 1515 482 ;

1147 521 1166 526 -
1190 521 1208 527 -
1233 521 1250 526 -
1276 521 1292 526 -
1314 499 1345 541 fi
1370 513 1448 533 come
1473 513 1494 534 a
1516 497 1618 544 giufte
1645 499 1730 532 erede
1746 524 1755 534 .

1098 553 1145 586 Et
1175 549 1276 594 vide,
1305 550 1397 598 quod
1426 549 1467 585 de
1494 551 1573 592 Jure
1600 546 1722 584 Civili
1748 548 1858 584 homo

1098 601 1208 646 potest
1242 600 1423 646 repudiare
1460 599 1716 642 hereditatem,
1755 598 1774 633 fi
1815 598 1856 634 fit

1099 652 1158 687 fibi
1187 651 1377 688 damnosa.
1415 650 1496 687 Ideo
1533 652 1671 685 Fratres
1697 648 1856 685 Minores

1098 702 1369 751 repudiaverunt
1386 701 1492 748 ipsam
1510 702 1755 750 Paupertatem
1765 709 1857 736 tam-

1097 767 1202 801 quam
1229 752 1292 788 s1bi
1318 752 1546 788 damnosam:

1149 807 1180 838 E
1206 805 1372 840 comancio,
1399 803 1451 836 che
1477 801 1500 835 l'
1519 800 1663 846 amaffiro
1690 815 1709 836 a
1731 801 1831 845 fede.

1097 854 1202 897 idest,
1232 853 1404 892 fideliter,
1433 865 1505 887 non
1531 851 1733 900 sophistice
1759 850 1855 897 Quia

1097 918 1215 953 parum
1245 903 1378 952 prodest
1404 916 1475 938 non
1488 912 1645 958 ‘tangere
1670 903 1854 950 pecuniam

1097 968 1221 993 manu,
1249 957 1285 989 ὅ(
1311 955 1411 990 illam
1440 952 1562 988 animo
1587 962 1768 1009 appetere
1806 953 1853 986 Et

1097 1005 1163 1041 hoc
1208 1004 1293 1041 fecit
1337 1013 1495 1053 tempore
1542 1002 1667 1038 mortis
1696 1029 1705 1037 .
1752 1002 1855 1036 Unde

1096 1056 1185 1092 dicit
1201 1069 1211 1091 τ

1146 1109 1286 1153 ‚Quando
1311 1120 1331 1141 a
1357 1106 1437 1140 colui
1452 1124 1721 1145 -------

1096 1157 1257 1197 scilicet,
1286 1159 1388 1192 Deo:

1025 1201 1057 1236 C
1146 1230 1163 1234 -
1188 1230 1206 1235 -
1230 1229 1247 1235 -
1274 1229 1290 1235 ·-
1316 1207 1398 1242 ch’a
1424 1216 1512 1242 tanto
1538 1207 1595 1241 ben
1616 1205 1768 1250 sortillo,

1097 1259 1200 1298 idest,
1225 1259 1287 1305 qui
1312 1256 1581 1306 praedestinavit
1600 1268 1679 1292 eum
1699 1255 1742 1291 ad
1762 1253 1854 1290 sum-

1096 1322 1192 1345 mum
1222 1310 1378 1345 bonurn:

1146 1361 1284 1406 Piacque
1307 1359 1347 1393 di'
1370 1360 1467 1393 trarlo
1496 1358 1568 1403 fi⁴s⁰
1594 1372 1614 1392 a
1640 1358 1675 1392 la
1701 1356 1852 1394 mercede,

1097 1410 1258 1453 scilicet,
1283 1410 1320 1445 in
1349 1408 1504 1444 Coelum
1532 1408 1574 1443 ad
1602 1407 1768 1443 meritum
1797 1407 1853 1440 vel

1095 1461 1138 1496 ad
1165 1461 1380 1507 praemium:

1145 1513 1211 1545 Che
1237 1512 1343 1545 meritc>
1370 1510 1420 1544 nel
1440 1509 1498 1553 suo
1520 1509 1602 1553 farsi
1624 1508 1758 1555 pusillo.

1094 1561 1201 1603 idest,
1235 1561 1273 1596 in
1302 1559 1461 1595 faciendo
1497 1559 1530 1595 se
1558 1568 1632 1595 tam
1667 1559 1853 1608 parvulum

1095 1625 1154 1660 per
1181 1611 1445 1647 humilitatem.

1144 1665 1176 1697 E
1202 1663 1254 1695 del
1275 1662 1331 1706 suo
1354 1662 1478 1707 grembo
1503 1659 1527 1694 l’
1542 1660 1654 1696 anima
1674 1660 1817 1704 preclara

1144 1716 1229 1747 Mov
1231 1712 1314 1753 erfi
1339 1713 1450 1750 volle,

1094 1762 1240 1810 supple,
1281 1764 1315 1797 8<
1356 1761 1497 1808 quando
1538 1760 1654 1796 anima
1697 1733 1848 1808 gloriosa

1094 1813 1193 1847 Beati
1224 1812 1397 1847 Francisci
1420 1811 1453 1852 fi
1478 1812 1563 1844 volle
1590 1823 1695 1844 movet
1721 1810 1772 1843 del
1798 1810 1852 1851 suo

1089 1861 1236 1908 grembo,
1264 1861 1350 1897 idest
1373 1862 1414 1896 de
1440 1874 1607 1909 corpore,
1632 1860 1673 1896 in
1698 1872 1767 1908 quo
1787 1859 1849 1894 sta*

1094 1913 1153 1948 bat
1178 1911 1251 1960 ipsa
1278 1915 1393 1947 anima
1411 1938 1420 1946 .

1144 1984 1160 1990 ·-
1185 1983 1202 1989 -
1228 1983 1246 1989 -
1271 1983 1288 1989 -
1313 1963 1465 1996 tornando
1489 1962 1522 1996 al
1543 1961 1603 2006 suo,
1627 1974 1719 2007 regno
1733 1973 1751 1993 .-

1095 2013 1252 2050 scilicet‚
1278 2013 1440 2048 coeleste.
1469 2013 1545 2047 Nec
1572 2011 1752 2047 ordinavit
1774 2024 1849 2046 cor—

1096 2064 1172 2108 pori
1200 2065 1309 2098 altum
1332 2064 1388 2099 vel
1415 2061 1632 2098 sumtuosum
1651 2063 1849 2098 tumulum.

1022 2114 1048 2147 E
1096 2113 1202 2150 Unde
1229 2114 1342 2150 dicit:

1146 2168 1177 2199 E
1204 2167 1237 2200 al
1263 2166 1314 2208 suo
1340 2177 1425 2209 corpo
1450 2178 1508 2199 non
1536 2165 1623 2199 volle-
1642 2165 1728 2199 altra
1752 2166 1850 2200 hara.

1097 2215 1206 2256 Idest,
1243 2215 1407 2251 feretrum
1446 2216 1567 2254 aliud,
1603 2228 1673 2263 quo
1705 2228 1849 2261 corpora

1097 2276 1278 2310 portantur
1313 2267 1356 2302 ad
1393 2266 1613 2313 sepulcrum,
1651 2264 1712 2300 nifi
1755 2266 1849 2300 suam

1097 2318 1311 2366 Dominam3
1341 2316 1431 2364 quasi
1460 2317 1575 2352 dicat:
1606 2316 1723 2351 noluit
1744 2316 1849 2351 aliam

1095 2367 1304 2416 sepulturam
1333 2367 1395 2402 msl
1415 2366 1593 2408 (belum,
1619 2380 1678 2412 quo.
1703 2367 1821 2410 tegitur
1837 2393 1848 2411 ‚

1094 2420 1234 2464 quinon
1270 2419 1361 2452 habet
1397 2432 1531 2458 urnam,
1570 2427 1610 2452 ut
1645 2417 1696 2452 ait
1734 2419 1848 2452 Luca—

1070 2475 1177 2504 'nus.
1210 2469 1264 2504 Ad
1292 2469 1383 2515 quod
1414 2468 1610 2508 sciendum,
1643 2468 1733 2515 quod
1764 2469 1850 2502 Bea-

1094 2529 1151 2554 tus
1185 2519 1384 2554 franciscus
1421 2519 1457 2554 in
1495 2531 1639 2554 extrem
1646 2532 1663 2553 s
1698 2518 1848 2553 interro-

1092 2581 1196 2619 gatus
1219 2584 1241 2606 a
1265 2570 1446 2606 Fratribus.
1479 2569 1575 2609 suis,
1609 2568 1673 2605 ubi
1702 2568 1845 2652 {olebat

1718 2630 1794 2665 epe

1024 1662 1057 1695 D
1068 1681 1070 1702 r
