2216 3105
1139 103 1212 166 3233&

744 187 1045 235 COMMENT.
1076 192 1139 235 IN
1168 192 1396 238 DANTJS
1425 193 1667 237 COMOED.
1794 209 1796 211 ·
1876 202 1963 251 4⁶0

444 199 527 241 4<9

389 250 458 278 tes.
491 247 564 279 Nec
593 242 721 281 mirum
751 257 893 285 tamen·

387 304 501 340 piates
530 294 770 343 seRabantur,
798 314 950 348 quarum*
973 312 1048 338 erat
1081 302 1150 338 ibi-

385 345 463 379 dem
493 345 636 382 officina
664 350 792 396 plena,
835 350 873 388 ὃς
909 353 993 400 quia
1032 356 1151 389 Frater

386 395 562 433 Dulrinus
582 408 655 434 erat
675 398 902 450 intelligens,
929 405 962 438 ὅ(
983 404 1149 451 eloquen-

385 444 559 500 tiffimus‚
601 462 643 485 eo
684 452 778 499 quod
806 452 1003 490 suaviffima
1030 454 1149 490 facun—

385 496 443 532 dia
472 500 527 534 lua
555 498 606 535 ita
645 501 779 550 ligabat
821 504 1018 544 auditores,
1054 505 1147 553 quod

386 548 505 586 nullus
533 551 698 588 accedens
725 553 766 588 ad
795 567 873 589 eum
896 554 1020 599 semel,
1050 565 1148 603 pote·

387 612 441 637 rat
472 615 637 649 umquam
668 604 845 640 recedere.
878 606 1050 641 Dulcinus
1078 606 1148 652 igi-

388 663 446 688 tur
473 652 623 688 sentiens
652 654 782 689 bellum
811 655 923 699 parari
951 665 1071 691 contra
1094 655 1147 696 se,

388 704 547 739 munivit
575 714 755 746 montem,
796 706 858 752 qui
886 704 991 753 usque
1018 705 1056 741 in
1084 705 1147 741 ho-

388 754 548 789 diernum
595 754 689 789 diem
735 754 984 792 denominatur
1028 756 1070 792 ab
1106 769 1147 792 eo

387 806 496 840 Mons
533 805 686 854 Gazari3
728 806 762 840 δ(
809 806 947 842 Villam
984 816 1146 842 vocatam

387 855 593 891 Triverium
637 856 678 890 ad
705 855 838 892 radices
880 857 1012 893 montis
1049 858 1148 906 juxta

389 906 520 941 fiumen
558 905 733 946 Sestrum,
775 906 1072 955 trasporta‘verunt
1110 909 1147 944 in

388 957 577 1000 Monrem,
605 958 638 992 8(
668 958 753 992 alias
783 958 897 993 Villas
925 958 1147 995 circumstan-

387 1017 466 1052 tes,
493 1006 531 1044 ὃ(
560 1007 679 1043 omnia
710 1008 904 1052 vietualia,
933 1008 971 1044 &
1000 1010 1147 1045 necessa—

386 1058 460 1101 ria,
488 1072 575 1106 quae
604 1059 834 1095 tumultuarie
862 1068 1023 1108 poterant
1050 1074 1145 1108 repe-

386 1109 475 1145 rire.
503 1112 607 1145 Tunc
639 1110 764 1158 Populi
795 1110 973 1146 Novariae
999 1113 1032 1146 8<
1061 1114 1146 1147 Ver-

388 1161 555 1195 cellarum
584 1159 772 1196 cinxerunt
801 1171 959 1197 montem
995 1161 1146 1198 obsidio-

387 1224 430 1246 ne
457 1224 536 1246 cum
566 1211 740 1247 machinis
767 1213 800 1247 ὃ(
830 1212 909 1248 aliis
940 1213 1146 1249 instrumen—

386 1262 432 1297 tis
462 1262 600 1298 bellicis
637 1262 728 1310 aptis
769 1263 810 1298 ad
847 1263 1145 1312 oppugnationem

386 1312 517 1348 arcium
536 1340 555 1348 ..
580 1315 627 1349 Et
669 1314 775 1349 multi
816 1313 1059 1363 Crucefignati
1087 1328 1146 1350 ve-

387 1373 512 1400 nerunt
549 1377 619 1399 non
659 1364 770 1399 solum
807 1365 849 1400 de
886 1367 1006 1401 Terris
1035 1368 1147 1401 Lorn-

387 1414 526 1450 bardiae
543 1442 552 1458 ‚
580 1428 668 1464 quae
695 1415 783 1450 olim
815 1417 1004 1451 vocabatur
1028 1417 1146 1451 Gallia

386 1465 591 1514 Cisalpina,
621 1465 675 1501 sed
703 1466 810 1501 etiam
832 1466 873 1501 de
894 1466 1012 1502 Gallia
1032 1468 1146 1501 Tran—

386 1515 540 1562 salpina.
577 1516 662 1551 ficut
690 1515 731 1551 de
768 1517 928 1556 Vienna,
957 1516 1147 1560 Sabattha,

389 1566 601 1606 Provincia,
627 1568 661 1602 &
687 1566 852 1601 Francia.
882 1568 1046 1602 Feminae
1068 1581 1147 1611 por*

387 1625 552 1653 rexerunt
590 1630 730 1652 manum
769 1617 849 1652 huic
888 1619 1001 1653 bello.
1053 1619 1144 1653 Nam

388 1667 514 1703 viduae
543 1666 692 1704 feminae
721 1667 888 1703 miserunt
928 1671 970 1703 D.
1011 1668 1146 1703 balista—

387 1718 479 1754 rios.
501 1720 547 1753 Et
568 1728 606 1754 ut
627 1719 781 1754 breviter
806 1719 920 1754 dicam
937 1747 946 1763 ,
968 1732 1146 1767 oppugna-

389 1769 443 1804 tio
471 1768 539 1803 fuit
566 1769 649 1804 dura
677 1770 709 1803 8<
740 1770 927 1805 diuturna.
970 1772 1062 1804 Nam
1091 1770 1147 1804 in-

389 1819 471 1855 clusi
500 1819 532 1854 se
561 1819 788 1865 pertinaciter
814 1820 1062 1855 defendebant.
1083 1820 1145 1855 Sed

390 1870 542 1906 tamdem
573 1870 685 1913 farne,
714 1884 801 1918 quae
828 1880 1005 1919 expugnat
1027 1884 1147 1906 omnes

392 1931 559 1963 terrores.
589 1931 753 1969 urgente,
782 1935 851 1957 non
881 1932 1068 1967 potuerunt
1094 1923 1147 1956 ul-

390 1972 498 2008 terius
537 1972 608 2020 pati
647 1971 871 2007 arfflffimam
913 1972 1147 2008 obfidionem.

393 2026 485 2060 Nam
514 2023 686 2059 habebant
724 2036 884 2071 magnam
922 2023 1059 2069 copiam
1090 2036 1147 2071 pe—

391 2075 595 2117 cuniarum,
634 2073 687 2109 sed
717 2073 874 2120 inopiam
915 2073 1146 2109 vifflualium.
1202 2089 1207 2098 ·

390 2125 630 2161 comederunt
657 2124 751 2159 enim
782 2125 888 2172 usque
907 2125 947 2160 ad
971 2124 1147 2170 pellicias.

391 2179 494 2212 Tunc
522 2176 663 2225 qnidam
695 2175 910 2211 consulentes
939 2175 1042 2210 saluti
1072 2175 1149 2210 suae

391 2227 567 2263 redierunt
595 2226 635 2262 ad
664 2226 872 2268 veritatem,
915 2225 953 2261 &
981 2226 1149 2261 dederunt

392 2277 424 2314 fe
472 2279 534 2313 Sed
562 2277 695 2313 obsidio
723 2277 896 2323 praediEta
925 2276 1064 2312 duravit
1091 2290 1149 2324 per

392 2341 519 2364 annum
548 2330 580 2364 δ(
610 2329 724 2363 diem.
761 2329 807 2361 Et
836 2327 980 2362 schisma
1007 2326 1148 2362 duravit

392 2392 451 2428 per
495 2379 675 2414 biennium
694 2405 701 2413 .
749 2378 921 2412 Tamdem
976 2377 1148 2413 Dulcinus

390 2440 510 2477 captus
558 2443 637 2464 cum
682 2442 789 2464 uxore
831 2428 885 2464 sua
929 2427 1147 2476 hlargarita,

389 2494 477 2529 quae
504 2490 578 2516 erat
606 2479 817 2515 Tridentina
836 2507 845 2521 ,
877 2477 913 2514 8(
942 2479 1146 2527 quibusdam

391 2531 490 2575 aliis,
519 2530 556 2568 S(
584 2531 706 2567 duffls
735 2532 934 2574 Vercellas,
971 2531 1003 2565 8(
1035 2544 1146 2566 carce-

881 282 893 299 ,
936 251 1019 298 quia
1047 253 1150 287 volu·
1185 256 1234 291 A,
1258 253 1292 289 ri
1320 254 1560 302 mancipatus,
1589 255 1740 289 multum
1780 251 1818 288 δε
1845 252 1907 288 d³u
1944 267 2020 300 per-

1261 304 1374 340 suasus
1398 318 1416 340 a
1437 305 1574 353 magnis
1600 303 1801 353 Magistris,
1829 316 2020 351 numquam

1263 355 1381 404 potuit
1417 355 1600 400 converti,
1637 365 1676 391 ut
1714 356 1822 390 vellet
1859 367 2021 390 revocare

1263 418 1412 442 errorem
1451 406 1579 443 suum.
1623 408 1767 454 Propter
1809 405 1902 451 quod
1958 418 2021 439 vo-

1263 457 1356 492 lente
1383 456 1513 505 justitia
1564 470 1643 493 cum
1682 457 1853 492 tenaculis
1892 455 2018 504 ignitis

1262 508 1505 544 truncantibus
1542 520 1680 547 carnes,
1716 508 1749 542 8<
1789 506 2020 553 spoliantibus

1263 556 1369 605 usque
1397 558 1438 593 ad
1466 558 1557 600 offa,
1585 558 1654 593 fuit
1682 558 1870 593 crudeliter
1891 558 2020 592 lacera-

1263 617 1344 647 tus,
1386 606 1425 643 &
1452 608 1576 643 duetus
1617 608 1763 644 vicatim
1794 621 1853 656 per
1879 608 2021 643 Civita-

1263 667 1359 694 tem.
1395 658 1570 706 thuod
1608 667 1769 693 notatum
1813 658 1881 693 fuit
1919 672 1936 693 a
1965 658 2020 693 vi-

1263 708 1446 746 dentibus,
1487 706 1525 742 &
1554 707 1599 742 est
1625 707 1788 742 mirabile
1814 707 1937 746 diem,
1966 707 2019 742 in-

1263 767 1316 793 ter
1343 767 1398 794 tot
1439 759 1471 792 8<
1512 767 1583 792 tam
1613 758 1709 793 varia
1736 767 1939 796 tormenta,
1966 757 2020 793 di-

1262 808 1355 844 citur
1399 821 1590 855 numquam
1638 808 1821 844 mutavisse
1867 807 1991 843 faciem
2009 833 2018 848 ,

1262 858 1324 893 nifi
1353 858 1456 894 semel
1485 859 1521 894 in
1550 859 1791 907 amputatione
1812 858 1906 897 nafi,
1934 859 2018 906 quia

1262 908 1401 944 strinxit
1428 920 1547 957 parum
1577 909 1753 958 spatulas;
1797 908 1836 945 ἅ,
1879 909 1916 945 in
1945 923 2017 944 arn-

1263 960 1444 1008 putatione
1472 959 1588 996 virilis
1616 961 1764 996 membri
1806 961 1905 1008 juxta
1936 961 2019 995 Por-

1261 1020 1333 1045 tam
1361 1010 1562 1055 Civitatis,
1599 1024 1687 1058 quae
1723 1011 1855 1046 dicitur
1897 1009 2017 1049 Piua,

1262 1061 1322 1097 ubi
1360 1061 1470 1097 traxit
1508 1061 1703 1097 maximum
1725 1060 1908 1109 suspirium
1938 1073 2018 1095 cum

1263 1112 1504 1148 contraRione
1541 1111 1698 1147 narium.
1742 1114 1883 1147 Poterat
1919 1110 2019 1146 Mar-

1263 1172 1320 1209 tyr
1349 1163 1443 1207 dici,
1472 1162 1494 1198 fi
1523 1174 1632 1211 poena
1653 1162 1780 1198 faceret
1800 1161 2019 1209 Martyrem,

1262 1215 1295 1249 δ(
1325 1227 1395 1249 non
1423 1215 1607 1250 voluntas.
1635 1215 1756 1260 Quum
1785 1224 1900 1249 autem
1929 1213 2020 1248 lace-

1263 1265 1403 1300 rabatur
1443 1264 1650 1304 tormentis,
1693 1265 1865 1300 continuo
1900 1263 2018 1297 horta-

1263 1315 1364 1352 batur
1390 1315 1483 1351 suam
1511 1313 1765 1364 Margaritam‚
1792 1314 1879 1349 licet
1901 1312 2019 1348 absen-

1263 1376 1361 1405 tem,
1403 1375 1442 1402 ut
1478 1366 1559 1401 esset
1605 1364 1784 1400 constans.
1829 1364 1893 1398 Illa
1935 1375 2018 1398 vero

1263 1416 1398 1451 imbuta
1425 1415 1584 1451 doetrhffi
1611 1415 1714 1463 ipfius
1743 1413 1889 1449 Dulcini
1917 1426 2019 1449 num-

1263 1480 1366 1514 quam
1395 1466 1546 1502 deseruit
1582 1466 1743 1500 mandata
1779 1464 1897 1500 illius.
1936 1464 2018 1500 Ideo

1264 1517 1475 1565 pertinacius
1502 1529 1544 1552 eo
1571 1515 1639 1552 fuit
1667 1515 1767 1551 firma
1808 1515 1844 1550 in
1872 1515 1938 1550 hoc
1967 1528 2019 1550 er—

1262 1581 1363 1607 rore,
1405 1566 1616 1602 confiderata
1656 1566 1756 1602 sexus
1784 1565 2020 1601 infirmitate.

1265 1620 1357 1654 Nam
1393 1631 1500 1667 quum
1539 1617 1644 1652 multi
1686 1616 1833 1653 Nobiles
1878 1629 2021 1663 quaere-

1263 1678 1339 1704 rent
1376 1681 1451 1703 eam
1488 1668 1526 1703 in
1567 1680 1739 1706 uxorem,
1775 1675 1850 1702 turn
1881 1675 2023 1714 propter

1265 1718 1537 1767 pulcritudinem
1566 1718 1664 1753 illius
1689 1716 1915 1756 immensam,
1944 1725 2020 1751 tum

1266 1778 1406 1817 propter
1422 1770 1495 1817 ejus
1513 1768 1694 1815 pecuniam
1714 1780 1872 1816 magnam
1886 1792 1897 1807 ‚
1917 1779 2020 1802 num-

1263 1833 1365 1867 quam
1389 1819 1505 1865 potuit
1526 1818 1620 1854 fleffi
1639 1846 1647 1854 .
1677 1818 1783 1854 Unde
1812 1817 1885 1867 pari
1913 1829 2024 1864 poena

1264 1884 1340 1905 cum
1372 1870 1527 1905 Dulcino
1555 1869 1616 1904 suo
1651 1868 1870 1907 dulciffimo,
1907 1867 2020 1911 ferro,

1263 1923 1294 1956 &
1325 1922 1405 1969 igne
1432 1921 1605 1958 lacerata,
1646 1920 1749 1955 illum
1780 1918 1940 1954 auda&er
1970 1917 2019 1953 se-

1264 1981 1371 2018 quuta
1399 1970 1443 2006 est
1470 1970 1510 2005 ad
1542 1970 1693 2005 Inferos.
1734 1970 1849 2017 Hujus
1873 1968 2020 2004 Dulcini

1264 2021 1331 2057 fuit
1359 2021 1523 2057 Medicus
1550 2020 1717 2069 Magister
1755 2019 1954 2065 Raynaldus
1980 2019 2022 2054 de

1265 2075 1459 2121 Bergom0‚
1496 2072 1593 2119 cujus
1636 2074 1753 2120 Nepos
1792 2071 1902 2105 multa
1931 2069 2022 2105 mihi

1265 2122 1419 2159 narravit
1455 2122 1496 2157 de
1542 2122 1685 2157 homine
1722 2121 1804 2157 isto.
1849 2123 1951 2157 Nunc
1978 2119 2020 2155 ad

1264 2175 1428 2210 literam.
1458 2172 1559 2208 Dicit
1594 2172 1842 2208 Mahomettus
1888 2169 2017 2206 Danti:

1316 2229 1388 2264 Tu,
1415 2225 1466 2260 che
1488 2224 1567 2269 forse
1593 2224 1706 2258 vedrat'
1732 2224 1756 2256 il
1777 2223 1825 2268 sol
1848 2222 1884 2256 di
1909 2224 2020 2259 breve,

1266 2275 1370 2317 idest,
1410 2275 1471 2323 qui
1510 2275 1583 2310 cito
1620 2274 1747 2310 red³bis
1784 2273 1825 2309 ad
1854 2272 2021 2308 mundum

1267 2325 1488 2364 viventium,
1517 2325 1575 2361 ubi
1605 2326 1698 2361 lucet
1725 2326 1808 2364 Sol,
1834 2324 1893 2370 qui
1919 2320 2020 2356 nobis

1267 2379 1372 2422 latet,
1401 2390 1463 2413 nec
1492 2376 1666 2425 splendet.
1708 2378 1755 2411 Et
1795 2374 1882 2409 dicit
1910 2372 2021 2409 forte,

1265 2428 1485 2471 dubitative,
1535 2428 1591 2463 vel
1633 2427 1716 2475 quia
1761 2438 1829 2461 non
1859 2422 2019 2458 credebat

1266 2480 1365 2514 istum
1411 2478 1604 2514 rediturum
1661 2478 1780 2523 aliquo
1831 2474 1935 2509 modo
1980 2472 2022 2507 ad

1232 2530 1459 2576 {mundum;
1499 2531 1553 2564 vel
1592 2527 1614 2562 st
1661 2527 1847 2570 credebat,
1889 2524 2024 2610 §escie-

1915 2585 1972 2615 Βῐ.
