2216 3105
417 234 501 282 607
710 225 1162 270 BENVENUTI
1204 222 1644 270 lMOLENSIS
1845 224 1928 263 608

360 299 422 332 na,⁴
461 283 720 331 prudentiffime
756 285 841 321 fecit
869 299 942 321 eam
972 284 1119 334 despon—
1142 288 1189 325 ’,Α

357 336 423 372 sari
451 336 521 372 sine
547 335 787 372 diminutione
824 335 968 372 honoris
985 364 995 379 ,
1032 335 1117 372 sicut

358 387 508 435 jucunde
549 385 671 422 scribit
708 387 917 423 Boccaccius
954 387 995 422 de
1031 389 1118 423 Cer-

356 437 474 473 taldo.
516 439 564 474 Et
604 437 768 473 nominat
808 437 1020 473 secundum:
1064 437 1118 473 di-

358 501 436 524 cens
452 501 464 537 ;

411 561 426 565 -
454 562 469 566 —
497 561 513 566 -
539 560 555 566 -
582 538 629 577 &
654 539 777 586 Arrigo
804 539 992 573 Manardi?

360 589 424 624 Iste
465 589 506 624 de
534 589 730 624 Mainardis
758 590 799 624 de
827 588 1034 624 Bretenorio
1063 588 1118 623 vir

361 640 509 688 prudens
538 641 572 674 &
609 639 741 674 nobilis
778 638 939 675 fimiliter
974 638 1043 674 fuit
1080 638 1117 672 in

359 690 435 725 vita
475 690 587 725 socius
614 689 709 724 istius
745 689 894 724 Domini
921 688 1118 731 Guidonis,

361 740 422 786 qui
460 740 637 784 loquitur.
676 738 750 783 Qui
787 752 829 773 eo
865 748 1006 774 mortuo
1034 737 1119 774 fecit

359 790 466 825 secari
504 789 641 838 lignum
678 802 738 837 per
764 788 946 833 medium,
983 789 1021 824 in
1048 802 1119 836 quo

362 840 460 876 soliti
498 849 597 875 erant
633 839 738 875 ambo
774 839 910 888 sedet-eg
949 839 1118 882 afferens,

361 891 455 938 quod
483 904 553 926 non
580 889 790 926 remanserat
814 891 903 925 alius
931 888 1054 925 similis
1081 890 1118 925 in

361 941 575 977 liberalitate
617 939 655 976 δε
696 940 992 976 honorificentia.
1038 940 1119 975 Ideo

364 992 450 1027 bene
487 991 624 1039 quaerit
651 991 692 1026 de
719 1005 782 1033 eo,
820 990 880 1027 ubi
916 990 976 1027 fit.
1013 989 1118 1037 Quafi

362 1042 477 1078 dicat:
508 1055 578 1078 non
603 1041 784 1078 invenitur
810 1041 954 1077 fimilis.
983 1041 1120 1076 Deinde

363 1093 527 1129 nominat
553 1092 642 1128 alios
669 1093 754 1127 duos
782 1091 923 1140 spiritus
951 1092 1118 1128 illustres.

360 1146 406 1179 Et
435 1143 550 1192 primo
572 1145 712 1178 Petrum
733 1143 1018 1179 Traversarium.
1047 1144 1120 1179 Hic

362 1193 430 1229 fuit
474 1193 648 1229 Dominus
689 1193 864 1229 Civitatis
906 1196 1121 1238 Ravennae,

363 1244 419 1280 vir
446 1244 691 1293 magnanimus
720 1243 758 1280 ὃς
786 1243 1016 1293 magnificus.
1045 1244 1119 1290 Qui

363 1294 474 1331 filiam
504 1296 597 1330 suam
627 1295 774 1331 tradidit
803 1295 840 1330 in
870 1309 1014 1331 uxorem
1047 1298 1121 1331 Ste-

362 1346 477 1394 phano
506 1347 592 1394 Regi
622 1345 844 1393 Hungariae.
873 1346 1012 1381 Floruit
1032 1356 1122 1381 tem-

362 1410 443 1444 pore
472 1395 641 1432 Friderici
680 1398 724 1430 11.
753 1398 799 1431 Ec
827 1396 924 1431 ausus
952 1396 999 1431 est
1025 1410 1119 1431 rece-

363 1447 442 1482 dere
470 1447 511 1482 ab
540 1460 601 1482 e0.
639 1446 716 1481 Post
743 1447 839 1493 cujus
867 1453 1017 1481 mortem
1046 1446 1123 1481 Fri-

364 1497 500 1533 dericus
527 1496 662 1532 obsedit
692 1499 917 1539 Ravennam,
946 1495 984 1531 &
1010 1496 1122 1545 cepit.

366 1548 449 1583 Ideo
477 1548 562 1583 bene
590 1547 728 1594 quaerit
755 1546 814 1582 iste
841 1547 982 1586 Guido,

414 1599 490 1632 Pier
516 1597 708 1642 Traversaro
725 1623 734 1639 ‚
760 1617 945 1623 -----

366 1647 426 1683 ubi
453 1648 517 1683 est.
555 1646 659 1692 Quali
688 1647 807 1682 dicat:
838 1646 917 1693 quis
945 1647 989 1682 est
1017 1646 1122 1681 hodie

365 1698 540 1733 Dominus
569 1698 604 1732 in
636 1697 869 1732 Romandiola
895 1697 1016 1732 slmilis
1041 1697 1124 1736 fibi,

366 1759 501 1784 amator
528 1747 604 1783 suae
640 1746 840 1783 Civitatis?
878 1750 925 1782 Et
963 1747 1126 1782 nominat

366 1799 474 1834 alium
495 1826 504 1842 ,
532 1798 670 1832 dicens:

417 1870 433 1875 -
460 1869 475 1875 —
504 1869 519 1874 —
546 1869 562 1874 -
588 1862 602 1882 e
629 1847 733 1881 Gut’do
758 1848 794 1881 di
820 1847 1014 1894 Carpigna?

366 1898 428 1935 Iste
455 1899 525 1934 fuit
552 1897 684 1934 nobilis
712 1897 768 1933 vir
795 1898 836 1932 de
864 1897 1124 1940 Montefeltm,

368 1950 428 1997 qui
457 1962 576 1984 omnes
605 1947 665 1983 fibi
695 1961 789 1997 pares
831 1948 1044 1983 liberalitate
1072 1946 1125 1982 su-

371 2000 525 2045 peravit.
556 2001 608 2034 De
628 2012 699 2047 quo
723 1998 849 2038 audio,
874 1998 989 2046 quod,
1017 2010 1124 2044 quum

369 2050 498 2086 fecisset
526 2050 678 2085 solemne
706 2048 913 2086 convivium
941 2047 978 2083 in
1008 2050 1127 2083 Brete-

367 2101 495 2144 notio„
519 2100 704 2136 deficiente
732 2099 901 2148 pecunia,
929 2098 1014 2134 fecit
1041 2111 1126 2134 ven-

370 2152 406 2187 di
434 2151 623 2187 dimidium
652 2165 749 2187 carae
790 2149 982 2189 culcitrae,
1021 2162 1125 2197 quam

371 2202 538 2237 habebat.
569 2205 621 2237 De
648 2215 715 2249 qua
743 2215 778 2237 re
806 2202 1004 2247 increpatus
1030 2213 1049 2235 a
1077 2198 1129 2234 fa-

371 2253 590 2295 miliaribus,
628 2252 864 2288 curialitatem
907 2250 1001 2287 fuam
1043 2263 1128 2285 con-

370 2304 473 2338 duxit
514 2303 733 2343 scommate,
773 2302 916 2337 dicens:
959 2300 1051 2347 quod
1094 2300 1127 2334 in

372 2354 485 2396 aestate
507 2365 584 2397 prae
609 2355 706 2389 calore
732 2354 855 2387 tenebat
888 2354 982 2395 pedes
1018 2360 1128 2393 extra,

373 2404 405 2437 in
432 2405 538 2449 hyeme
562 2408 635 2439 vera
661 2415 734 2447 prae
756 2403 872 2448 srtgore
899 2399 1024 2435 tenebat
1059 2413 1128 2434 cru-

370 2466 406 2488 *a
433 2455 608 2489 contrafla.
637 2455 718 2491 Ideo
745 2453 803 2488 iste
831 2451 949 2487 Guido
970 2450 1025 2485 del
1054 2452 1129 2485 Du-

375 2518 435 2547 ta,
476 2504 687 2540 considerans
730 2505 817 2539 tales
855 2502 949 2537 viros
991 2501 1027 2535 in
1058 2503 1128 2535 Ro-

373 2555 572 2593 mandiola.
600 2555 723 2602 dignos
754 2556 911 2588 Romana
938 2549 1128 2594 Civitate‚
1173 2563 1178 2564 ⁷
1209 2560 1212 2590 ζ

375 2607 546 2642 Exclamat
574 2618 652 2641 cum
681 2605 822 2639 dolore:

1281 287 1307 316 O
1336 285 1550 331 Romagnuoli
1577 285 1696 319 tornati
1723 284 1756 319 t'n
1782 287 1952 329 bastardi!

1233 333 1352 370 Nimis
1380 335 1558 371 curialiter
1584 335 1745 384 loquitur
1764 337 1842 373 iste:
1873 339 1987 375 immo

1230 383 1396 420 debuisset
1423 385 1545 421 dixiffe
1563 414 1572 431 ,
1610 387 1647 422 in
1676 386 1836 434 spurios,
1872 389 1986 426 immo

1229 434 1267 470 in
1295 437 1432 480 mulos,
1460 436 1572 485 specie
1599 439 1814 486 permutati.

1280 489 1419 531 ‚Quando
1446 488 1479 521 in
1509 489 1654 535 Bologna
1680 509 1868 517 -----

1229 537 1347 572 Guido
1375 537 1538 573 nominat
1564 540 1652 574 alios
1689 539 1773 575 duos
1810 539 1986 575 virtuosos

1228 586 1269 621 de
1298 587 1531 623 Romandiola
1549 615 1557 624 .
1586 591 1633 624 Et
1655 589 1767 636 primo
1788 603 1895 626 unum
1916 592 1988 627 Bo-

1229 636 1429 672 noniensem
1448 661 1458 676 ,
1486 637 1603 673 dicens
1620 652 1628 673 :

1279 707 1295 712 -
1322 708 1338 713 -
1365 708 1381 713 -
1408 708 1424 713 -
1450 700 1492 721 un
1522 690 1646 722 Fahbro
1666 688 1698 729 st
1723 690 1883 735 ralligna.

1231 736 1292 770 lste
1332 735 1403 771 fuit
1442 736 1574 771 nobilis
1615 738 1723 773 Miles
1752 739 1792 774 de
1821 741 1990 776 Lamber-

1230 785 1351 821 tacciis
1379 785 1419 821 de
1463 787 1645 830 Bononia,
1686 788 1743 823 vir
1783 789 1915 837 sapiens
1951 792 1987 826 δ(

1231 836 1349 885 magni
1388 836 1545 872 consilii.
1594 840 1641 872 Et
1686 838 1730 874 est
1766 838 1843 874 heic
1881 840 1991 875 Faber

1231 899 1357 921 nomen
1387 887 1586 935 proprium.
1626 890 1701 924 Nec
1739 888 1920 938 intelligas
1948 891 1992 926 de

1230 936 1381 983 quodam
1410 939 1522 973 Fabro
1550 938 1714 974 Tribuno
1742 940 1858 975 Plebis
1876 967 1886 983 ‚
1927 940 1990 986 qui

1232 987 1425 1024 trucidatus
1467 987 1536 1023 fuit
1574 989 1774 1025 Bononiae:
1813 991 1991 1037 quandosi

1230 1038 1392 1085 ralligna‚
1420 1037 1530 1079 idest,
1557 1039 1772 1089 renascitur;
1814 1039 1906 1088 quasi
1935 1040 1992 1075 di·-

1232 1099 1309 1132 cat,
1337 1089 1432 1124 tarde
1461 1089 1493 1124 in
1535 1091 1700 1137 Bologna‚
1737 1103 1825 1138 quae
1861 1090 1906 1126 est
1934 1090 1991 1126 ni-

1232 1139 1293 1174 dus
1332 1139 1651 1187 Philosophorum,
1697 1141 1730 1175 &
1773 1149 1884 1177 mater
1920 1142 1992 1176 Le·-

1231 1202 1336 1237 gum‚
1364 1190 1595 1238 omniumque
1634 1191 1804 1226 bonorum
1841 1189 1993 1231 fertilis,

1233 1240 1464 1276 humanitatis
1494 1240 1645 1289 piiffima
1673 1242 1816 1277 nutrix.
1853 1243 1901 1277 Et
1927 1254 1992 1276 no-

1233 1291 1345 1326 minat
1368 1292 1476 1327 alium
1490 1316 1500 1331 ,
1521 1291 1755 1327 faventinum
1781 1291 1897 1327 virum
1918 1292 1992 1339 ple-

1234 1341 1349 1390 bejum
1378 1341 1566 1391 sanguine,
1595 1342 1650 1378 sed
1677 1341 1835 1378 nobilem
1859 1341 1993 1377 virtute

1233 1391 1367 1434 animi,
1394 1392 1533 1428 dicens:

1284 1446 1425 1488 ,Quando
1451 1444 1484 1476 in
1514 1444 1647 1487 Faenza
1673 1456 1715 1478 un
1751 1441 1934 1478 Bernardin
1959 1440 1998 1476 di

1336 1494 1450 1535 Falco,

1236 1542 1298 1578 Iste
1335 1541 1568 1577 Bernardinus
1618 1540 1687 1577 fuit
1728 1541 1823 1577 filius
1864 1540 1993 1580 Fusci,

1235 1592 1303 1628 viri
1332 1591 1474 1635 rustici,
1512 1591 1567 1628 fed
1596 1591 1729 1627 virtute
1756 1592 1813 1627 sua
1840 1591 1991 1626 honora-

1203 1653 1205 1660 '
1236 1654 1289 1679 tus
1317 1642 1354 1678 in
1384 1642 1517 1691 patria,
1555 1642 1596 1677 ad
1633 1655 1736 1689 quem
1773 1655 1844 1676 non
1872 1641 1993 1676 erube-

1236 1694 1375 1729 scebant
1411 1692 1548 1728 nobiles
1585 1691 1775 1727 faventini
1812 1691 1995 1729 accedere,

1236 1753 1273 1778 ut
1302 1742 1460 1778 audirent
1488 1742 1561 1790 ejus
1606 1743 1711 1777 bonas
1739 1739 1927 1776 sententias
1954 1738 1994 1778 &

1237 1794 1352 1841 pulcra
1382 1791 1576 1827 schemata.
1613 1794 1662 1827 Et
1697 1791 1770 1839 ejus
1796 1790 1890 1826 diaa
1919 1803 1996 1825 mo-

1236 1843 1320 1879 ralia
1349 1843 1381 1877 8(
1410 1842 1562 1878 notanda
1587 1843 1804 1891 allegabant.
1832 1840 1917 1876 ldeo
1937 1841 1997 1876 be-

1236 1908 1278 1929 ne
1306 1893 1394 1929 dicit
1412 1906 1420 1927 :

1289 1947 1389 1990 Verga
1411 1943 1516 1990 gentil
1540 1942 1578 1977 di
1600 1943 1732 1987 picciola
1753 1942 1945 1989 gramt‘gna.

1237 1994 1341 2040 Quasi
1369 1993 1483 2028 dicat:
1527 1993 1659 2029 nobilis
1696 1995 1815 2040 planta
1843 2001 1923 2028 nata
1951 2005 1995 2028 ex

1235 2046 1303 2080 vili
1344 2045 1449 2080 erba.
1494 2046 1540 2079 Et
1581 2057 1624 2079 ex
1665 2043 1731 2080 hoc
1767 2055 1837 2078 non
1879 2041 1998 2077 minus

1207 2102 1209 2138 ζ
1238 2095 1382 2131 colenda
1411 2094 1495 2129 ficut
1523 2107 1667 2133 aurum,
1694 2093 1787 2141 quod
1815 2092 1928 2128 oritur
1952 2105 1997 2129 ex

1239 2157 1351 2187 terra,
1379 2146 1411 2179 &
1441 2143 1514 2180 rofa
1542 2158 1585 2180 ex
1623 2144 1743 2192 fpina.
1784 2147 1923 2190 ,Quando
1963 2143 1999 2177 in

1240 2200 1393 2241 Ραεηζα,
1421 2194 1562 2241 fuople,
1597 2194 1628 2235 si
1652 2194 1817 2241 ralligna.
1861 2196 1997 2228 Faven-

1240 2248 1290 2282 tia
1330 2246 1418 2281 olim
1456 2244 1550 2280 dista
1586 2245 1631 2280 est
1671 2247 1798 2280 Forum
1838 2243 1939 2279 Favii
1977 2256 1998 2279 a

1242 2296 1351 2332 Favio
1381 2299 1563 2332 Romano.
1589 2298 1704 2341 Quam
1735 2294 1932 2330 fridericus
1950 2294 1996 2328 11.

1241 2347 1335 2394 cepit
1371 2346 1441 2395 post
1479 2349 1702 2381 Ravennam.
1743 2347 1841 2381 Haec
1877 2344 1998 2380 diebus

1242 2397 1362 2432 nostris
1389 2409 1497 2444 quum
1525 2397 1607 2432 effet
1633 2397 1800 2440 opulenta
1841 2394 1877 2430 in
1905 2395 1998 2428 bono

1243 2448 1327 2483 flore
1363 2447 1423 2483 sub
1458 2447 1620 2482 dominio
1667 2446 1839 2481 Pastorum
1877 2443 1999 2478 Eccle-

1242 2497 1330 2536 siae,
1358 2497 1503 2533 exclufis
1530 2497 1693 2532 omnibus
1720 2496 1894 2531 Civibus,
1930 2492 1999 2526 sine

1244 2548 1344 2583 caede
1371 2556 1446 2583 tota
1473 2546 1621 2596 spoliata
1647 2546 1692 2581 est
1718 2546 1752 2579 δ(
1779 2546 1918 2578 detenta
1944 2541 1998 2575 ul-

1896 2600 1951 2628 112
