2216 3105
389 202 469 242 31¹
662 191 1134 244 BENVENUTJ
1176 194 1617 241 IMOLENSIS
1802 205 1888 258 '312

563 248 624 283 Ad
651 252 733 295 Vers.
765 264 845 300 109.

377 297 426 329 Ee
457 298 565 344 quella
600 299 724 343 fronte,
762 303 892 339 ch’ha’l
933 307 987 352 pel
1026 309 1084 342 cos>

427 361 516 383 nero.

326 395 420 432 Heic
440 398 598 440 Auctor,
627 403 811 440 nominato
831 407 1000 452 Tyranno
1022 422 1081 443 an-

325 446 429 494 tiquo
465 449 506 484 de
543 449 684 491 Sicilia,
722 455 784 502 qui
830 456 940 492 fuerat
979 461 1080 506 paulo

326 507 407 533 ante
427 507 584 548 tempora
605 503 800 540 Alexandri
821 507 969 554 Magni,
990 523 1079 544 nunc

325 548 447 583 transit
473 549 511 584 in
539 552 700 591 Italiam,
728 555 761 588 ὃ(
790 557 952 592 nominat
974 572 1079 594 unum

327 600 533 644 Tyrannum
583 602 786 639 modernum
808 630 818 644 ‚
870 607 1048 654 peffimum
1072 637 1081 651 ‚

328 648 462 684 scilicet
497 651 685 687 Ecerinum
722 654 763 689 de
800 657 980 694 Romano.
1023 659 1081 694 Ad

329 699 424 746 cujus
453 701 691 748 cognitionem
723 704 874 741 breviter
901 707 945 742 est
973 708 1082 744 scien—

328 749 434 792 dum,
471 750 563 796 quod
600 752 660 787 iste
687 755 855 791 Ecerinus
896 759 1081 802 Tyrannus

328 799 580 837 crudeliffimus
607 802 676 838 fuit
703 806 860 850 ternpore
889 808 1082 853 friderici,

327 849 368 885 de
397 853 556 887 Romano
583 851 737 890 Castello
766 858 968 894 Comitatus
994 861 1083 894 Tar-

328 900 427 940 vifii,
457 915 599 950 magnus
629 906 802 942 Dominus
829 906 867 944 ὃ(
897 918 1018 956 potens
1047 910 1083 945 in

327 951 399 1000 ipsa
427 951 589 989 Marchia
616 956 799 992 Tarvifina
828 967 924 999 tota,
953 959 989 995 in
1018 974 1083 1007 qua

329 1003 485 1038 exercuit
515 1016 654 1053 magnas
682 1006 870 1044 violentias
904 1011 937 1044 8<
966 1011 1085 1045 crude-

330 1053 474 1092 litates,
512 1054 597 1089 adeo
633 1057 725 1103 quod
762 1058 904 1105 quidam
947 1059 1086 1108 scripse-

329 1112 431 1143 runt,
478 1103 588 1149 ipsum
627 1106 741 1142 fecisse
783 1109 872 1144 mori
914 1109 1087 1159 quinqua-

330 1154 428 1202 ginta
453 1154 567 1190 millia
588 1155 770 1192 hominum
786 1185 793 1192 .
823 1159 885 1194 Sed
907 1159 999 1195 inter
1020 1161 1088 1195 alia

330 1205 447 1240 millia
477 1206 565 1240 mala
603 1207 734 1254 impia,
773 1222 879 1256 quum
922 1211 1089 1258 perdidis-

331 1254 380 1290 set
423 1255 600 1293 Paduam,
642 1256 767 1293 furoris
804 1259 898 1295 rabie
935 1261 1088 1296 stimula-

331 1314 386 1341 tus
404 1332 413 1349 ‚
448 1305 531 1341 fecit
560 1306 790 1344 crudelissime
817 1311 932 1346 necari
960 1311 1089 1347 duode—

334 1356 404 1391 cim
433 1357 548 1391 millia
571 1358 811 1394 paduanorum
836 1360 947 1400 ferro,
977 1361 1088 1405 fame,

332 1405 369 1441 &
399 1405 504 1454 igne,
532 1420 618 1454 quos
647 1408 794 1444 habebat
822 1411 909 1458 apud
940 1411 990 1446 se.
1021 1414 1088 1446 Re-

332 1459 455 1506 gnavit
502 1457 668 1493 Ecerinus
720 1461 878 1496 Veronae
924 1464 1087 1496 XXXIV.

333 1507 454 1546 annis,
492 1507 532 1542 de
561 1508 656 1555 cujus
686 1510 865 1552 potentia,
903 1511 1060 1557 nequitia
1080 1540 1088 1553 ,

332 1555 369 1592 δὲ
398 1557 496 1605 gestis
524 1557 637 1592 dicam
676 1557 782 1594 Cmt.
814 1562 874 1595 lx.
918 1561 1086 1597 paradisi.

332 1607 414 1642 Ideo
443 1607 519 1642 heic
549 1616 619 1642 tarn
641 1608 714 1643 cito
740 1610 954 1657 pertranseo.
986 1614 1087 1646 Nunc

332 1657 372 1692 ad
401 1657 559 1692 literam.
602 1659 738 1694 Au5tor
778 1660 942 1696 describit
969 1663 1088 1697 Eceri-

332 1720 414 1742 num
445 1708 485 1742 ab
514 1707 634 1743 habitu
666 1710 819 1757 corporis
848 1710 984 1746 dicens.

381 1761 428 1791 Et
463 1758 568 1804 quella
597 1759 722 1803 fronte,
764 1760 810 1794 ch’
837 1760 901 1796 a'l
936 1763 989 1809 pel
1029 1764 1087 1797 cos?

432 1821 522 1847 nero,

331 1857 418 1894 Idest
445 1858 600 1906 nigram.
640 1860 802 1896 Scribunt
829 1861 967 1909 aliqui,
995 1863 1086 1910 quod

329 1908 498 1944 Ecerinus
525 1909 593 1945 fuit
621 1923 763 1958 corpore
791 1913 976 1948 mediocris
994 1937 1004 1951 ,
1033 1914 1086 1949 ni*

331 1971 410 2006 ger,
440 1959 568 2006 pilosus
597 1969 716 1995 totus.
744 1962 806 1996 Sed
837 1962 965 2001 audio,
995 1963 1086 2010 quod

331 2009 480 2044 habebat
517 2023 623 2045 unum
654 2011 764 2058 pilum
803 2013 946 2061 longum
990 2013 1087 2061 super

332 2059 473 2098 nasum,
502 2060 562 2107 qui
591 2061 703 2097 statim
731 2061 949 2110 erigebatur,
978 2077 1086 2111 quan-

332 2110 377 2144 do
403 2110 673 2146 excandescebat
701 2111 737 2147 in
778 2113 892 2152 iram,
933 2115 966 2148 ἃ
1004 2124 1086 2149 tunc

332 2172 452 2195 omnes
480 2160 659 2208 fugiebant
687 2175 704 2196 a
732 2162 819 2198 facie
847 2164 939 2212 ejus:

387 2212 428 2244 E*
454 2212 621 2256 Azssqollno
647 2232 963 2239 --------

332 2262 379 2294 Et
408 2260 484 2294 heic
521 2271 626 2305 nota,
667 2261 761 2308 quod
799 2263 936 2298 Auctor
976 2263 1089 2299 utitur

333 2309 472 2358 vulgari
500 2310 641 2349 Tusco,
682 2312 767 2358 quin
796 2313 836 2347 de
863 2313 911 2347 rei
944 2315 1088 2349 vex-irate

333 2370 479 2395 vocatus
516 2359 584 2395 fuit
622 2362 815 2399 Beer-inus,
859 2362 942 2398 ficut
969 2363 1090 2398 scribit

336 2410 507 2446 Muffatus
552 2411 751 2455 Paduamm,
794 2412 972 2448 Musarum
1003 2414 1091 2448 ami-

336 2474 416 2499 cus,
457 2461 494 2495 in
522 2462 740 2509 Tragoedia,
779 2476 881 2509 quam
925 2463 1009 2499 fecit
1050 2463 1116 2504 dex

334 2511 508 2551 licetine,
544 2510 581 2546 in
623 2525 689 2559 qua
733 2512 861 2560 fingit,
904 2515 996 2562 quod
1023 2513 1091 2550 fuit

337 2560 475 2609 genitus
503 2574 545 2596 ex
575 2571 670 2610 patre
701 2562 870 2598 Diabolo.

1124 263 1150 296 A

1163 1166 1165 1170 ⁴
1185 1170 1250 1192 zon
1257 1170 1309 1193 em
1350 1159 1374 1192 Ι.

1421 259 1484 292 Ad
1512 259 1593 302 Vers.
1626 270 1707 295 110.
1745 279 1752 287 «

1237 326 1422 333 -----
1450 311 1495 342 Et
1515 308 1609 355 quell'
1621 310 1701 343 altro
1720 309 1764 344 ch’
1776 311 1792 343 ὲ
1811 311 1942 346 biunde.

1186 355 1278 391 Heic
1305 357 1443 393 Auctor
1470 359 1632 394 nominat
1659 359 1767 396 alium
1789 361 1942 397 nimium

1188 406 1389 442 modernum
1407 432 1416 446 ,
1445 408 1505 456 qui
1534 409 1601 445 fuit
1629 411 1700 458 post
1727 411 1912 447 Ecerinum
1930 438 1941 454 ‚

1185 457 1217 490 δε
1260 456 1320 492 fibi
1368 458 1524 494 vicinum
1544 487 1554 503 ‚
1605 459 1740 496 scilicet
1786 461 1941 509 Opizum

1186 506 1428 543 Marchionem
1458 509 1648 545 Estensem.
1677 511 1735 546 Ad
1764 512 1859 559 cujus
1887 512 1943 547 in-

1186 556 1419 604 telligentiam
1441 559 1484 594 est
1504 561 1718 604 notandum,
1747 562 1839 609 quod
1866 564 1942 597 Au-

1185 605 1261 641 &or
1303 608 1413 642 noster
1452 621 1521 643 non
1572 611 1737 646 describit
1783 613 1885 647 istum
1922 625 1941 647 a
1969 606 1979 626 '⁴

1187 665 1278 690 certa
1314 658 1449 692 macula
1486 658 1637 704 frontis,
1683 661 1767 696 ficut
1813 662 1942 696 fecerat

1187 705 1371 741 Ecerinum
1391 731 1401 745 ,
1456 707 1539 755 quia
1591 711 1726 745 macula
1767 711 1941 758 Opizonis

1186 754 1296 791 fuerat
1324 757 1567 793 accidentalis.
1597 762 1722 795 Fuerat
1749 761 1843 795 enim
1865 774 1943 796 mo-

1187 807 1356 850 noculus,
1386 820 1455 842 non
1485 822 1501 843 a
1530 818 1651 845 natura
1669 837 1678 853 ,
1707 809 1761 845 sed
1790 824 1806 845 a
1836 810 1912 847 casu
1932 838 1943 856 ,

1186 868 1293 902 quum
1322 856 1542 894 hastiluderet
1578 861 1623 894 ob
1662 873 1815 896 amorem
1845 861 1943 909 cuju-

1186 905 1279 940 sdam
1309 907 1502 944 Dominae.
1531 909 1613 944 Ideo
1634 910 1878 946 denominatus
1898 911 1944 946 est

1187 955 1351 991 Mal-chio
1379 958 1495 1005 Opizo
1516 959 1557 993 ab
1578 962 1701 995 oculo.
1730 961 1792 996 Sed
1818 960 1944 997 descri—

1188 1006 1239 1040 bit
1267 1006 1378 1054 ipsum
1418 1021 1436 1042 a
1466 1009 1725 1055 pulchritudine
1769 1011 1943 1056 corporis.

1187 1056 1282 1101 Quia
1322 1059 1456 1093 Domus
1494 1058 1636 1094 Estenfis
1673 1059 1795 1094 habuit
1823 1073 1944 1095 omnes

1187 1108 1392 1142 naturaliter
1420 1121 1563 1156 corpore
1593 1110 1729 1157 pulcros
1746 1135 1755 1149 ‚
1784 1109 1868 1145 sicut
1890 1112 1942 1145 A-

1411 1158 1471 1205 qui
1509 1159 1577 1194 fuit
1616 1160 1789 1194 Dominus
1832 1163 1942 1195 Vero-

1187 1221 1271 1251 nae,
1300 1207 1341 1243 de
1368 1221 1438 1253 quo
1466 1208 1602 1245 dicetur
1628 1212 1732 1245 Cant.
1766 1212 1828 1245 Vl.
1860 1212 1943 1246 Fur—

1186 1258 1338 1307 gatoriig
1376 1259 1409 1293 &
1438 1261 1598 1295 Azonem
1642 1262 1688 1296 11.
1726 1260 1839 1295 filium
1871 1261 1942 1308 pri—

1186 1309 1258 1352 mi,
1304 1309 1363 1356 qui
1412 1309 1542 1357 eripuit
1593 1311 1743 1346 Paduam
1792 1311 1942 1346 Ecerino

1186 1372 1246 1406 pro
1274 1358 1424 1394 Ecclesia
1466 1361 1499 1394 8<
1528 1360 1638 1408 ipsum
1668 1360 1854 1396 Ecerinum
1883 1361 1942 1396 de-

1186 1409 1332 1444 bellavit
1360 1410 1447 1452 apud
1477 1410 1638 1446 Abduam
1672 1410 1798 1447 flumen
1829 1414 1941 1447 Lom-

1185 1459 1346 1494 bardiae.
1385 1459 1486 1494 Vicit
1513 1460 1619 1495 etiam
1649 1462 1863 1497 Fridericum
1895 1464 1940 1497 ΙΙ.

1184 1508 1272 1556 apud
1303 1510 1484 1548 Parmam,
1513 1519 1551 1544 ut
1579 1511 1714 1546 dicetur
1742 1511 1848 1546 alibi.
1890 1514 1941 1546 O-

1185 1559 1264 1607 pizo
1292 1559 1334 1593 ab
1361 1560 1464 1594 oculo
1492 1573 1596 1607 nepos
1618 1560 1712 1597 istius
1736 1561 1871 1597 Azonis
1893 1563 1938 1596 11.

1183 1618 1282 1645 natus
1295 1608 1347 1643 1:st
1363 1623 1403 1644 ex
1424 1611 1604 1654 Raynaldo
1625 1611 1702 1647 filio
1719 1613 1791 1658 ejus
1807 1611 1843 1646 in
1868 1625 1942 1647 car—

1184 1673 1258 1695 cere
1288 1661 1332 1694 II.
1362 1659 1531 1694 Friderici
1568 1660 1605 1695 in
1643 1663 1800 1709 Apulia,
1838 1674 1943 1708 quem

1184 1719 1280 1757 pater
1307 1709 1446 1744 dederat
1483 1709 1661 1745 Friderico
1704 1711 1739 1746 in
1769 1710 1941 1747 obfidem.

1185 1762 1229 1794 Et
1258 1760 1341 1794 licet
1371 1759 1464 1806 saepe
1487 1760 1681 1796 Fridericus
1707 1762 1845 1797 offerret
1867 1761 1942 1796 red-

1184 1811 1262 1845 dere
1289 1809 1372 1848 fibi,
1411 1823 1600 1857 numquam
1632 1812 1750 1847 voluit
1786 1811 1943 1847 recedere

1184 1861 1225 1896 ab
1254 1859 1402 1895 Ecclesia
1446 1870 1585 1908 propter
1621 1875 1819 1909 recuperare
1862 1861 1942 1897 uni-

1184 1924 1261 1946 cum
1307 1910 1420 1945 filium
1463 1910 1558 1945 suum
1588 1911 1777 1948 dile'Ctum.
1824 1914 1869 1947 Et
1897 1912 1942 1947 ob

1186 1961 1251 1995 boc
1280 1960 1396 1996 Onizo
1425 1960 1536 2008 postea
1566 1962 1634 1996 fuit
1662 1962 1780 1998 fautor
1806 1964 1839 1998 8<
1869 1965 1946 1997 Au-

1186 2012 1262 2046 &or
1301 2009 1435 2046 Carolo
1480 2014 1504 2046 Ι.
1546 2022 1666 2048 contra
1718 2013 1946 2049 Manfredum

1162 2066 1163 2071 ’
1188 2061 1300 2097 filium
1330 2061 1499 2096 Friderici
1529 2061 1564 2096 in
1595 2063 1790 2099 vindistam
1817 2063 1946 2111 patris.

1189 2112 1259 2147 Hic
1287 2112 1403 2157 Opizo
1431 2111 1553 2147 habuit
1581 2122 1648 2148 tres
1687 2114 1781 2150 filios
1810 2113 1947 2162 magni—

1190 2161 1293 2200 ficos,
1322 2161 1455 2197 scilicet
1484 2164 1643 2198 azonem
1671 2166 1947 2212 primogenitum

1191 2212 1594 2260 magnificentiffimum,
1641 2217 1700 2262 qui
1748 2216 1860 2251 dietus
1903 2213 1947 2249 est

1191 2265 1270 2297 Azo
1299 2265 1363 2297 ΙΙΙ.
1392 2264 1432 2298 de
1460 2277 1530 2311 quo
1559 2264 1635 2299 heic
1664 2265 1704 2301 fit
1726 2266 1883 2308 mentio,
1912 2265 1946 2298 8<

1192 2312 1276 2348 alibi
1305 2313 1401 2359 saepe
1429 2313 1465 2348 in
1496 2314 1557 2349 isto
1586 2315 1720 2357 Libro,
1748 2318 1779 2352 ἃ
1807 2313 1948 2351 Franci-

1192 2362 1312 2407 scum,
1351 2365 1384 2398 8<
1423 2364 1757 2415 Aldrovandinumg
1796 2379 1837 2401 ex
1878 2375 1947 2409 qUO

1195 2423 1293 2448 natus
1322 2413 1365 2449 est
1402 2414 1539 2458 Obizo,
1581 2416 1642 2461 qui
1679 2417 1793 2452 tenuit
1833 2412 1949 2448 domi-

1194 2463 1290 2498 nium
1333 2464 1453 2500 diebus
1501 2465 1643 2508 nostris,
1681 2475 1777 2514 pater
1806 2460 1950 2499 Nicolai

1195 2527 1302 2561 nuper
1322 2515 1493 2561 regentis,
1521 2513 1557 2549 ἃ
1583 2516 1779 2559 Raynaldus
1794 2544 1801 2558 ,
1823 2513 1861 2548 ὃ(
1883 2512 1950 2548 Ni-

1195 2565 1330 2598 colans.
1368 2564 1425 2599 Ad
1467 2563 1677 2612 propositum
1728 2579 1810 2614 ergo
1862 2562 1950 2598 dicit

1825 2616 1899 2649 Au—
