2216 3105
431 201 514 243 359

738 186 1179 231 BENVENUTI
1218 187 1629 234 IMOLENSIS

1851 198 1933 249 360

363 243 451 283 bus,
481 245 606 281 nedum
634 244 671 282 in
700 247 793 286 levi,
827 248 930 295 quale
958 247 1001 284 est
1027 249 1127 283 leno·
1166 250 1197 284 A
1233 261 1311 283 nem
1339 249 1380 285 de
1408 264 1474 286 una
1502 253 1610 287 Terra
1638 250 1782 287 studiosa
1809 250 1847 287 ἅ
1876 252 1988 288 farno-2

365 294 526 331 ciuium.

416 348 450 380 E
478 360 540 382 non
561 347 635 395 pur’
651 349 680 384 1⁸0
706 349 759 396 qai
785 349 902 396 piango
928 350 1126 396 Bolognese:

364 394 481 440 Idest,
524 398 652 447 punior
686 400 724 436 in
760 400 821 436 ista
857 400 970 450 prima
1008 401 1125 450 bolgia

363 446 410 482 ob
437 447 525 484 istud
553 450 706 486 vitium:

414 499 512 545 Anzi
538 499 570 534 n’
587 502 603 534 ὲ
627 501 728 548 questo
753 503 837 536 luoco
852 523 1022 529 ------
1078 515 1082 518 ’

365 548 454 584 Idest
472 576 482 594 ‚
510 549 570 585 ista
599 551 710 598 prima
738 552 842 588 vallis
870 553 982 599 major
1009 551 1044 587 ἃ
1068 565 1122 588 ce-

365 599 450 635 teris
477 601 665 650 capacior,
656 613 664 621 ·
835 620 837 622 ·

417 671 649 678 --------
677 662 765 687 tanto
788 653 899 699 pieno,

415 701 480 735 Che
504 712 591 736 tante
616 702 725 749 lingue
745 716 803 737 non
825 703 894 748 son’
905 716 959 738 ma
977 703 1119 750 apprese,

365 749 472 795 Idest,
501 765 591 787 nunc
619 762 719 802 aptae
745 754 779 788 δε
807 752 1016 817 dispofitae3

414 805 460 837 A
479 803 562 837 dicer
587 803 667 850 Sipa
693 814 744 839 tra
769 807 898 839 Savena
924 818 939 838 e
954 803 978 838 'l
1004 808 1094 839 Reno
1111 831 1119 839 .

364 852 471 898 Quasi
507 853 622 894 dicat,
660 854 743 902 quia
778 856 890 900 plures
918 854 1120 891 Bononien-

366 902 415 938 ses
443 903 520 939 sunt
541 903 618 940 heic
647 904 763 953 puniti
785 906 849 941 tali
870 904 985 945 vitio,
1014 907 1118 954 quam

365 967 485 990 omnes
527 955 792 996 Bononienses,
832 956 894 1006 qui
936 969 1028 992 nunc
1065 956 1120 992 vi-

366 1014 454 1040 vunt
482 1006 682 1043 Bononiae.
710 1009 755 1042 Et
783 1007 860 1042 heic
888 1016 994 1051 nota,
1026 1007 1118 1055 quod

368 1056 481 1104 aliqui
510 1058 667 1093 volentes
695 1058 850 1093 colorare
877 1057 1030 1102 fafflum,
1067 1057 1120 1093 di—
1150 1082 1152 1119 Ι

367 1117 451 1142 cunt
476 1135 486 1151 ,
527 1107 620 1155 quod
661 1108 761 1143 debet
803 1108 986 1157 intelligi,
1028 1108 1120 1156 quod

366 1170 437 1192 non
465 1157 543 1193 sunt
573 1159 683 1202 plures
712 1158 973 1198 Bononienses,
1003 1158 1122 1194 dicen—

365 1217 417 1243 tes
446 1208 630 1244 actualiter
656 1210 742 1246 istud
771 1211 913 1258 vulgare
939 1210 1038 1257 Sipa.
1076 1212 1122 1245 Et
1150 1208 1152 1245 Ι

367 1267 451 1294 tunc
479 1260 559 1295 effet
597 1259 731 1304 sensu&
768 1261 860 1308 quod
888 1261 994 1297 effent
1021 1261 1123 1296 valde
1150 1271 1152 1285 ²

367 1310 469 1358 pauci
497 1311 639 1346 lenones
668 1312 872 1356 Bononiae,
910 1311 992 1360 quia
1021 1312 1121 1359 pauci

366 1360 470 1400 sunt,
507 1361 569 1409 qui
605 1362 725 1398 dicant
761 1376 852 1398 nunc
890 1363 927 1397 in
962 1375 1030 1398 uno
1068 1362 1122 1397 in-

365 1411 468 1447 stanti
496 1412 581 1448 istud
610 1414 820 1448 vocabulum
848 1414 954 1459 Sipv
992 1412 1054 1448 Sed
1092 1413 1122 1447 i-

364 1462 412 1498 sta
439 1476 509 1498 non
538 1463 582 1498 est
610 1464 764 1499 intentio
786 1463 980 1511 Au&oris;
1010 1462 1122 1497 immo
1150 1473 1151 1509 ξ

368 1513 455 1550 istud
494 1513 720 1561 participium
757 1513 882 1560 apprese
917 1513 1006 1548 dicit
1046 1513 1151 1547 heic*

365 1564 625 1612 aptitudinem,
646 1563 685 1599 &
705 1577 774 1599 non
797 1574 914 1613 aptum
929 1591 938 1606 ,
959 1563 1008 1598 ita
1030 1564 1121 1610 quod

365 1614 504 1650 AuStor
540 1615 619 1650 vult
654 1614 792 1654 dicere,
832 1614 924 1662 quod
961 1623 1016 1649 tot
1053 1615 1123 1649 lin—

367 1678 453 1713 guae
481 1678 551 1700 non
580 1664 658 1701 sunt
686 1665 867 1708 accensae,
904 1664 987 1700 idest
1023 1674 1122 1712 aptae
1151 1678 1152 1681 ¹

366 1724 467 1750 natae
495 1716 536 1750 ad
563 1715 749 1751 dicendum
786 1717 884 1762 sipa.
921 1717 968 1750 Et
1004 1714 1054 1750 ita
1082 1715 1122 1750 de

366 1766 531 1801 omnibus
559 1766 754 1813 intelligit.
783 1766 879 1810 Quia
906 1765 1047 1813 linguae
1067 1765 1122 1799 in—
1151 1783 1153 1817 ?

366 1815 519 1851 fantium
561 1817 769 1852 naturaliter
805 1816 841 1852 ἃ
881 1815 1153 1864 potentialiter-3

367 1865 444 1902 sunt
472 1866 652 1914 dispositae
678 1867 719 1902 ad
746 1867 931 1902 dicendum
961 1866 1048 1910 hoc,
1077 1867 1122 1901 li-
1151 1878 1153 1891 =

366 1919 421 1953 cet
449 1919 554 1953 modo
582 1918 767 1953 affiualiter
793 1931 864 1952 non
901 1917 1039 1952 dicant.
1074 1919 1122 1952 Et

364 1977 480 2003 tamen
510 1981 579 2004 non
609 1968 768 2004 videatur
803 1968 871 2003 tibi
908 1968 1021 2003 dicere
1050 1981 1121 2003 rem

365 2032 550 2074 magnam,
579 2019 718 2067 quando
746 2018 857 2063 dicit,
885 2019 978 2067 quod
1007 2020 1122 2066 plures
1151 2008 1153 2061 ζ

366 2069 445 2105 lunt
474 2070 709 2106 Bononienses
737 2069 869 2105 mortui
898 2069 1015 2128 Pupi&
1044 2069 1122 2104 heic
1151 2080 1152 2089 ¹

364 2118 431 2156 loc
460 2121 574 2165 virio,
609 2133 713 2169 quam
741 2119 807 2155 fint
833 2119 910 2156 vivi
938 2120 976 2155 in
1005 2121 1122 2155 Bono·
1150 2109 1152 2171 ξ

364 2170 444 2206 nia:
486 2171 580 2216 Quia
608 2185 678 2206 non
707 2170 830 2214 credo,
868 2171 960 2218 quod
989 2171 1030 2205 fit
1057 2171 1122 2205 ali-
1150 2174 1152 2198 l

365 2235 433 2269 qua
461 2223 571 2256 Terra
598 2230 671 2256 tam
699 2234 804 2268 parva
831 2221 868 2256 in
897 2221 1050 2264 mundo,
1080 2220 1122 2255 de

363 2285 431 2318 qua
459 2284 529 2306 non
557 2271 622 2306 fint
659 2272 772 2319 plures
811 2272 953 2306 lenones
989 2271 1026 2306 in
1064 2272 1122 2305 In-

365 2321 486 2362 fei-no.
523 2328 628 2369 quam
665 2321 730 2356 fint
769 2335 837 2357 uno
873 2330 1030 2368 tempore
1066 2321 1121 2356 vi-

364 2381 486 2409 ventes
507 2372 543 2407 in
566 2371 746 2414 Bononia,
775 2371 812 2407 &
841 2373 1023 2418 loquentes
1043 2372 1122 2406 vul-

366 2437 445 2472 gare
483 2423 683 2458 Bononiae.
720 2424 767 2457 Et
803 2422 861 2458 ista
899 2420 1041 2457 Civitas
1078 2422 1122 2457 est

365 2474 472 2510 hodie
509 2473 590 2509 satis
628 2483 771 2521 purgata
808 2473 873 2508 hoc
912 2472 1004 2507 vitio
1028 2499 1037 2507 .
1074 2474 1121 2507 Et

364 2535 482 2564 tamen
523 2523 662 2562 Λιιὸὶοῐ
700 2523 786 2560 facit
827 2522 932 2562 citius
969 2522 1120 2559 mentio-

1169 701 1195 734 B

1161 1612 1201 1661 D.

1200 1861 1202 1884 ²
1227 1865 1263 1898 in
1293 1873 1412 1900 monte
1426 1890 1435 1899 .

1233 297 1286 343 sa,
1314 303 1418 347 quam
1446 301 1486 336 de
1507 304 1596 338 alia.
1625 301 1733 338 Certe
1754 304 1885 339 multae
1908 301 1988 339 sunt

1232 351 1320 385 Terr
1307 364 1360 386 ae
1386 353 1420 386 ἃ
1449 365 1617 400 magnae,
1654 356 1691 389 in
1720 353 1846 402 quibus
1873 354 1985 402 magis

1234 401 1328 449 viget
1356 401 1441 438 istud
1471 403 1600 439 vitium
1601 404 1665 477 pin
1696 404 1825 446 Italia,
1862 414 1901 441 ut
1928 405 1984 440 ni-

1232 449 1282 486 hil
1302 451 1342 487 de
1372 452 1516 489 Parifius
1543 454 1631 489 inG
1637 455 1719 490 allia
1746 455 1880 492 dicam.
1908 457 1985 491 No-

1231 511 1265 536 ta
1289 502 1394 537 etiam
1410 530 1418 546 ,
1446 504 1538 550 quod
1562 505 1697 540 Αυᾶοῐ·
1717 505 1880 541 describit
1901 519 1985 554 gen-

1231 560 1300 586 tem
1329 554 1509 589 Bononiae
1537 555 1578 589 ab
1607 555 1776 591 idiomate
1804 555 1842 591 &
1870 570 1888 591 a
1917 555 1982 592 flu-

1230 602 1402 638 minibus.
1442 605 1676 640 Bononienses
1713 606 1807 641 enim
1836 616 1983 642 utuntur

1229 651 1290 686 isto
1319 653 1491 688 vocabulo
1517 655 1618 701 Signa,
1648 655 1708 690 ubi
1736 656 1842 691 ceteri
1871 661 1984 693 Lom—

1230 702 1326 737 bardi
1353 702 1475 738 dicunt
1501 704 1579 739 Sia.
1607 705 1768 740 Bononia
1795 705 1901 740 etiam
1923 705 1984 741 ha—

1230 752 1286 787 bet
1314 753 1355 788 ab
1380 766 1446 789 una
1476 763 1551 801 part
1539 768 1593 794 e,
1621 754 1755 791 scilicet
1779 755 1984 792 Occidentis

1229 816 1344 838 versus
1381 805 1659 846 Lombardiam,
1701 805 1853 849 flumen.
1890 805 1984 854 quod

1228 853 1360 889 dicitur
1387 857 1523 899 Renus,
1561 855 1616 892 sed
1644 870 1713 892 non
1742 856 1916 906 intelligit
1944 857 1985 893 de

1229 904 1352 940 Rheno
1380 906 1537 941 maximo
1565 906 1710 943 flumine
1728 935 1738 952 ,
1775 908 1868 955 quod
1895 907 1985 943 olim

1226 954 1408 990 dividebat
1444 958 1671 992 Germaniam
1700 972 1718 993 a
1755 958 1899 994 Gallia.
1935 961 1982 994 Et

1227 1005 1286 1041 iste
1329 1008 1443 1041 Renus
1485 1007 1755 1043 Bononienfium
1801 1008 1904 1043 habet
1947 1022 1983 1044 a-

1199 1084 1201 1099 ,
1228 1069 1330 1102 quam
1361 1057 1487 1092 bonam
1515 1071 1585 1093 non
1613 1057 1724 1094 solum
1763 1058 1983 1107 potabilem,

1199 1132 1201 1149 :
1227 1107 1281 1142 sed
1310 1106 1350 1142 ad
1379 1108 1588 1144 Molendina
1605 1135 1615 1152 ,
1653 1109 1885 1157 pulcherrime
1912 1109 1983 1145 uti-

1228 1159 1297 1193 lem
1335 1157 1376 1192 ad
1415 1159 1616 1194 molendum
1659 1159 1904 1203 frumentum,
1942 1159 1984 1194 ad

1227 1208 1424 1244 faciendum
1453 1208 1616 1253 siricum,
1656 1209 1694 1246 ὃς
1722 1211 1762 1246 ad
1793 1211 1863 1246 alia
1891 1211 1981 1246 mul—

1199 1278 1201 1288 =
1227 1269 1262 1294 ta
1291 1259 1473 1296 necessaria
1501 1260 1541 1295 ad
1570 1260 1851 1297 sustentationem
1872 1262 1905 1296 8<
1925 1274 1984 1296 01·-

1227 1319 1347 1345 natum
1386 1310 1556 1347 humanae
1591 1312 1703 1347 vitae.
1740 1312 1858 1347 Habet
1884 1312 1918 1346 8<
1946 1324 1982 1346 a-

1227 1361 1315 1396 lium
1345 1360 1516 1401 fluvium,
1544 1362 1605 1409 qui
1630 1362 1761 1397 dicitur
1787 1364 1918 1397 Savena
1939 1374 1981 1397 ex

1226 1411 1297 1458 alio
1333 1412 1440 1447 latere
1477 1412 1635 1447 Orientis
1673 1414 1789 1448 versus
1827 1415 1981 1447 Roman-

1225 1461 1378 1496 diolam.
1400 1462 1517 1497 Habet
1537 1463 1570 1497 ἃ
1593 1462 1700 1498 alium
1724 1476 1868 1510 parvum
1889 1464 1981 1497 Tor-

1226 1520 1384 1550 rentem,
1413 1511 1475 1559 qui
1501 1512 1633 1548 dicitur
1661 1512 1800 1561 Aposa,
1837 1512 1898 1560 qui
1926 1512 1981 1548 in-

1226 1561 1370 1597 tersecat
1410 1561 1547 1610 ipsam.
1590 1563 1707 1598 Habet
1744 1562 1781 1599 διε
1823 1570 1982 1598 montem

1226 1611 1378 1648 fertilem
1406 1614 1439 1648 &
1468 1626 1653 1649 amoenum
1682 1628 1700 1649 a
1737 1622 1831 1661 parte
1868 1612 1982 1649 bleri—

1226 1662 1323 1702 diei,
1366 1663 1427 1709 qui
1468 1663 1513 1698 est
1553 1663 1644 1711 quali
1683 1665 1824 1711 clypeus
1861 1672 1983 1699 contra

1227 1723 1372 1748 ventum
1401 1714 1564 1748 Austrum
1583 1740 1592 1757 ,
1629 1727 1732 1761 quem
1762 1713 1899 1749 Auctor
1930 1722 1983 1749 te-

1226 1763 1311 1811 tigit
1354 1763 1513 1798 faciendo
1553 1764 1770 1799 mentionem
1816 1764 1858 1800 de
1903 1765 1983 1800 loco

1227 1813 1396 1849 Salsarum
1412 1841 1421 1857 ,
1450 1814 1510 1861 qui
1531 1814 1576 1850 est
1598 1828 1704 1850 unum
1734 1814 1983 1863 praecipitium

1472 1866 1526 1899 Ex
1553 1864 1608 1900 his
1646 1864 1842 1900 breviffime
1878 1865 1981 1900 habes

1228 1915 1382 1949 nobilem
1429 1913 1530 1950 situm
1577 1914 1677 1962 hujus
1723 1914 1982 1951 amoeniffimae

1228 1964 1420 2004 Civitatis,
1457 1965 1554 2013 cujus
1591 1964 1812 2001 fertilitatem
1849 1967 1883 2001 δε
1920 1966 1981 2001 bo—

1228 2015 1377 2050 nitatem
1413 2015 1452 2051 in
1489 2015 1653 2052 omnibus
1689 2017 1788 2052 rebus
1815 2029 1886 2051 non
1923 2016 1981 2052 de·-

1228 2065 1362 2106 selibo,
1390 2074 1465 2102 tum
1495 2067 1588 2114 quod
1617 2066 1754 2103 viderer
1779 2067 1936 2103 recedere
1963 2080 1982 2102 a

1230 2091 1444 2174 proposito,
1478 2126 1553 2152 tum
1597 2117 1679 2165 quia
1721 2118 1900 2153 notorium
1937 2117 1982 2153 est

1227 2166 1326 2203 omni
1372 2167 1510 2203 nationi
1555 2167 1591 2203 in
1638 2176 1717 2204 toto
1761 2168 1982 2208 Occidente,

1228 2217 1321 2265 quod
1351 2216 1390 2254 δε
1424 2218 1536 2266 ipsum
1566 2232 1692 2255 nomen
1721 2218 1878 2256 testatur.
1918 2219 1983 2254 Di-

1229 2268 1320 2304 citur
1347 2269 1441 2305 enim
1473 2270 1654 2310 Bononia,
1684 2269 1777 2317 quasi
1807 2271 1895 2305 bona
1925 2282 1982 2316 per

1228 2319 1371 2355 omnia.
1411 2320 1493 2355 Ideo
1530 2321 1615 2355 bene
1642 2321 1686 2355 est
1713 2321 1875 2356 omnibus
1910 2320 1981 2353 lin-

1228 2371 1304 2419 guis
1333 2370 1503 2406 laudanda
1541 2371 1701 2406 Bononia
1739 2369 1897 2418 pinguiS.
1932 2371 1981 2404 Et

1228 2420 1413 2456 confirmat
1450 2421 1640 2458 Veneticus
1681 2421 1813 2458 dietum
1853 2418 1981 2469 suumg

1229 2472 1318 2507 unde
1345 2473 1456 2508 dicit·

1278 2523 1392 2558 Recati
1417 2538 1437 2557 ι
1463 2532 1562 2558 mente
1588 2522 1615 2556 il
1645 2520 1741 2564 nostro
1767 2533 1865 2556 avaro
1889 2520 1983 2563 seno,

1852 2570 1935 2607 idest
