2216 3105
414 221 498 270 655

356 323 462 358 stum.
506 323 556 360 ita
585 323 643 359 iste
671 325 759 373 apud
788 327 1000 380 Lugdunum
1029 338 1111 360 con-

356 374 540 410 demnavit
584 374 706 423 injuste
742 375 841 411 istum
888 386 1111 411 innocentem

355 425 410 458 Μ
417 425 443 458 l
448 433 518 460 tem
556 425 686 461 Christi
727 426 953 475 &pugilem
994 426 1112 461 Fidei.

355 475 403 509 Et
431 473 516 511 sicut
546 477 678 511 Pilatus
716 476 800 512 fecit
840 477 979 525 alligari
1007 476 1113 512 chri-

355 524 441 559 stum
489 525 530 561 ad
578 527 799 570 columnam,
846 525 884 562 ἃ
927 527 1075 562 ετυιίεὶίῑ
1078 540 1113 562 er

357 573 548 618 flagellari:
588 576 639 611 ita
679 577 861 624 Philippus
899 576 985 613 fecit
1012 576 1109 611 istum

355 626 591 673 protefflorem
629 625 760 662 Christi
798 626 936 674 alligari
975 626 1015 661 ad
1054 640 1109 673 pa-

356 676 452 719 lum,
489 678 521 711 &
561 677 748 711 crudeliter
789 678 1003 711 concremari
1033 690 1110 711 cum

355 724 485 766 sociis,
513 740 583 761 non
612 735 797 761 contentus
827 727 941 773 primo
970 725 1113 762 Bonifa-

353 774 445 809 cium
477 776 598 821 cepisse
627 789 685 824 per
705 776 875 812 Sciarram
901 776 941 812 de
960 777 1112 813 Colum-

353 836 415 860 na.
447 826 545 861 Dicit
572 838 675 875 ergo:

404 896 420 902 —
447 897 463 903 —
489 897 506 903 —
531 899 547 903 -
573 878 602 911 s>
628 878 768 919 crudele,

404 927 469 960 Che
495 928 539 962 cia
566 933 615 962 nol
637 928 730 973 sazia
746 941 760 961 .·

355 975 511 1022 scilicet,
539 979 660 1013 acerba
689 991 780 1013 mors
811 978 1006 1015 Bonifacii:

404 1049 422 1053 -
447 1049 463 1054 —
490 1050 506 1055 -
532 1050 548 1055 —
576 1043 626 1063 ma
652 1030 746 1074 senza
771 1031 887 1064 decreto

404 1081 502 1114 Porta
530 1081 579 1114 nel
606 1081 732 1126 Tempie
759 1083 788 1113 le
814 1081 923 1127 cupide
948 1080 1019 1114 vele

353 1127 459 1168 Idest,
488 1142 607 1165 contra
636 1131 886 1177 Templarios‚
924 1131 985 1178 qui
1013 1139 1110 1166 erant

353 1178 539 1215 (litiffimi.
567 1183 613 1216 Et
641 1180 729 1216 dicit
750 1181 850 1225 senza
876 1181 1017 1216 decreto:
1057 1181 1111 1216 di·

353 1240 436 1265 cunt
457 1231 590 1278 aliqui.
619 1230 776 1274 scilicet,
806 1233 938 1278 Papae,
966 1231 1020 1266 sed
1040 1244 1110 1266 non

354 1282 466 1330 beneg
495 1295 577 1328 quia
608 1283 697 1329 Papa
725 1281 792 1316 hoc
820 1281 1010 1317 consensu.
1047 1282 1109 1317 Sed

353 1333 431 1367 vult
459 1332 599 1371 dicere,
637 1332 786 1380 injuste,
826 1333 908 1378 quia
936 1332 1021 1367 fecit
1049 1331 1109 1367 sibi

353 1382 393 1417 de
423 1383 607 1418 voluntate
635 1384 770 1431 legem,
798 1383 831 1417 δε
854 1384 894 1418 de
918 1382 1032 1418 furore
1052 1383 1110 1417 de-

354 1442 507 1468 cretum.
535 1436 632 1469 Haec
660 1433 749 1468 faffla
778 1432 855 1467 sunt
885 1433 921 1468 in
950 1435 1111 1469 MCCC-

357 1485 435 1518 VII.
464 1486 508 1518 Et
537 1484 718 1519 concludit
748 1486 826 1530 Ugo
855 1493 995 1530 propter
1030 1483 1109 1518 hor-

355 1534 456 1569 renda
487 1544 624 1582 peccata
646 1535 746 1582 hujus
783 1533 940 1581 Philippi
961 1533 1110 1581 apostro—

356 1584 462 1632 phans
491 1585 531 1620 ad
561 1587 695 1619 Deum:

404 1639 430 1668 Ο
456 1637 573 1681 Signor
599 1634 658 1667 mio
684 1654 871 1661 —————

357 1684 493 1720 scilicet
508 1712 518 1728 ,
549 1687 666 1720 Deus:

405 1755 593 1762 -----
619 1736 744 1782 quando
764 1735 836 1779 sar&
864 1735 892 1769 1'0
918 1735 1010 1773 licto,

356 1784 511 1825 scilicet,
538 1786 684 1834 egressus
712 1786 817 1824 hinc,
844 1795 960 1819 tecum
982 1785 1020 1819 in
1045 1786 1111 1819 Pa-

357 1835 468 1870 radiso
484 1848 493 1869 ε

404 1889 451 1920 A
468 1887 565 1920 veder
589 1904 860 1915 -------

357 1935 392 1971 in
421 1946 476 1980 te,
505 1935 589 1972 ficut
616 1936 654 1972 in
683 1936 846 1985 speculo:

406 2007 591 2015 -----
617 1989 652 2021 la
677 1989 828 2021 vendetta
854 2006 870 2011 -
896 2006 912 2012 -
939 2006 956 2012 -
980 2005 999 2012 -

358 2050 443 2084 quae
471 2038 543 2073 cito
571 2038 638 2073 erit
665 2037 706 2073 de
736 2036 923 2084 Philippo:

406 2108 592 2116 -----
619 2089 670 2123 che
697 2087 818 2132 nascosa

356 2138 438 2173 idest
452 2166 463 2183 ‚
490 2141 654 2174 occulta:

408 2192 459 2224 Fa
485 2191 569 2224 dolce
595 2189 618 2224 l’
631 2191 680 2225 ira
707 2200 763 2224 tua
790 2189 841 2223 nel
866 2198 918 2222 tuo
939 2188 1081 2232 secreto?

358 2242 403 2275 Et
430 2240 508 2276 heic
536 2249 618 2276 nota
635 2268 646 2285 ,
688 2239 782 2287 quod
824 2240 929 2274 Poeta
957 2238 1115 2284 loquitur

360 2290 435 2325 heic
482 2293 640 2327 occulte.
691 2291 786 2336 Quia
827 2289 965 2336 quando
1008 2289 1114 2324 homo

360 2342 466 2388 passus
494 2342 681 2390 injuriam,
721 2341 785 2376 scit
821 2341 854 2375 ἃ
897 2339 1115 2385 recognoscit

357 2392 451 2426 vind:
459 2391 510 2427 &a
498 2406 576 2431 m,
603 2405 707 2440 quam
736 2390 890 2436 faciliter
915 2390 948 2424 8<
970 2389 1044 2424 cito
1065 2388 1115 2424 fa-

356 2442 425 2477 ciet
452 2442 492 2477 de
520 2444 606 2482 illo,
634 2444 785 2478 laetatur
806 2441 843 2476 in
865 2439 996 2475 secreto
1017 2452 1115 2474 men-

355 2493 402 2528 tis
446 2491 544 2528 suae.
591 2495 636 2527 Et
676 2493 785 2527 dicit:
836 2490 934 2525 Vade
976 2498 1114 2525 tantum

356 2556 433 2578 cum
465 2545 562 2582 Deo,
599 2542 681 2590 quia
718 2543 804 2577 bene
845 2541 979 2576 solvam
1021 2540 1114 2576 tibi.

356 2593 409 2629 lta
445 2607 463 2629 a
491 2593 598 2629 fimili
625 2592 715 2628 dicit
753 2591 812 2627 iste
849 2591 890 2627 de
931 2590 983 2627 ira
1023 2590 1115 2635 Dei,

727 213 1161 258 BENVENUTI
1205 214 1615 261 IMOLENSIS

358 272 440 320 juste
468 271 718 309 condemnavit
754 274 976 310 innocentem
1006 275 1112 311 Chri-
1135 274 1192 310 ·A¹
1218 287 1304 321 quae
1332 277 1450 312 veniet
1477 277 1580 324 juste,

1618 275 1656 313 &
1685 275 1720 311 in
1758 235 1889 322 brevi,5
1917 279 1972 316 su-

1218 338 1275 373 per
1305 325 1505 374 Philippum
1534 330 1566 362 3<
1597 329 1729 385 prolem
1768 327 1890 372 suam,
1932 339 1972 366 ut

1216 376 1349 412 dicetur
1389 377 1449 413 suo
1485 379 1566 414 loco
1602 380 1639 414 in
1668 376 1837 428 praesenti
1874 392 1972 415 com-

1216 427 1283 475 pil..
1292 429 1406 464 tione.

1325 481 1386 513 ..fii
1411 481 1506 514 Cant.
1536 481 1659 515 XXIII.
1689 480 1771 524 Verfi
1799 491 1858 528 37.

1265 528 1328 562 Gi&
1354 542 1406 564 era
1433 530 1466 564 in
1492 531 1661 570 ammirar,
1701 532 1752 565 che
1790 532 1819 564 s)
1841 531 1893 578 gli
1919 530 1970 574 as⁴

1309 578 1422 622 fama,

1217 628 1322 663 Poeta
1343 628 1539 664 introducit
1573 643 1680 665 unum
1702 630 1862 677 spiritum
1895 644 1972 666 mo-

1215 678 1397 713 dernorum
1441 677 1669 727 gulosorum3
1713 680 1768 715 seu
1804 682 1969 717 describit

1216 741 1321 762 unum
1359 727 1520 774 spiritum
1559 729 1763 764 modernum
1802 731 1844 765 de
1882 731 1971 766 setta

1215 776 1434 825 gulosorum.
1481 777 1539 812 Ad
1590 779 1686 827 cujus
1729 779 1970 827 cognitionem

1215 828 1259 862 est
1287 828 1400 874 primo
1428 826 1631 868 sciendum,
1672 829 1765 876 quod
1806 829 1866 865 iste
1902 830 1971 865 fuit

1215 877 1357 925 quidam
1385 878 1543 913 concivis
1580 878 1679 923 suus,
1720 880 1864 915 nomine
1905 883 1974 916 Fo

1215 928 1341 968 tesius,
1382 928 1525 964 natione
1554 929 1804 973 Florentinus,
1846 929 1884 967 &
1912 944 1973 979 ge-

1215 992 1294 1013 nere
1335 978 1487 1023 nobilis,
1529 978 1633 1015 frater
1673 980 1791 1016 famosi
1833 945 1970 1016 Miligtis

1215 1027 1330 1064 Curfii
1357 1029 1398 1064 de
1427 1030 1602 1068 Donatis‚
1631 1030 1761 1066 amicus
1789 1029 1827 1066 &
1855 1030 1970 1066 affinis

1216 1079 1318 1114 nostri
1348 1081 1499 1115 Poetae.
1536 1083 1627 1116 Cum
1666 1094 1735 1128 quo
1763 1082 1901 1117 vixerat
1928 1081 1971 1117 ad

1215 1140 1350 1178 tempus
1378 1130 1620 1166 familiariter.
1648 1134 1694 1167 Et
1721 1132 1803 1178 quia
1825 1140 1972 1168 noverat

1214 1193 1291 1215 eum
1322 1182 1474 1216 multum
1510 1181 1675 1217 laborasse
1712 1182 1803 1217 vitio
1844 1184 1972 1231 gulae,

1214 1231 1298 1267 licet
1326 1231 1407 1267 esset
1435 1231 1538 1267 aliter
1565 1232 1622 1268 vir
1649 1233 1780 1272 bonus,
1808 1232 1886 1269 ideo
1914 1232 1971 1269 in-

1214 1281 1369 1317 troducit
1405 1295 1483 1318 eum
1526 1281 1602 1318 heic
1639 1282 1691 1318 ita
1733 1293 1970 1319 maceratum.

1215 1334 1259 1367 Et
1303 1332 1417 1379 primo
1454 1333 1622 1373 ostendit,
1660 1334 1837 1381 quomodo
1865 1333 1972 1370 fuerit

1214 1382 1327 1430 primo
1356 1383 1518 1431 cognitus
1546 1385 1587 1419 ab
1615 1383 1702 1425 illo,
1729 1384 1867 1420 dicens:

1263 1437 1325 1467 Per
1351 1434 1385 1467 la
1411 1433 1637 1479 cagion'ancor
1663 1448 1723 1469 non
1751 1434 1949 1478 manifesta,·

1213 1482 1253 1517 de
1279 1483 1385 1517 odore
1413 1496 1598 1530 pomorum
1627 1485 1659 1518 8<
1689 1497 1818 1530 aquae:

1461 1534 1523 1567 Ad
1551 1534 1632 1577 Vers.
1659 1534 1721 1580 75.

1263 1585 1310 1617 Et
1335 1582 1399 1629 egli
1425 1596 1444 1616 a
1474 1596 1520 1616 me
1546 1604 1822 1611 -------

1214 1633 1305 1668 Heic
1343 1635 1448 1668 Poeta
1476 1632 1579 1680 ponit
1619 1633 1871 1679 responsionem
1900 1636 1969 1670 Fo-

1213 1682 1287 1718 refii
1314 1683 1355 1718 ad
1384 1683 1436 1722 se,
1464 1683 1525 1730 qui
1554 1684 1708 1718 breviter
1734 1683 1850 1723 dicit,
1877 1684 1970 1730 quod

1214 1731 1409 1767 intercessio
1450 1733 1569 1767 uxoris
1611 1732 1687 1768 suae
1737 1733 1842 1769 citius
1884 1733 1969 1770 fecit

1215 1795 1292 1817 eum
1321 1782 1520 1818 ascendere.
1564 1783 1620 1818 Ad
1650 1783 1740 1831 quod
1770 1783 1971 1828 sciendum,

1215 1832 1307 1889 quod
1354 1834 1506 1868 Foressus
1548 1833 1718 1882 praefatus
1764 1833 1888 1870 habuit
1933 1834 1971 1870 in

1218 1884 1290 1918 xita
1318 1896 1421 1918 unam
1450 1897 1592 1919 uxorem
1615 1883 1730 1924 suam,
1759 1885 1814 1920 cui
1843 1898 1970 1920 nomen

1216 1933 1284 1968 fuit
1312 1935 1464 1973 Anella,
1505 1935 1632 1969 mulier
1659 1935 1799 1981 quidem
1830 1935 1941 1970 sobria
1962 1958 1973 1973 ‚

1215 1986 1248 2018 δε
1291 1984 1436 2031 pudica,
1481 1997 1568 2030 quae
1604 1994 1836 2032 temperanter
1879 1985 1973 2020 vixit

1216 2047 1293 2069 cum
1323 2035 1385 2068 isto
1411 2035 1554 2083 guloso,
1582 2036 1638 2070 cui
1667 2035 1814 2072 habebat
1842 2035 1972 2079 semper

1217 2098 1414 2142 praeparare
1449 2085 1601 2120 delicata
1642 2085 1794 2121 cibaria:
1839 2085 1875 2120 in
1903 2099 1974 2132 quo

1217 2135 1326 2184 magis
1363 2135 1475 2171 virtus
1516 2135 1588 2183 ejus
1615 2136 1765 2172 enituit.
1815 2138 1861 2170 Et
1889 2135 1973 2172 licut

1215 2185 1252 2221 in
1290 2185 1365 2221 vita
1401 2199 1592 2233 numquam
1634 2187 1780 2221 cessabat
1807 2200 1970 2222 revocare

1216 2249 1294 2271 eum
1323 2237 1364 2271 ab
1391 2250 1503 2272 errore
1532 2236 1619 2280 suo,
1644 2237 1694 2272 ita
1723 2236 1795 2285 post
1822 2247 1973 2272 mortem

1190 2295 1193 2302 ⁴
1217 2300 1405 2334 numquam
1452 2287 1594 2322 cessavit
1647 2300 1745 2322 orare
1793 2300 1854 2335 pro
1905 2299 1970 2335 eog

1190 2303 1323 2383 lquum
1360 2348 1477 2373 tamen
1518 2338 1644 2372 mulier
1684 2336 1792 2372 soleat
1820 2337 1972 2372 faciliter

1190 2382 1379 2460 joblivisci
1409 2388 1564 2435 priorum
1593 2387 1800 2427 affectuum,
1829 2396 1868 2422 ut
1895 2389 1971 2422 Au-

1215 2438 1292 2473 &or
1327 2438 1414 2474 alibi
1451 2439 1519 2486 jam
1562 2437 1681 2473 dixit.
1721 2438 1822 2473 Dicit
1866 2448 1969 2479 ergo:

1190 2465 1261 2544 'Et
1287 2489 1350 2535 egli
1376 2503 1397 2524 a
1423 2502 1491 2533 me,
1518 2488 1659 2537 supple,
1696 2486 1875 2536 respondit
1902 2489 1970 2521 Fo-

1214 2539 1340 2576 refius:

1189 2545 1195 2634 l
1873 2590 1925 2622 La
