2216 3105
429 218 510 257 515

734 200 1175 246 BENVENUTI
1215 200 1630 246 IMOLENSIS

1855 211 1938 260 516

416 262 483 295 Pon
504 270 624 304 mente,
645 259 679 305 se
700 261 735 295 di
754 262 788 296 la
807 262 851 296 mi
869 263 989 304 vedesti
1005 277 1124 311 unque.
1156 264 1209 303 A}
1234 261 1296 298 dus
1324 274 1424 299 natus
1461 262 1506 298 est
1533 277 1576 299 ex
1603 261 1718 299 nobili
1760 263 1916 298 Domina
1953 258 1994 295 de

365 310 536 351 Scilicet,
571 311 609 346 in
637 312 776 347 Mundo
818 312 1036 350 viventium.
1078 317 1124 350 Et

363 361 502 401 subdit,
530 362 708 409 quomodo
736 363 851 409 paruit
874 363 954 406 illi,
982 364 1130 402 dicens;‘

414 411 445 447 1’
456 412 501 446 mi
518 412 602 454 volfi
619 426 677 448 ver
695 414 764 458 lui,
784 415 964 461 eguardail
974 415 1038 460 fiso
1050 443 1060 451 .

364 461 460 498 Cum
499 464 604 499 oculo
641 463 910 513 speculationis,
947 475 986 502 ut
1024 466 1121 503 vide-

363 526 459 557 rem,
487 512 510 548 fi
538 513 665 550 faceret
684 515 726 550 ad
750 515 961 563 propositum
984 529 1097 553 meum
1112 545 1119 553 .

363 564 447 600 Ideo
474 564 587 599 statim
615 564 780 600 describit
816 565 1040 603 Manfredum
1078 569 1119 604 ab

362 614 486 651 habitu
512 614 667 662 corporis
684 641 694 658 ,
721 615 864 651 dicens:

413 665 538 699 Biondo
552 677 604 699 era
614 689 624 704 ,
639 679 655 699 e
669 665 749 700 bello
761 693 770 708 ,
781 679 796 699 e
811 666 846 699 di
861 666 1095 714 gentil’aspetto
1110 695 1118 703 .

362 715 422 751 Ad
449 714 542 762 quod
569 723 674 759 nota,
703 715 796 762 quod
823 716 1027 753 Manfredus
1059 719 1118 754 iste

362 764 431 800 fuit
484 778 628 813 corpore
679 766 848 814 pulcher,
894 768 1042 815 probus,
1084 770 1116 803 8<

360 814 534 864 prudens,
571 814 609 852 &
650 815 719 852 fuit
761 816 937 866 pulsator,
974 828 1116 859 cantor,

361 874 518 911 amator,
553 866 749 915 joculator,
789 868 824 903 &
866 868 1052 904 curialium
1079 868 1116 905 ὃ(

361 919 558 966 pulcrarum
579 919 774 966 puellarum
799 918 951 955 amicus.
979 922 1118 968 Semper

361 967 569 1003 vestiebatur
594 968 743 1004 vestibus
767 968 960 1006 viridibus:
990 970 1117 1006 libera-

360 1019 427 1063 lis,
448 1018 611 1059 curialis,
637 1020 672 1054 ὅ(
697 1020 833 1069 laetus;
862 1020 942 1056 ideo
964 1022 1115 1056 multum

360 1069 522 1105 amabilis
549 1071 583 1105 &
611 1068 800 1119 gratiosus.
829 1070 891 1106 Sed
920 1072 1116 1107 claritatem

360 1120 482 1155 harum
520 1120 694 1156 virtutum
734 1120 1003 1157 dehonestabant
1043 1131 1117 1157 tur—

361 1170 418 1217 pia
445 1170 560 1206 vitia.
588 1173 673 1206 Erat
700 1171 795 1206 enirn
823 1171 1042 1210 luxuriosus,
1070 1174 1117 1207 E—

360 1220 539 1269 picureus,
567 1221 660 1257 nihil
680 1221 860 1270 spirituale
881 1222 1035 1270 sapiens,
1061 1222 1115 1259 sed

361 1271 447 1307 solas
483 1272 684 1320 voluptates
711 1271 866 1321 sestansg
909 1273 1118 1310 ambitiosus

359 1322 492 1362 nimis,
520 1323 657 1358 nullum
684 1322 793 1359 scelus
820 1323 990 1359 omittens
1019 1325 1116 1373 cupi-

359 1373 470 1408 ditate
497 1374 685 1421 regnandi,
722 1383 761 1409 ut
788 1374 850 1421 qui
878 1375 914 1409 in
942 1388 1002 1410 ore
1029 1375 1115 1410 sern-

358 1437 418 1472 per
445 1423 585 1460 haberet
611 1424 702 1460 illud
738 1424 920 1460 Caesaris:
965 1427 1050 1459 Nam
1085 1425 1117 1466 st

357 1475 543 1510 violandum
570 1475 612 1517 est
631 1475 689 1520 jus
704 1500 714 1513 ‚
743 1476 899 1521 regnandi
913 1475 1024 1521 gratini
1042 1476 1115 1509 ὐἱο-

357 1526 488 1559 landum
514 1524 576 1567 est.
604 1526 723 1559 Ceteris
749 1527 837 1559 rebus
858 1525 1010 1571 pietatem
1036 1527 1113 1562 cole.

357 1575 440 1610 Fuit
461 1574 647 1611 ditiffimus
668 1588 710 1610 ex
732 1574 891 1610 thesauro
912 1574 1019 1622 patris
1037 1576 1112 1611 Fri-

356 1625 486 1668 derici,
514 1627 547 1660 8<
576 1625 732 1660 conradi
760 1624 896 1668 fratris,
925 1626 958 1660 &
980 1639 1021 1660 ex
1045 1628 1113 1661 Re-

355 1689 426 1724 gno
466 1675 752 1724 opulentissimo.
802 1677 848 1710 Et
884 1676 921 1710 in
949 1676 1112 1712 omnibus

356 1725 487 1769 bellis,
524 1739 610 1773 quae
652 1725 774 1760 habuit
820 1738 898 1760 cum
936 1726 1138 1766 Ecclefia,‘

354 1775 460 1811 scivit
489 1775 712 1811 laudabiliter
737 1775 926 1823 gubernare
952 1778 1109 1823 Regnum

354 1826 475 1865 suum,
515 1827 549 1861 δ(
577 1826 613 1861 in
643 1827 736 1860 bono
776 1825 861 1861 statu
890 1825 1109 1861 conservare.

354 1878 501 1924 Propter
536 1876 629 1924 quod
668 1877 819 1911 multum
857 1877 1029 1912 exaltatus
1067 1877 1111 1911 est

352 1927 390 1962 in
419 1927 577 1975 potentia
615 1927 763 1962 mari&
801 1936 910 1962 terra.
951 1926 1108 1963 Manfre—

352 1977 414 2012 dus
441 1977 525 2013 fecit
553 1976 753 2013 Civitatem
783 1976 963 2026 antiquam
984 1978 1109 2025 Sipon-

352 2028 381 2064 ti
409 2027 446 2063 in
475 2028 629 2077 Apulia,
666 2041 755 2074 quae
791 2037 932 2076 propter
968 2029 1106 2076 paludes

351 2078 500 2114 habebat
527 2084 638 2114 aerem
666 2078 868 2117 infirmum,

351 2180 419 2215 duo
448 2179 616 2215 milliaria
643 2179 680 2214 in
709 2180 782 2227 ripa
809 2179 935 2223 maris,
963 2193 1066 2227 quam
1088 2194 1105 2215 a

350 2230 410 2265 suo
446 2230 589 2265 nomine
616 2229 898 2265 Manfredoniam
936 2230 1105 2266 vocavit.

350 2282 397 2315 Et
424 2279 506 2315 fecit
535 2280 585 2315 ibi
615 2282 759 2315 Portum
788 2293 866 2314 cum
904 2293 1004 2315 muro
1032 2294 1106 2316 am-

349 2330 503 2378 pliffimo
544 2330 637 2366 intra
663 2343 779 2368 mare,
815 2343 919 2376 quem
963 2332 1104 2366 Molum

349 2389 500 2416 vocant.
536 2382 582 2415 Et
619 2380 772 2416 breviter
812 2380 919 2428 potest
955 2380 1027 2415 dici
1064 2381 1105 2416 de

350 2430 537 2466 manfredo
572 2431 683 2470 illud,
724 2430 817 2477 quod
859 2429 948 2465 dicit
975 2431 1103 2466 Livius

350 2481 393 2517 de
419 2481 618 2517 Annibale.
646 2485 716 2515 Has
743 2480 943 2517 tantas,viri
967 2482 1103 2515 Virtutes

908 2079 942 2113 δε
971 2079 1108 2114 carebat
1133 2064 1134 2087 ³
1152 2028 1198 2104 El

352 2131 484 2165 Portu.
512 2131 558 2164 Et
586 2129 762 2164 transtulit
787 2128 897 2177 ipsam
924 2130 1028 2177 longe
1049 2143 1108 2177 per
1132 2155 1133 2160 ,

1233 313 1500 350 Marchionibus
1536 314 1574 349 in
1615 312 1860 356 Lombardia‚
1910 325 1989 349 eum

1234 377 1300 411 qua
1328 364 1524 400 fridericus
1550 378 1624 401 rem
1654 364 1797 401 habuit.
1833 365 1880 399 Et
1907 362 1991 412 quia.

1235 417 1338 450 Poe'ta
1375 416 1540 464 tetigerat
1580 414 1853 457 pulcritudinem
1883 416 1989 450 Man-

1232 464 1340 505 fredi,
1376 466 1491 502 statim
1528 467 1699 511 ostendit,
1741 467 1894 515 qualiter
1929 466 1990 503 ista

1233 516 1432 564 pulcritudo
1459 518 1492 552 δε
1520 518 1651 554 nobilis
1693 517 1847 564 aspeeius
1875 517 1988 552 defor-

1232 576 1325 602 mata
1351 567 1430 602 sunt
1466 568 1504 603 in
1531 579 1644 604 morte
1671 568 1769 604 illius
1806 568 1988 611 violenta,

1233 619 1332 652 unde⁴
1348 617 1458 652 dicit:

1281 670 1345 701 Ma
1363 666 1386 700 l'
1403 679 1444 700 un
1463 666 1511 700 de'
1523 667 1599 713 cigli
1613 681 1656 702 un
1670 670 1752 714 colpo
1766 682 1848 703 avea
1861 669 1967 713 divisi)
1978 694 1988 705 .

1232 717 1340 760 Idest,
1368 717 1496 752 vulnus
1522 716 1631 760 enfis,
1671 717 1722 752 ita
1763 718 1858 764 quod
1885 718 1987 753 habe-

1230 767 1288 802 bat
1315 775 1454 814 turpem
1482 766 1683 803 cicatricem
1711 766 1749 802 in
1777 766 1887 803 facie.

1280 816 1412 863 Quand’
1424 818 1452 851 io
1479 838 1752 845 -------

1229 868 1321 902 Heic
1351 869 1456 903 Poeta
1483 868 1658 912 ostendit,
1694 867 1846 916 qualiter
1881 870 1988 906 Man-

1228 917 1342 954 fredus
1387 918 1658 955 manifestaverit
1699 920 1732 955 se
1772 918 1858 963 fibi,
1904 921 1988 968 quia

1227 967 1299 1016 ipse
1340 981 1411 1004 non
1457 969 1686 1018 cognoscebat
1730 981 1831 1006 eum.
1884 970 1987 1005 Unde

1228 1018 1337 1054 dicit:
1491 1049 1494 1051 Α

1279 1070 1852 1116 --÷--—Eidiffe-----

1227 1119 1392 1165 Scilicet,
1420 1120 1483 1156 ille
1510 1120 1716 1157 Manfredus
1744 1120 1856 1156 mihi:

1277 1192 1590 1198 --------
1615 1176 1660 1206 Or
1684 1172 1782 1216 vedi,

1275 1224 1309 1256 E
1339 1222 1524 1264 mostremmi
1551 1236 1615 1258 una
1647 1223 1747 1270 piaga
1775 1236 1796 1257 a
1814 1221 1934 1270 memo
1958 1222 1984 1256 il

1348 1283 1428 1308 etto.
1778 1284 1780 1286 ’

1226 1323 1279 1357 Ita
1319 1283 1413 1370 guod
1451 1322 1591 1359 videtur
1624 1322 1779 1358 habuiffe
1821 1321 1985 1357 mortalia

1225 1373 1368 1409 vulnera
1395 1373 1432 1408 in
1462 1375 1617 1419 proelio,
1645 1384 1751 1407 unum
1781 1370 1878 1419 supra
1897 1384 1982 1406 ocu-

1224 1423 1320 1466 lum,
1361 1423 1455 1458 aliud
1484 1423 1582 1471 supra
1609 1435 1691 1466 cor,
1731 1420 1792 1457 ubi
1831 1421 1878 1457 est
1903 1420 1981 1456 fons

1224 1481 1335 1508 totius
1365 1484 1478 1508 vitae.

1274 1522 1407 1569 Quana'
1419 1524 1449 1558 io
1465 1523 1510 1556 mi
1522 1523 1578 1567 sui
1591 1522 1772 1557 umilmente
1785 1522 1943 1566 disdetm,

1226 1571 1407 1622 Dicend03
1446 1586 1515 1608 nou
1554 1573 1629 1608 vidi
1658 1582 1693 1608 te
1734 1585 1909 1619 unquam,
1945 1573 1980 1607 ὃ(

1223 1633 1419 1658 reverenter
1445 1651 1455 1667 ,
1497 1633 1638 1671 propter
1679 1623 1844 1670 Regalem
1887 1621 1981 1671 aspe-

1222 1672 1317 1708 &um
1335 1701 1342 1709 .
1371 1673 1478 1708 Unde
1506 1673 1593 1708 dicit
1613 1685 1622 1707 :

1273 1723 1317 1758 D’
1328 1725 1437 1759 averlo
1454 1723 1535 1765 visto
1554 1723 1620 1758 mai
1643 1742 1833 1749 -----

1221 1773 1330 1817 Idest‚
1359 1773 1481 1808 vidisse
1507 1785 1674 1820 umquam
1701 1772 1812 1821 ipsum
1835 1771 1980 1807 vivum.

1222 1826 1268 1859 Et
1304 1837 1427 1860 verum
1462 1824 1552 1859 dicit
1590 1826 1716 1866 Poeta,
1759 1822 1841 1870 quia
1878 1835 1980 1858 nurn-

1222 1887 1327 1921 quam
1355 1875 1491 1910 viderat
1510 1888 1612 1918 eum,
1641 1887 1751 1920 neque
1773 1872 1895 1907 vidiffe
1916 1885 1979 1920 po-

1222 1934 1353 1960 tuerat.
1399 1925 1579 1970 Quoniam
1630 1926 1762 1959 Dantes
1803 1931 1906 1957 natus
1933 1922 1979 1957 est

1195 2011 1197 2021 ¹
1221 1989 1262 2010 eo
1290 1978 1420 2016 Anno,
1457 1988 1527 2022 quo
1557 1983 1713 2010 mortuus
1750 1972 1795 2009 est
1821 1970 1978 2008 Manfre-

351 2545 466 2580 magna
494 2531 583 2567 Vitia
607 2532 783 2577 aequabant
799 2557 809 2565 .
848 2531 921 2567 Hic
948 2531 1104 2568 Manfre·
1129 2541 1134 2567 f

1222 2025 1304 2060 dus.
1331 2028 1378 2060 Et
1406 2025 1542 2064 subdit,
1570 2024 1748 2072 quomodo
1774 2022 1979 2058 Manfredus

1222 2075 1397 2124 descripsit
1423 2075 1455 2111 se
1483 2089 1501 2111 a
1529 2075 1699 2116 nomine,
1741 2075 1782 2110 ab
1819 2073 1978 2121 origine,

1221 2140 1239 2161 a
1268 2126 1380 2162 vitio.
1406 2128 1454 2162 Et
1480 2125 1569 2162 dicit
1597 2125 1771 2170 breviter,
1814 2123 1907 2172 quod
1935 2122 1979 2158 est

1221 2176 1450 2216 Manfredus‚
1478 2190 1583 2225 nepos
1611 2175 1834 2213 Constantiae
1864 2177 1977 2221 Impe-

1220 2227 1377 2263 ratricis.
1406 2227 1463 2263 Ad
1491 2228 1586 2277 cujus
1615 2228 1737 2263 literae
1762 2224 1978 2262 evidentiam

1221 2279 1264 2314 est
1292 2278 1491 2323 sciendum,
1519 2279 1610 2326 quod
1634 2278 1829 2314 Fridericus
1851 2277 1896 2311 ΙΙ.
1917 2287 1977 2309 na—

1222 2339 1277 2364 tus
1317 2343 1359 2365 ex
1403 2328 1611 2365 Constantia
1651 2331 1684 2365 δ(
1714 2328 1872 2365 Henrico
1899 2325 1977 2361 filio

1222 2381 1462 2423 Barbaroffae,
1490 2391 1529 2416 ut
1553 2380 1690 2416 dicetur
1710 2379 1844 2428 plenius
1867 2375 1974 2411 Cant.

1222 2432 1284 2465 III.
1314 2431 1483 2475 Paradifi‚
1521 2431 1590 2467 fuit
1626 2431 1756 2467 eleffius
1783 2432 1975 2475 Imperator

1220 2490 1340 2516 contra
1368 2484 1539 2518 Ottonem
1569 2484 1632 2517 IV.
1659 2484 1692 2517 δε
1722 2489 1904 2516 coronatus
1939 2477 1973 2510 δε

1220 2531 1437 2568 consecratus
1478 2534 1520 2567 ab
1560 2531 1724 2568 Honorio
1761 2531 1825 2565 ΙΙΙ.
1849 2529 1976 2613 DAnno

1887 2591 1923 2613 ο-
