2216 3105
282 215 334 254 28

227 225 364 318 Regis}
387 279 512 314 quem,
549 267 621 312 post
648 268 892 309 Salomonem,
921 268 979 300 Sa-

226 317 477 368 pientiffimum
515 317 691 363 praedicat
719 316 872 352 constans
900 315 979 362 opi-

227 362 289 405 nid
316 368 566 415 plurimorum:
605 369 652 402 Et
678 366 838 401 Andreae
876 365 980 413 Regis

226 417 449 463 Hungariae,
477 417 574 464 cujus
601 431 690 452 uxor
718 416 881 456 Beatrix,
911 416 980 464 pri-

226 469 277 504 mi
305 467 566 502 Aldrovandini
604 466 705 507 fiiia,
746 469 824 502 vere
862 467 981 505 beata,

227 518 250 553 fi
280 517 402 553 Virtus
430 517 568 552 heroica
596 518 731 553 beatam
756 517 892 553 efficere
920 529 981 564 po—

228 568 311 610 test,
349 567 475 602 mulier
511 567 688 612 animosa,
726 582 743 603 a
781 576 921 616 paterna
949 568 982 601 &

230 618 327 653 avita
363 617 552 653 nobilitate
588 632 658 654 nori
695 619 867 667 degener,
904 617 982 652 viro

229 667 290 704 suo
319 670 412 716 Rege
440 667 516 703 sene
543 668 616 704 fato
643 668 787 712 sumito,
815 682 857 703 ex
885 667 983 703 illius

230 718 383 761 semine,
420 717 479 753 suo
517 719 583 766 jam
612 727 712 755 utero
749 717 984 761 tumescente,

231 768 374 804 virilem
411 768 571 804 habitum
608 778 787 809 mutuata,
824 777 863 804 ut
895 778 985 804 tem-

232 819 326 867 poris
371 817 548 854 necessitas
594 819 754 855 suadebat
780 847 789 861 ,
836 818 986 854 custodia

234 868 395 916 Privigni
433 868 574 905 solerter
609 871 730 910 elusa,
767 871 804 905 in
841 872 986 906 Germa-

233 919 327 955 niam
357 919 632 967 commigravit,
669 920 758 956 unde
786 919 827 955 ad
856 920 987 965 primos

234 971 321 1005 lares
341 970 375 1003 &
396 969 508 1004 tutior
528 968 566 1005 &
586 970 732 1006 liberior
753 969 966 1005 commeavit
979 996 987 1004 .

289 1021 468 1054 Praetereo
484 1019 646 1067 rescripta
663 1020 866 1066 Principum
880 1048 890 1063 ,
912 1019 989 1055 Pri-

236 1068 368 1115 vilegia
396 1068 636 1114 Pontificum,
671 1070 798 1118 quibus
835 1083 906 1107 non
933 1083 990 1119 ge-

235 1118 311 1154 neri
349 1120 426 1166 plus
462 1119 614 1155 eximiae
659 1120 829 1156 claritatis
878 1133 992 1156 accre-

236 1169 317 1204 vit.
355 1171 400 1203 Et
429 1182 470 1204 ne
499 1171 596 1217 plura
623 1178 764 1206 tuorum
799 1170 994 1219 praedeces-

240 1219 355 1254 sorum
393 1219 480 1266 gesta
517 1221 740 1256 memoranda
776 1235 995 1269 percurram,

239 1268 402 1315 quamvis
441 1267 645 1304 Clementia
680 1270 718 1305 δε
755 1272 996 1315 Liberalitas,

240 1319 380 1366 propria
408 1318 532 1353 Virtus
561 1319 789 1367 Principum,
817 1321 909 1368 quafi
937 1321 997 1356 he-

237 1368 403 1403 reditaria
429 1367 504 1415 ipso
538 1369 610 1416 jure
638 1379 780 1405 naturae
807 1370 844 1406 in
872 1370 995 1405 Estenfi

242 1417 395 1454 Familia
422 1416 555 1466 semper
580 1419 773 1463 effulserit,
800 1420 838 1456 in
866 1423 921 1456 Te
943 1429 996 1455 ta-

242 1481 321 1503 men
350 1476 495 1515 utraque
523 1477 598 1503 tota
635 1470 836 1513 confluxit,
873 1470 997 1506 incon-

241 1518 339 1553 vulse
366 1526 428 1553 tuo
456 1518 589 1565 peffiori
617 1519 795 1560 radicata,
833 1530 872 1556 ut
907 1521 999 1556 omi—

240 1567 342 1604 serim
371 1577 524 1610 ceteras„
552 1570 781 1616 Aequitatem
801 1599 809 1611 ,
847 1572 999 1607 Pruden-

242 1618 353 1658 tiam,
373 1618 602 1659 Modestiam‚
621 1621 861 1657 Constantiam
875 1650 885 1665 ‚
913 1636 1000 1669 quae

241 1680 305 1703 nec
342 1667 544 1704 succeffibus
588 1670 757 1718 prosperis
794 1672 1000 1712 insolescit,

243 1730 306 1752 nec
334 1717 480 1753 adverfis
507 1719 684 1756 hebescit.
721 1723 779 1757 Tu
818 1721 1000 1758 florentem

245 1775 394 1802 aetatem
418 1769 588 1815 praeclara
610 1783 745 1806 morum
766 1771 885 1808 indole
906 1780 1002 1820 prae-

245 1816 396 1864 fignasti.
425 1818 572 1855 Robusta
593 1833 697 1861 vero,
725 1821 926 1868 ingentibus
947 1836 1002 1858 ce—

247 1867 378 1902 lebrata
405 1868 585 1916 tropheis‚
622 1870 664 1906 de
691 1871 861 1908 vitiorum
899 1873 1003 1909 hosti-

249 1916 353 1952 litate
389 1919 578 1955 merentius
605 1921 866 1970 triumphavit,
905 1924 1002 1970 juxta

250 1966 462 2015 praesagium
487 1969 540 2005 tui
567 1971 722 2007 nominis
746 1973 907 2021 gloriosi:
938 1975 1003 2008 Ni—

249 2017 351 2051 colaus
378 2030 526 2066 namque
555 2021 661 2055 Vic‘Ior
687 2023 861 2058 laudabilis
893 2023 1003 2060 inter-

251 2066 377 2112 pretari
420 2067 538 2109 solet,
580 2080 618 2106 ut
654 2072 785 2108 dicitur
821 2075 838 2108 a
876 2074 1003 2121 quibu-

251 2116 370 2172 sdam}
411 2120 443 2151 O
470 2132 552 2167 ergo
579 2130 613 2156 te
641 2121 800 2158 felicem!
838 2123 879 2158 de
907 2125 1003 2172 cujus

251 2168 493 2213 magnitudine
531 2171 639 2206 animi
683 2173 866 2214 praestatur
902 2174 1003 2209 bonis

250 2216 440 2264 praemium
455 2245 464 2261 ‚
485 2219 551 2255 reis
571 2222 723 2258 remiffio
743 2223 860 2270 saepe,
881 2238 1003 2271 quam-

248 2280 351 2313 quam
394 2281 411 2302 a
452 2269 656 2315 quibusdam
702 2274 929 2309 atrocissimas
969 2276 1001 2309 &

246 2317 487 2354 intolerabiles
515 2319 660 2360 iniurias
688 2324 867 2370 accepisti,
894 2324 1000 2359 etiam

246 2381 265 2402 a
292 2369 568 2405 clementissimis
595 2370 818 2408 severissimas
844 2374 1002 2423 judican-

245 2418 323 2453 das.
355 2421 404 2453 Ut
432 2420 472 2454 de
501 2430 535 2456 te
562 2421 675 2457 dicere
703 2423 843 2459 audeam
862 2449 871 2463 ‚
907 2425 1001 2471 quod

242 2470 284 2502 dr:
314 2467 462 2504 Caesare
499 2471 617 2519 inquit
645 2473 796 2509 Cicero:
834 2476 938 2509 Nulla
963 2476 1003 2509 de

245 2519 424 2555 Virtutibus
460 2521 525 2555 tuis
554 2522 659 2568 'major
695 2524 914 2569 Miseria-orditi
940 2525 1000 2567 est.

578 207 876 250 COMMENT.
906 206 969 249 IN
997 203 1223 249 DANTIS
1251 202 1491 245 COMOED.

1008 263 1062 300 A,

1699 203 1782 244 286

1086 263 1178 299 Heic
1216 272 1271 301 te,
1307 261 1505 297 Clariffime
1541 258 1726 298 Marchio‚
1765 272 1839 293 mo—

1089 324 1163 349 tum
1192 326 1289 351 reor,
1316 321 1355 346 ut
1381 310 1480 346 illius
1508 308 1752 357 fulgentissimi
1780 311 1839 344 So-

1089 364 1132 400 lis
1169 363 1352 410 (Dantem
1388 361 1544 408 loquor)
1582 360 1678 407 cujus
1715 358 1842 406 perspi-

1090 413 1147 451 cui
1183 412 1318 461 ingenii
1356 411 1493 453 radiis,
1535 410 1595 444 suo
1636 409 1841 444 meritorum

1090 463 1232 512 praevio
1260 461 1407 498 lucifero
1424 488 1434 503 ,
1471 459 1580 495 noster
1607 459 1712 494 Orbis
1744 459 1843 493 Itali—

1091 527 1148 550 cus
1175 513 1356 562 praecipue
1383 511 1594 550 illustratur,
1621 509 1789 558 figmenta
1810 522 1845 544 e-

1091 566 1272 599 volverem
1313 562 1560 611 figmentorum
1603 560 1845 608 integumenta

1091 616 1254 650 elicerem
1279 638 1289 653 ‚
1334 612 1511 649 elucidans
1551 611 1659 647 etiam
1703 609 1846 645 obscura

1093 665 1200 701 variis
1237 666 1351 700 velata
1389 662 1540 711 figuris,
1587 660 1846 708 multiplicibus

1093 715 1240 752 sensibus
1282 715 1444 750 involuta
1485 712 1675 748 latentibus
1701 738 1710 746 .
1757 710 1849 745 Heic

1096 779 1178 801 vero
1214 778 1363 812 namque
1400 762 1574 799 Historica
1609 761 1649 797 &
1687 761 1848 799 poetica,

1096 816 1174 852 heic
1213 814 1431 858 Naturalia,
1471 815 1505 848 8<
1542 812 1698 848 Moralia
1722 836 1729 849 ‚
1771 811 1849 846 heic

1097 867 1200 902 ardua
1226 867 1260 901 δε
1288 865 1433 908 infima,
1460 864 1538 899 heic
1566 863 1710 910 antiqua
1730 860 1766 896 S(
1786 874 1850 896 no-

1096 916 1261 965 viffima;
1304 915 1405 959 heic,
1442 923 1481 950 ut
1518 913 1671 948 breviter
1706 913 1849 954 dicam,

1098 967 1233 1004 Divina
1268 965 1398 1014 pariter
1423 966 1458 999 δε
1494 966 1658 999 Humana
1695 975 1853 1010 compre-

1099 1017 1321 1053 henduntur.
1359 1018 1434 1053 Nec
1471 1014 1636 1062 ambigo,
1673 1013 1761 1061 quin
1798 1012 1852 1047 di—

1101 1066 1184 1102 versi
1212 1065 1346 1102 diversa
1373 1065 1438 1100 sint
1466 1064 1596 1101 diffinit
1625 1077 1687 1111 pro
1715 1062 1851 1098 animo-

1099 1131 1176 1153 rum
1203 1116 1388 1152 affefiiione
1415 1124 1487 1150 tarn
1512 1114 1644 1150 dissona
1671 1127 1775 1161 quarn
1801 1113 1854 1148 di-

1101 1167 1213 1203 versa.
1241 1166 1339 1212 Quid
1367 1164 1499 1201 modo?
1537 1168 1633 1213 Opus
1660 1177 1703 1200 ne
1731 1164 1775 1199 est
1801 1177 1854 1199 re-

1102 1217 1265 1265 spondere
1303 1216 1501 1265 vulgarium
1537 1214 1668 1263 linguis
1705 1214 1855 1262 injurio-

1103 1268 1163 1307 fis,
1195 1268 1255 1315 qui
1283 1267 1391 1303 etiam
1419 1265 1726 1302 excellentissimos
1755 1265 1857 1301 Lite—

1102 1327 1257 1354 ratorum
1300 1317 1394 1352 stilos
1434 1325 1563 1352 temere
1607 1329 1744 1363 carpere
1785 1329 1857 1351 non

1105 1366 1288 1404 verentur?
1326 1366 1424 1402 Mihi
1453 1375 1570 1401 tamen
1598 1366 1771 1401 suffecerit
1798 1379 1858 1414 pe-

1104 1418 1267 1453 ritiorum
1285 1444 1296 1461 ‚
1327 1430 1365 1451 ac
1396 1416 1470 1451 Tui
1497 1416 1712 1462 acquiescere
1738 1417 1859 1452 votis.

1103 1466 1217 1515 Cujus
1245 1466 1457 1515 praeceptis,
1492 1466 1560 1501 tibi
1589 1466 1682 1514 prius
1709 1466 1858 1502 dileffiffi

1104 1531 1209 1565 quam
1238 1529 1361 1556 notus,
1389 1529 1524 1564 nequeo
1552 1517 1746 1552 contraire.
1777 1519 1860 1552 Non

1105 1568 1150 1604 est
1176 1578 1292 1604 autem
1321 1567 1486 1616 propositi
1512 1566 1583 1602 mei
1610 1566 1647 1602 in
1675 1569 1741 1602 hoc
1767 1570 1861 1615 Ope-

1105 1633 1162 1662 re,
1197 1618 1357 1654 omnium
1394 1616 1658 1665 Exponentium
1687 1617 1780 1652 dic‘ta
1809 1631 1861 1653 re-

1105 1669 1246 1709 fellere,
1275 1681 1441 1707 erronea,
1469 1667 1639 1707 ridicula,
1667 1667 1772 1711 falsa,
1800 1678 1862 1704 aut

1105 1719 1226 1755 saltem
1264 1719 1403 1759 aliena,
1440 1716 1479 1753 δε
1515 1718 1663 1753 omnino
1699 1718 1861 1765 imperti-

1105 1769 1226 1805 nentia
1267 1769 1388 1804 fagio.
1430 1771 1477 1803 Et
1518 1780 1627 1815 quum
1668 1769 1783 1803 brevis
1824 1769 1861 1804 in

1105 1820 1268 1855 omnibus
1291 1820 1355 1855 effe
1380 1818 1531 1860 soleam,
1558 1818 1744 1854 necessario
1772 1818 1862 1855 forte

1106 1870 1237 1905 nimius
1273 1870 1420 1905 videbor
1455 1868 1654 1912 interdurn,
1691 1869 1860 1917 quoniam

1107 1921 1218 1956 multa
1245 1921 1279 1955 &
1308 1932 1431 1968 magna
1465 1919 1676 1966 impossibile
1703 1919 1749 1954 est
1785 1920 1860 1955 bre-

1106 1970 1199 2006 viter
1223 1970 1418 2015 explicare.
1446 1968 1561 2017 Igitur
1587 1970 1761 2018 porrigam
1788 1983 1859 2005 ma-

1108 2034 1190 2056 num
1223 2020 1394 2066 trepidam
1424 2019 1464 2054 ad
1501 2029 1572 2054 tam
1610 2021 1736 2068 grande
1764 2022 1859 2067 Opus

1082 2071 1143 2112 ;in
1182 2070 1324 2105 nomine
1366 2069 1602 2105 San&iffiinae
1636 2071 1671 2104 δε
1709 2070 1861 2107 Divinae

1107 2120 1324 2160 Trinitatis,
1351 2119 1394 2155 fic
1422 2120 1606 2156 exordiens
1623 2147 1631 2156 .

1158 2174 1206 2206 Et
1241 2171 1357 2219 primo
1393 2180 1602 2218 quaeratur,
1643 2169 1721 2218 quis
1757 2170 1861 2207 Libri

1109 2221 1266 2257 Aufflor.
1286 2222 1463 2265 Secundo,
1485 2235 1571 2268 quae
1588 2221 1731 2256 materia
1744 2248 1752 2256 .
1772 2223 1862 2257 Ter-

1109 2272 1188 2311 tio,
1229 2285 1316 2320 quae
1357 2272 1535 2307 intentio.
1573 2274 1737 2317 Quarto,
1774 2285 1861 2320 quae

1110 2322 1267 2358 utilitas.
1296 2322 1458 2368 Quinto,
1495 2321 1551 2358 cui
1579 2322 1670 2370 parti
1701 2322 1860 2357 Philoso-

1111 2372 1212 2419 phiae
1240 2372 1472 2421 supponatur.
1510 2375 1616 2408 Sexto
1652 2372 1730 2420 quis
1758 2371 1861 2408 Libri

1110 2423 1276 2458 Titulus.
1297 2423 1355 2458 Ad
1377 2423 1528 2471 primum
1549 2423 1652 2465 dico,
1672 2423 1763 2471 quod
1787 2425 1861 2457 Au·-

1110 2473 1186 2508 ἑὶοι·
1222 2472 1291 2508 fuit
1327 2475 1458 2509 Dantes
1492 2473 1720 2522 Aldigherius
1759 2474 1861 2507 Poeta

1110 2523 1354 2560 Florentinus.
1381 2525 1429 2558 Et
1455 2522 1578 2559 multis
1602 2522 1780 2559 vocabulis
1803 2522 1859 2556 de-

1189 2575 1227 2608 T
1280 2585 1301 2608 2
1706 2572 1814 2620 signa-
