2216 3105
287 205 368 246 345
577 187 875 231 COMMENT.
907 188 971 230 IN
1002 185 1222 230 DANTIS
1249 183 1494 227 COMOED.
1707 193 1797 240 346

222 256 298 285 tens
334 247 366 283 se
402 245 444 282 ad
480 259 588 282 unum
624 245 786 282 Milia-em
828 247 974 295 probum
1017 248 1070 284 Af
1094 245 1245 280 multum
1275 243 1451 292 armiger,
1479 242 1516 278 &
1545 244 1656 279 multa
1682 241 1766 279 fecit
1787 258 1849 292 pro

223 299 406 346 antiquum
448 296 619 345 specstatae
661 296 805 335 virtutis
826 321 835 335 ,
879 298 976 345 cujus

222 360 362 385 nomen‘
397 356 470 382 erat
511 347 686 383 Dominus
729 346 976 386 Bilincionus,

224 398 340 446 (haec
367 405 440 433 erat
467 397 539 446 ejus
567 397 642 433 filia
670 397 772 434 unica
800 397 841 433 de
870 397 977 433 Ravi-

222 448 374 498 gnanis)
404 448 533 496 petivit
561 449 603 484 ab
631 462 693 488 eo,
731 461 900 495 quaenam
929 447 978 483 es—

222 500 272 535 set
299 499 361 534 illa
388 508 460 534 tarn
489 498 620 534 nobilis
648 499 778 534 indolis
807 497 844 534 ὅ(
874 512 979 547 vagae

222 549 461 598 apparentiae.
500 549 692 598 Respondit
735 549 977 585 Bilincionus:

223 603 342 647 Inclyte
378 601 530 635 Domine.
573 603 659 635 Haec
684 601 725 643 est
758 599 839 644 filia
865 600 979 639 unius,

223 651 279 698 qui
297 650 330 692 fi
354 651 472 690 vellet,
505 649 601 697 poffet
633 652 673 685 de
704 651 861 697 praesenti
884 651 982 694 facere

224 715 281 736 vos
308 701 439 745 osculari
465 715 551 736 eam.
581 702 702 737 Puella
722 710 837 737 autem
857 726 867 741 ,
895 714 983 748 quae

225 751 439 791 incedebat,
480 751 619 787 auribus
656 751 823 792 arreffis,
866 752 984 787 audita

226 801 442 850 responsione
471 802 598 850 patris,
627 802 735 838 vertit
764 802 794 838 se
816 802 856 838 ad
877 816 953 838 eum
973 827 982 841 ‚

225 854 259 888 ὃς
288 862 403 899 aperte
432 866 470 888 ac
499 853 692 888 verecunde
728 852 822 888 dixit
852 853 904 888 ei:
946 856 983 888 In

226 904 381 942 veritate,
402 907 500 938 Pater
518 903 562 938 mi
573 928 583 943 ,
605 914 716 951 parcnt
736 904 813 938 mihi
841 917 983 938 reveren-

226 957 274 988 tia
293 954 424 996 vestra;
453 967 619 1000 numquam
647 955 809 1001 quisquam
833 954 983 998 osculabi—

226 1016 278 1038 tur
297 1018 363 1043 me,
384 1004 444 1046 nisi
462 1005 622 1051 legitimus
634 1006 764 1051 sponsus
784 1017 885 1039 meus.
913 1006 984 1039 Im-

227 1064 386 1103 perator,
416 1054 536 1089 audito
557 1063 628 1090 tam
659 1054 772 1090 nobili
799 1054 982 1102 responso,

228 1103 266 1139 ἃ
288 1103 453 1152 cognito,
478 1105 570 1152 quod
591 1104 650 1140 ista
672 1114 743 1141 erat
766 1105 839 1140 filia
858 1105 983 1141 Domi-

226 1155 265 1190 ni
286 1154 502 1194 mumioni,
533 1155 648 1191 voluit
673 1156 765 1203 quod
786 1155 882 1191 istam
909 1155 984 1204 pos-

226 1204 276 1240 set
296 1204 423 1252 aliquis
444 1205 579 1241 honeste
594 1205 764 1250 osculari,
788 1205 826 1242 ἅ
843 1206 983 1242 manda-

226 1256 282 1291 vit
302 1255 414 1303 patri,
445 1264 483 1291 ut
513 1264 653 1292 vocaret
679 1256 915 1292 Domicellam
942 1257 982 1292 ad

225 1305 283 1340 se.
323 1304 459 1340 Deinde
496 1305 640 1341 vocavit
668 1306 708 1341 ad
737 1306 769 1341 se
796 1307 979 1354 quemdam

223 1355 395 1391 strenuum
432 1354 618 1399 Militem,
659 1355 720 1403 qui
757 1366 902 1393 vocatus
938 1357 982 1392 est

224 1405 399 1441 Dominus
428 1405 546 1441 Guido
575 1409 705 1445 Vetus,
746 1406 808 1454 qui
844 1417 917 1444 erat
945 1407 980 1442 in

225 1457 298 1504 ejus
336 1454 536 1491 consortio.
577 1458 624 1491 Et
665 1456 796 1492 tradito
833 1457 894 1493 fibi
923 1471 980 1492 an-

225 1507 310 1542 nulo
337 1506 421 1546 suo,
459 1506 542 1542 fecit
570 1520 644 1542 eam
673 1505 892 1555 desponsari.
936 1511 981 1543 Et

225 1556 322 1592 dedit
349 1557 410 1592 sibi
439 1557 475 1592 in
504 1557 619 1593 dotem
649 1558 682 1592 ὃς
717 1558 861 1594 nomine
888 1558 980 1594 dotis

224 1608 329 1643 illum
371 1606 597 1644 Comitatum
643 1607 829 1644 Casentini
857 1637 866 1652 ,
920 1610 979 1657 qui

227 1658 339 1705 postea
366 1657 434 1694 fuit
462 1658 521 1694 diu
549 1659 734 1695 Comitum
756 1659 980 1695 Guidonum.

224 1710 271 1743 Et
299 1722 341 1743 ex
370 1707 433 1743 isto
459 1708 608 1744 Comite
635 1709 799 1745 Guidone
828 1713 979 1749 Vetere,

224 1760 258 1794 δε
287 1771 329 1793 ex
357 1757 417 1794 ista
446 1758 600 1794 Domina
629 1759 875 1796 descenderunt
903 1774 981 1796 om-

224 1822 283 1844 nes
311 1808 476 1845 Comites
512 1809 715 1845 Guidones.
758 1811 832 1856 Qui
870 1811 979 1858 postea

224 1858 325 1894 divifi
354 1859 432 1895 sunt
453 1859 489 1895 in
516 1862 627 1895 multa
648 1861 824 1901 membra,
851 1862 884 1896 ὃ(
906 1860 979 1897 fue-

224 1918 306 1945 runt
333 1908 469 1945 familia
497 1909 625 1946 famosa
653 1912 686 1946 8<
709 1921 830 1958 potens
851 1912 977 1947 nimis.

224 1961 298 2006 Qui
328 1970 513 1996 tenuerunt
541 1974 665 2010 magna
693 1960 731 1997 &
768 1964 880 1998 multa
908 1961 979 1998 Ca-

223 2011 319 2046 stella
347 2010 434 2046 citra
461 2010 499 2047 ὃς
528 2012 618 2047 ultra
655 2013 787 2060 Alpes,
829 2027 899 2048 non
928 2013 980 2048 so—

225 2061 298 2095 lum
327 2059 362 2094 in
401 2061 551 2101 Tuscia,
588 2062 641 2098 sed
685 2063 792 2099 etiam
834 2064 870 2099 in
910 2066 980 2099 Ro-

226 2110 424 2146 mandiola.

478 2164 540 2197 -Ad
565 2163 648 2208 Verfi
669 2164 728 2211 36.
813 2197 816 2199 .

276 2212 392 2257 Nipote
413 2212 453 2256 su
478 2215 517 2246 de
544 2214 577 2248 la
603 2215 703 2249 buona
723 2215 930 2250 Gualdrada.

226 2262 284 2297 Ad
312 2261 404 2309 quod
434 2262 518 2297 bene
545 2263 838 2311 intelligendum,
876 2276 980 2304 nota,

225 2311 318 2359 quod
347 2311 478 2348 Comes
506 2314 624 2349 Guido
652 2316 762 2349 Vetus
792 2314 913 2351 habuit
939 2330 980 2351 cx
1004 2311 1008 2349 Ι

225 2362 320 2398 (1183
348 2363 502 2398 Domina
523 2366 654 2400 multos
679 2363 791 2400 filios.
820 2368 980 2411 Quorum

225 2426 312 2448 unus
355 2423 498 2450 vocatus
539 2415 584 2450 est
625 2414 884 2452 Guillielmus.
926 2419 979 2452 Ex

225 2478 295 2512 quo
322 2474 424 2500 natus
460 2465 504 2500 est
531 2465 649 2501 Guido
688 2467 883 2511 Novellas,
921 2468 982 2514 qui

224 2517 340 2553 tenuit
383 2524 517 2564 partem
554 2516 795 2561 Gibellinam,
837 2519 870 2552 ὃς
914 2518 981 2554 fuit

323 2571 408 2602 Tem.
425 2570 484 2603 HI.

1095 297 1195 330 Parte
1238 293 1439 329 Gibellina.
1484 295 1536 328 De
1577 307 1647 340 quo
1683 293 1779 342 saepe
1808 295 1850 330 fit

1095 345 1231 380 mentio
1259 344 1296 379 in
1324 343 1389 379 hoc
1417 346 1550 392 Opere.
1578 343 1685 378 Alius
1705 354 1849 380 vocatus

1093 395 1137 431 est
1165 393 1356 443 Rogerius.
1393 408 1436 430 ex
1473 406 1543 442 quo
1579 402 1679 429 natus
1720 394 1765 430 est
1791 395 1850 431 iste

1094 446 1213 481 Guido
1240 447 1398 480 Guerra.
1426 447 1480 480 Ex
1508 457 1579 491 quo
1607 451 1702 491 patet
1719 471 1728 485 ‚
1757 445 1851 492 quod

1094 508 1238 544 uterque
1265 495 1406 539 Guid0,
1448 494 1583 531 scilicet
1612 495 1784 531 Novellus
1813 493 1852 531 ἃ

1093 550 1247 590 Guerra,
1284 546 1329 581 est
1364 560 1471 595 nepos
1498 545 1612 581 diffiae
1649 546 1851 581 Dominae.

1095 600 1191 634 Nota
1218 596 1348 638 etiam.
1377 597 1471 645 quod
1498 595 1558 632 ista
1586 595 1723 645 egregia
1752 597 1851 645 juve-

1093 648 1147 684 nis
1175 660 1299 684 vocata
1327 647 1372 683 est
1401 648 1515 696 primo
1543 647 1687 682 nomine
1723 647 1853 693 Ingbir—

1093 697 1221 735 d'ruda.
1249 699 1387 735 Aufi’tor
1414 708 1530 734 tamen
1560 698 1672 734 utitur
1699 698 1851 733 vocabu-

1094 751 1129 785 lo
1157 749 1337 786 communi
1365 750 1399 784 δε
1428 758 1614 796 corrupto,
1649 761 1719 796 quo
1747 756 1854 783 utun-

1095 811 1151 836 tur
1178 801 1341 836 mulieres
1368 801 1401 835 δ(
1431 803 1610 848 vulgares,
1640 799 1701 847 qui
1729 798 1853 834 dicunt

1094 852 1312 894 Gualdrada;
1339 851 1422 886 ficut
1447 864 1511 899 ego
1539 850 1614 886 vidi
1642 850 1678 885 in
1701 849 1854 896 quodam

1095 902 1338 946 amicornm,
1375 901 1437 948 qui
1474 902 1595 936 volens
1634 912 1758 935 vocare
1785 903 1854 934 Lu-

1095 953 1219 987 cretiam
1247 951 1358 988 filiam
1401 951 1517 995 suam,
1560 959 1720 997 corrupte
1748 963 1853 985 voca-

1097 1003 1150 1038 vit
1177 1002 1287 1050 ipsam
1314 1003 1532 1049 Alegrinam.
1562 1001 1697 1036 Deinde
1725 1000 1853 1037 descri—

1096 1053 1148 1088 bit
1176 1053 1313 1089 AuPtor
1349 1053 1483 1089 dietum
1520 1051 1705 1088 Comitem
1743 1065 1761 1086 a
1789 1065 1854 1086 no-
1904 1083 1911 1086 t

1096 1103 1190 1139 mine
1219 1103 1382 1152 proprio,
1424 1102 1462 1138 ὃ(
1490 1104 1531 1139 ab
1560 1102 1747 1152 agnomine
1775 1115 1856 1152 pro-

1098 1154 1174 1203 prio
1202 1154 1340 1190 dicens:
1370 1157 1416 1190 Et
1444 1154 1503 1190 iste

1147 1205 1250 1239 Guido
1278 1208 1398 1240 Guerm
1424 1207 1494 1240 ebbe
1522 1218 1606 1239 nome
1633 1226 1648 1231 -
1676 1225 1692 1231 -
1719 1226 1735 1231 -
1761 1225 1777 1231 -

1097 1257 1143 1290 Et
1194 1255 1279 1291 bene
1330 1255 1392 1291 fibi
1435 1256 1603 1291 convenit
1645 1264 1859 1303 utrumque,

1097 1305 1179 1353 quia
1215 1306 1283 1341 fuit
1322 1306 1564 1355 magnanimus
1602 1308 1683 1341 Dux
1722 1308 1855 1341 multo-

1097 1368 1195 1395 rum,
1221 1357 1255 1391 δι
1285 1356 1369 1391 bene
1397 1357 1580 1405 guidavst,
1621 1359 1653 1392 δε
1684 1356 1752 1392 fuit
1781 1370 1856 1392 ma-

1097 1418 1183 1454 gnus
1229 1406 1405 1454 guen-iger
1423 1434 1432 1450 ,
1483 1406 1521 1443 ὃ(
1572 1407 1628 1443 vir
1671 1407 1855 1443 bellicosus

1098 1457 1271 1492 multum.
1300 1458 1357 1492 Ad
1385 1458 1481 1506 cujus
1506 1457 1555 1493 rei
1577 1457 1853 1506 intelligentiam

1097 1507 1180 1541 volo
1208 1515 1242 1542 te
1270 1505 1376 1546 scire,
1403 1508 1495 1555 quod
1526 1507 1582 1543 hic
1610 1511 1738 1544 Comes
1766 1511 1856 1544 Gui-

1096 1556 1141 1592 do
1167 1559 1321 1600 Guerra,
1350 1567 1528 1606 tempore,
1557 1572 1625 1606 quo
1654 1558 1804 1594 Carolus
1826 1560 1853 1595 I.

1097 1617 1241 1643 vocatus
1270 1608 1311 1642 ab
1340 1609 1490 1644 Ecclefia
1520 1609 1617 1645 venit
1645 1609 1682 1644 in
1712 1610 1853 1645 Italiam

1097 1667 1218 1694 contra
1254 1658 1505 1700 Manfredum,
1551 1659 1620 1696 ivit
1663 1659 1732 1696 fere
1774 1673 1853 1695 cum

1097 1710 1240 1745 CCCC.
1265 1709 1443 1756 equitibus
1486 1710 1702 1746 Florentinis
1739 1711 1855 1746 exuli-

1097 1759 1158 1794 bus
1194 1759 1337 1794 obviam
1374 1760 1531 1796 Guidoni
1574 1761 1616 1797 de
1642 1761 1853 1801 Monforte,

1096 1809 1157 1856 qui
1199 1809 1346 1845 ducebat
1386 1812 1580 1847 exercitum
1622 1811 1747 1848 Caroli
1794 1825 1853 1859 per

1097 1869 1222 1894 terram
1245 1860 1349 1908 usque
1370 1863 1576 1898 Mantuam.
1600 1862 1736 1898 Deinde
1758 1871 1852 1898 tran-

1096 1909 1222 1946 fierunt
1263 1925 1322 1958 per
1363 1912 1590 1955 Bononiam,
1636 1913 1852 1949 Romandio-

1095 1961 1193 2000 lam,
1236 1962 1458 2007 Marchiam,
1498 1964 1532 1998 ἃ
1562 1966 1763 1999 Ducatum.
1806 1966 1852 1999 Et

1068 2058 1069 2061 Ἰ
1095 2024 1165 2046 non
1195 2021 1382 2060 potuerunt
1410 2013 1550 2048 tranlire
1578 2028 1636 2062 per
1661 2014 1851 2058 Tusciam,

1095 2062 1176 2105 quia
1205 2072 1278 2096 tota
1307 2072 1380 2097 erat
1418 2063 1476 2099 snb
1516 2066 1616 2099 Parte
1643 2065 1822 2100 Gibellina
1841 2092 1850 2108 ,

1095 2111 1132 2147 ἃ
1160 2111 1321 2148 dominio
1348 2113 1545 2149 Manfredi.
1575 2115 1676 2150 Unde
1697 2117 1850 2150 multum

1094 2171 1231 2211 tempus
1272 2164 1510 2210 expenderunt
1546 2164 1582 2200 in
1621 2166 1702 2201 via.
1740 2167 1850 2201 Tam-

1093 2213 1171 2248 dem
1213 2215 1421 2262 appulerunt
1464 2218 1635 2259 Romam,
1678 2216 1736 2251 ubi
1779 2225 1851 2252 erat

1093 2262 1264 2300 Carolus.
1295 2265 1411 2300 Postea
1438 2266 1557 2301 Guido
1585 2279 1662 2302 cum
1691 2266 1759 2302 suis
1781 2266 1853 2302 fuit

1095 2314 1130 2350 in
1152 2315 1412 2363 expugnatione
1433 2316 1550 2352 saneti
1573 2317 1762 2352 Germani.
1781 2319 1852 2352 De—

1093 2365 1174 2400 inde
1202 2365 1270 2401 fuit
1298 2366 1336 2401 in
1365 2366 1484 2410 bello,
1513 2368 1606 2415 quod
1635 2367 1757 2403 habuit
1778 2366 1850 2403 Ca-

1092 2416 1187 2451 rolus
1224 2425 1345 2452 contra
1385 2417 1610 2453 Manfredum
1653 2418 1742 2466 apud
1785 2419 1850 2452 Be-

1094 2475 1308 2502 neventum.
1350 2467 1488 2512 Quibus
1526 2468 1605 2503 vifis
1646 2467 1848 2504 Manfxedus

1091 2516 1244 2566 petivit:
1277 2518 1337 2552 Ubi
1357 2518 1434 2563 [emt
1461 2517 1639 2557 Gibellt'ni,
1663 2530 1720 2566 pro
1739 2517 1849 2563 quibus

1151 2568 1179 2602 Z
1727 2578 1800 2601 tan-
