2216 3105
443 224 525 263 799

734 211 1184 259 B'ENVENUTI
1225 216 1660 262 IMOLE'NSIS

383 267 485 309 idest,
539 283 596 319 per
634 271 768 321 signum
810 274 913 323 hujus
954 275 1141 316 vaticinii,
1168 281 1212 315 {A
1250 274 1358 315 idest,
1387 278 1530 326 pingues
1556 280 1589 313 &
1619 278 1835 326 corpulenti.
1873 280 2004 324 Quales

381 321 438 355 vel
467 320 594 357 Libri:

519 393 533 398 -
561 393 577 399 —
604 374 729 415 Nicofia
755 388 770 409 e
797 376 1005 422 Famagosla,

380 434 441 469 per
467 435 550 469 quas
587 424 646 459 dat
680 425 837 475 intelligi
882 430 1038 472 Regnum
1068 429 1141 473 Cy-

381 472 455 520 pri.
494 473 549 508 Est
585 475 679 510 enim
728 476 868 512 Nicofia
917 476 1061 513 Civitas
1103 479 1139 513 in

379 525 523 568 Cypro,
571 523 608 559 ὃ(
653 527 851 573 Famagosta
894 528 963 562 alia
1000 528 1139 563 C1vitas

383 574 494 620 major
520 575 553 608 δ(
583 575 714 617 ditior,
761 576 801 611 ad
829 590 932 624 quam
971 578 1016 613 est
1043 591 1139 613 com—

383 624 498 658 munis
528 627 764 661 Mercatorum
797 626 999 663 concursus:

432 677 493 708 Per
519 675 552 709 la
578 676 626 709 lor
651 676 746 718 bestia
769 677 798 717 si
824 680 956 711 lamenti
979 692 994 712 e
1019 692 1137 722 ξυνα,

379 723 483 766 idest,
523 725 659 761 rixetur
700 736 840 774 propter
882 731 1009 777 Regem
1042 729 1135 764 suurn

380 774 566 810 bestialiter
594 776 772 811 viventem
790 804 798 812 .
828 779 929 813 Unde
957 779 1065 814 dicit:

431 825 496 860 Che
534 827 592 861 dal
626 826 732 871 fianco
772 831 811 862 (le
849 828 874 862 l'
893 832 974 864 altre
1014 843 1074 864 non
1108 830 1140 872 fi

481 876 592 918 [costa.

381 925 484 966 idest,
525 927 584 974 qui
617 931 689 964 Rex
728 943 796 965 non
834 930 1033 973 discordat,
1075 945 1137 967 nec

378 977 508 1013 recedit
547 992 565 1013 a
601 980 708 1015 latere
746 981 893 1016 aliarum
934 981 1136 1021 bestiarum,

377 1026 460 1063 idest
488 1029 637 1065 aliorum
670 1033 800 1078 Regum
831 1032 1061 1068 vitiosorum.
1091 1035 1136 1067 Et

378 1077 458 1115 vere
487 1093 555 1115 non
584 1080 798 1117 discohaeret
817 1111 824 1121 .
868 1081 905 1119 &
935 1096 1003 1117 non
1032 1083 1136 1118 diffo-

378 1129 491 1166 ciatur
519 1143 537 1165 a
565 1130 684 1167 vivere
713 1131 844 1167 bestiali
866 1133 1038 1173 aliorum.
1069 1134 1135 1168 im-

378 1193 437 1215 mo
465 1180 579 1216 vincit
607 1183 639 1216 8<
668 1182 807 1218 excedit
835 1196 913 1218 cum
949 1183 1004 1219 sua
1034 1196 1135 1232 gente

377 1231 508 1277 Cypria
546 1245 666 1268 omnes
694 1243 812 1282 gentes
849 1232 888 1270 ὅτ,
931 1236 1039 1283 Reges
1070 1237 1135 1271 Re-

377 1295 524 1330 gnorum
562 1283 839 1320 Christianitatis
876 1284 913 1320 in
956 1284 1135 1325 superflui-

377 1340 448 1367 tate
476 1333 655 1373 luxuriae,
699 1336 817 1382 gulae,
860 1335 1055 1379 mollitiei,
1096 1335 1133 1372 ἃ

374 1382 412 1417 in
463 1383 562 1419 omni
603 1398 725 1433 genere
777 1386 1030 1435 voluptatum.
1071 1387 1132 1422 Sed

376 1433 468 1468 velle
514 1433 702 1471 describere
754 1449 877 1484 genera
927 1438 1105 1485 epularum
1124 1462 1133 1477 ‚

377 1482 676 1525 sumtuofitatem,
724 1486 930 1521 varietatem
956 1512 966 1526 ,
1002 1488 1035 1522 8<
1080 1487 1133 1522 ni—

375 1533 581 1579 mietatem,
622 1536 835 1571 fastidiosum
865 1537 945 1571 effer
974 1550 1134 1576 narrare,

374 1584 408 1618 δε
438 1585 629 1621 taediosum
655 1586 799 1621 scribere
820 1585 857 1621 ὅ(
881 1586 1132 1630 perniciosum.

375 1633 458 1668 Ideo
501 1635 569 1670 viri
607 1635 719 1670 sobrie
747 1637 779 1670 &
818 1645 1052 1683 temperanter
1079 1636 1132 1670 vi-

373 1693 496 1719 ventes
516 1685 679 1720 deberent
708 1695 861 1721 avertere
889 1688 1009 1721 oculos
1037 1701 1054 1721 a
1078 1687 1131 1721 vi-

373 1733 508 1776 dendo,
546 1737 579 1769 &
608 1749 704 1771 aures
741 1736 783 1770 ab
811 1735 983 1771 audiendo
1020 1749 1132 1770 mores

373 1783 634 1823 meretricales,
677 1784 862 1825 lubricos,
903 1786 936 1819 &
980 1785 1131 1820 foetidos

372 1832 507 1868 Insulae
527 1833 648 1873 illius,
676 1846 779 1882 quam
810 1834 1037 1874 permittente
1056 1837 1131 1870 Deo

370 1883 553 1927 januenses
582 1898 672 1920 nunc
702 1883 926 1927 invaserunt,
953 1898 1130 1934 expugna-

370 1944 523 1977 verunt,
570 1933 608 1971 ἃ
646 1937 737 1972 male
782 1935 1020 1972 trafilaverunt
1045 1963 1055 1980 ,
1097 1937 1129 1971 8<

371 1984 632 2021 mulciaverunt
643 2013 652 2021 .

486 2039 550 2071 Ad
574 2039 670 2072 Cam.
699 2040 789 2073 XXI.
819 2037 901 2081 Vers}
934 2048 1013 2084 130.

421 2089 464 2121 Or
489 2087 618 2133 voglion
645 2089 753 2135 quinci
778 2108 1051 2116 -------

369 2136 464 2172 Heie
494 2138 613 2173 Petrus
644 2139 809 2174 Damiani
838 2148 954 2187 aperte
981 2136 1129 2172 infamat

370 2187 521 2223 Pastores
550 2189 734 2225 modernos
763 2202 822 2235 per
849 2189 1063 2224 contrarium
1087 2188 1127 2223 ad

369 2236 483 2275 distos
511 2239 720 2286 Apostolos,
749 2239 888 2275 dicens:

420 2288 465 2324 Lt‘
489 2290 628 2324 moderni
653 2291 777 2333 Pastori
802 2310 989 2317 -----

421 2343 464 2373 Or
487 2341 619 2386 voglion,
658 2341 765 2388 quinci
803 2355 819 2375 e
844 2339 958 2388 quincii
983 2339 1033 2374 chi
1059 2339 1127 2373 rin-

472 2392 578 2436 calv,

370 2436 528 2478 scilicet,
556 2454 574 2476 a
600 2441 737 2478 dextris
764 2440 803 2478 ὅ(
831 2454 850 2476 a
877 2439 1034 2476 finisti-is:

421 2509 606 2517 -----
633 2506 648 2525 e
674 2494 722 2527 chi
747 2493 774 2526 li
799 2491 883 2526 mem'

422 2542 528 2575 Tamo
546 2540 604 2587 Jon
626 2543 745 2589 gravi,
772 2562 958 2569 -----

1251 327 1380 361 multos
1417 328 1488 363 vidi
1527 328 1563 364 in
1591 327 1704 364 Curia
1743 331 1922 364 Romana.
1957 331 2004 363 Et

1249 375 1314 410 hoc
1342 377 1386 411 est
1413 388 1532 414 contra
1562 379 1816 427 praedifflorum
1847 379 1942 414 Petri
1965 376 2003 413 δε

1250 425 1349 461 Pauli
1377 429 1633 465 macredinem.

1423 500 1437 506 -
1465 494 1480 513 e
1506 480 1555 514 chi
1578 481 1694 514 diretro
1716 480 1767 526 gli
1793 480 1882 525 αἰξί.

1246 526 1307 573 qui
1348 527 1476 563 habent
1513 531 1649 579 Cappas
1686 531 1829 578 longas,
1874 538 2002 564 terram

1246 587 1421 613 verrentes
1449 591 1527 613 cum
1556 580 1681 615 cauda.
1725 582 1771 614 Et
1798 579 1865 614 hoc
1893 579 2001 615 etiam

1245 626 1288 661 est
1335 637 1455 663 contra
1501 629 1695 664 nuditatem
1744 629 2000 677 praedi&orum

1245 677 1513 724 Apostolorum.
1555 681 1602 714 Et
1628 680 1707 715 ideo
1734 680 1854 715 dolore
1881 679 1999 715 stimu-

1244 728 1339 762 lante
1369 728 1505 763 subdit:

1295 781 1435 822 Cuopron
1464 779 1502 812 de
1529 778 1631 813 manti
1656 779 1704 812 lor
1730 778 1743 813 ί
1765 779 1950 823 ραΙαῙνεηὶ,

1244 827 1412 876 pingues,
1442 827 1478 864 δε
1509 829 1664 878 politos,
1693 828 1776 864 ficut
1805 828 1865 877 ipsi
1893 829 2000 879 sunt;

1243 878 1324 924 quia
1361 892 1480 914 eorum
1523 879 1696 925 clamydes
1740 879 1818 914 sunt
1844 880 1895 915 ita
1922 881 2001 915 lon·

1242 942 1329 976 gae,
1358 931 1514 976 amplae,
1542 931 1575 964 &
1604 943 1766 977 capaces,
1794 930 1885 977 quod
1916 943 1999 964 coo-

1243 979 1383 1025 periunt
1423 979 1604 1016 hominem
1632 982 1665 1015 ὃ(
1692 992 1820 1028 equum
1841 1006 1850 1014 .
1892 979 1999 1015 Unde

1242 1029 1330 1065 dicit
1346 1043 1355 1064 τ

1290 1081 1328 1114 S}
1354 1081 1405 1115 che
1429 1084 1490 1116 due
1516 1081 1605 1124 bestie
1630 1095 1696 1116 van
1717 1080 1792 1126 sott’
1809 1094 1872 1115 una
1895 1080 1999 1124 pelle.

1243 1129 1397 1170 scilicet,
1429 1132 1531 1168 bestia
1560 1141 1725 1180 portans,
1754 1130 1791 1166 ἃ
1820 1131 1891 1179 ipse
1919 1143 1998 1178 por-

1241 1190 1354 1223 tatus,
1383 1183 1443 1230 qui
1473 1182 1587 1218 verius
1624 1182 1667 1218 est
1704 1181 1828 1223 bestia,
1866 1179 1903 1216 ἅ
1941 1181 1999 1215 ben

1241 1231 1371 1268 stialior
1399 1234 1472 1282 ipszi
1500 1233 1620 1268 bestisi.
1652 1234 1697 1267 Et
1726 1240 1843 1270 certe,
1871 1230 1894 1265 fi
1922 1231 1999 1266 Au-

1240 1281 1316 1317 ξὶοι·
1355 1282 1489 1319 viveret
1531 1283 1635 1319 hodie
1655 1308 1665 1322 ‚
1708 1282 1816 1330 poffet
1864 1290 2000 1316 mutare

1240 1333 1377 1368 literam
1407 1334 1524 1373 istam,
1566 1335 1598 1369 &
1628 1333 1762 1369 dicere:
1802 1333 1840 1366 si
1875 1334 1926 1366 che
1952 1333 1998 1364 tre*

1240 1382 1330 1425 bestie
1356 1399 1422 1420 van
1452 1384 1593 1425 lott’una
1617 1385 1720 1428 pelle,
1750 1382 1883 1417 scilicet
1911 1383 2000 1417 Car-

1239 1433 1393 1479 dinalis,
1421 1435 1599 1471 Meretrix
1619 1462 1627 1477 ,
1671 1432 1708 1468 ἃ
1738 1435 1885 1480 Equus;
1915 1431 2000 1486 ficut

1239 1483 1359 1519 audivi
1396 1486 1437 1520 de
1474 1498 1571 1526 uno,
1608 1497 1711 1530 quern
1756 1485 1841 1516 bene
1882 1493 2000 1522 nom,

1237 1532 1297 1579 qui
1337 1535 1498 1576 portabat
1544 1532 1636 1566 suam
1681 1530 1911 1565 concubinam
1955 1529 1997 1564 ad

1239 1583 1460 1618 venationem
1490 1581 1561 1631 post
1589 1582 1620 1616 se
1649 1581 1685 1615 in
1714 1581 1815 1614 clune
1835 1579 1917 1625 equi
1940 1579 1998 1613 vel

1193 1643 1198 1657 ¹
1238 1632 1346 1668 muli.
1383 1636 1429 1668 Et
1465 1632 1538 1679 ipse
1567 1633 1644 1666 vere
1682 1638 1754 1664 erat
1783 1628 1866 1669 ficut
1902 1641 1999 1674 equus

1237 1682 1283 1719 ὅ]
1309 1684 1433 1721 mulus,
1462 1683 1495 1716 in
1522 1681 1636 1727 quibus
1657 1693 1714 1713 non
1735 1678 1775 1717 εΙΞ
1796 1678 1996 1717 ἱητεΙίεὲἶκς,

1237 1732 1302 1766 hoc
1331 1732 1397 1770 est,
1425 1731 1493 1766 sine
1520 1730 1676 1766 ratione.
1717 1731 1771 1763 Ex
1799 1727 1904 1763 dietis
1932 1729 1998 1764 Pe-

1238 1791 1308 1816 trus
1338 1781 1446 1817 iratus
1474 1781 1693 1817 exclamabat
1720 1779 1760 1814 ad
1790 1780 1927 1814 Deum:

1286 1836 1312 1865 O
1335 1833 1520 1878 ραζὶεηξα,
1548 1850 1776 1858 ------

1237 1881 1392 1922 scilicet,
1420 1882 1564 1918 divina:

1286 1954 1514 1960 ------
1542 1933 1592 1967 che
1619 1941 1708 1966 tanto
1729 1931 1880 1976 sostt'ent'!

1237 1983 1338 2023 idest,
1367 1983 1544 2030 quomodo
1573 1991 1669 2029 potes
1694 1991 1831 2017 tantum
1855 1980 1994 2018 sustine-

1236 2047 1293 2074 re,
1322 2034 1413 2081 quod
1443 2047 1512 2068 non
1541 2031 1720 2069 irascaris?
1757 2034 1802 2067 Et
1830 2045 1900 2067 non
1926 2031 1993 2067 mi·-

1236 2084 1342 2124 reris,
1369 2084 1528 2123 Lefi’tom
1568 2083 1588 2118 si
1619 2081 1776 2122 Αυᾶοτ,
1814 2090 1993 2129 tamquam

1238 2136 1341 2170 Poeta
1378 2135 1429 2170 ita
1464 2133 1671 2180 obloquitur
1710 2132 1752 2167 de
1803 2131 1991 2170 Praelatis,

1236 2199 1341 2231 quum
1371 2186 1404 2221 ἃ
1442 2184 1559 2233 magni
1604 2182 1774 2218 Doaores
1816 2181 1853 2217 &
1882 2180 1991 2217 sanfiii

1236 2235 1317 2271 Viri
1347 2249 1416 2271 non
1446 2233 1625 2280 potuerint
1666 2232 1831 2268 abstinere
1858 2232 1899 2267 ab
1927 2231 1991 2267 hu-

1235 2286 1384 2335 jusmodi
1412 2285 1592 2334 obloquiis
1621 2284 1882 2318 praelatorum.
1915 2284 1991 2317 Un-

1235 2338 1276 2372 de
1312 2335 1349 2373 &
1379 2338 1505 2372 Beatus
1544 2333 1735 2371 Bernardus
1771 2333 1858 2368 hanc
1888 2334 1990 2368 volu-

1237 2387 1393 2434 ptuosam
1421 2388 1454 2421 ἃ
1485 2385 1655 2421 bestialem
1696 2383 1806 2418 viram
1853 2383 1991 2417 Praela-

1235 2447 1349 2473 torum
1380 2437 1591 2472 mirabiliter
1618 2433 1838 2481 perstrinxit,
1867 2431 1910 2467 fic
1937 2432 1992 2467 di-

1235 2501 1333 2523 cens:
1365 2492 1471 2534 ,Quum
1498 2485 1602 2522 cunc‘li
1621 2485 1726 2528 status
1751 2484 1907 2518 hominum
1927 2483 1992 2518 ali-

1234 2539 1312 2585 quid
1337 2539 1453 2574 laboris
1489 2537 1649 2581 babeant,
1682 2535 1808 2582 aliquid
1842 2534 1992 2590 volypta-

1873 2593 1916 2617 175
1928 2607 1938 2621 2
