<?xml version="1.0" encoding="UTF-8"?>
<!DOCTYPE html PUBLIC "-//W3C//DTD XHTML 1.0 Transitional//EN"
    "http://www.w3.org/TR/xhtml1/DTD/xhtml1-transitional.dtd">
<html xmlns="http://www.w3.org/1999/xhtml" xml:lang="en" lang="en">
 <head>
  <title>
</title>
<meta http-equiv="Content-Type" content="text/html;charset=utf-8" />
  <meta name='ocr-system' content='tesseract 3.04.00' />
  <meta name='ocr-capabilities' content='ocr_page ocr_carea ocr_par ocr_line ocrx_word'/>
</head>
<body>
  <div class='ocr_page' id='page_1' title='image "antiquitatesital03mura_0080.png"; bbox 0 0 2216 3105; ppageno 0'>
   <div class='ocr_carea' id='block_1_1' title="bbox 473 219 551 259">
    <p class='ocr_par' dir='ltr' id='par_1_1' title="bbox 473 219 551 259">
     <span class='ocr_line' id='line_1_1' title="bbox 473 219 551 259; baseline 0.013 -1"><span class='ocrx_word' id='word_1_1' title='bbox 473 219 551 259; x_wconf 82' lang='lat'>143</span> 
     </span>
    </p>
   </div>
   <div class='ocr_carea' id='block_1_2' title="bbox 392 260 1181 1763">
    <p class='ocr_par' dir='ltr' id='par_1_2' title="bbox 395 260 1181 1562">
     <span class='ocr_line' id='line_1_2' title="bbox 406 260 1161 311; baseline -0.003 -14"><span class='ocrx_word' id='word_1_2' title='bbox 406 268 432 305; x_wconf 78' lang='lat'>3,</span> <span class='ocrx_word' id='word_1_3' title='bbox 459 260 601 310; x_wconf 84' lang='lat' dir='ltr'>itaque,</span> <span class='ocrx_word' id='word_1_4' title='bbox 638 268 741 309; x_wconf 82' lang='lat' dir='ltr'>atque</span> <span class='ocrx_word' id='word_1_5' title='bbox 769 262 991 311; x_wconf 80' lang='lat' dir='ltr'><strong>precipiendo</strong></span> <span class='ocrx_word' id='word_1_6' title='bbox 1021 261 1161 296; x_wconf 80' lang='lat' dir='ltr'>manda-</span> 
     </span>
     <span class='ocr_line' id='line_1_3' title="bbox 405 313 1159 361; baseline -0.004 -13"><span class='ocrx_word' id='word_1_7' title='bbox 405 337 432 356; x_wconf 88' lang='lat'><strong>„</strong></span> <span class='ocrx_word' id='word_1_8' title='bbox 460 325 558 357; x_wconf 85' lang='lat' dir='ltr'>mus,</span> <span class='ocrx_word' id='word_1_9' title='bbox 586 322 625 348; x_wconf 91' lang='lat' dir='ltr'>ut</span> <span class='ocrx_word' id='word_1_10' title='bbox 644 314 760 348; x_wconf 91' lang='lat' dir='ltr'>nullus</span> <span class='ocrx_word' id='word_1_11' title='bbox 781 313 941 361; x_wconf 86' lang='lat' dir='ltr'>deinceps</span> <span class='ocrx_word' id='word_1_12' title='bbox 972 315 1073 355; x_wconf 79' lang='lat' dir='ltr'>Dux,</span> <span class='ocrx_word' id='word_1_13' title='bbox 1101 320 1159 346; x_wconf 76' lang='lat' dir='ltr'>aut</span> 
     </span>
     <span class='ocr_line' id='line_1_4' title="bbox 405 363 1158 407; baseline -0.003 -9"><span class='ocrx_word' id='word_1_14' title='bbox 405 388 432 406; x_wconf 86' lang='lat'>‚,</span> <span class='ocrx_word' id='word_1_15' title='bbox 459 363 646 407; x_wconf 87' lang='lat' dir='ltr'>Marchio,</span> <span class='ocrx_word' id='word_1_16' title='bbox 667 365 796 399; x_wconf 77' lang='lat' dir='ltr'>Comes</span> <span class='ocrx_word' id='word_1_17' title='bbox 810 393 818 407; x_wconf 83' lang='lat'>‚</span> <span class='ocrx_word' id='word_1_18' title='bbox 840 364 1045 398; x_wconf 87' lang='lat' dir='ltr'>Vicecomes</span> <span class='ocrx_word' id='word_1_19' title='bbox 1059 391 1068 407; x_wconf 87' lang='lat'>‚</span> <span class='ocrx_word' id='word_1_20' title='bbox 1089 364 1158 396; x_wconf 83' lang='lat' dir='ltr'>Ga—</span> 
     </span>
     <span class='ocr_line' id='line_1_5' title="bbox 405 412 1160 461; baseline -0.003 -13"><span class='ocrx_word' id='word_1_21' title='bbox 405 438 430 456; x_wconf 86' lang='lat'><strong><em>„</em></strong></span> <span class='ocrx_word' id='word_1_22' title='bbox 458 413 606 453; x_wconf 79' lang='lat' dir='ltr'>staldio,</span> <span class='ocrx_word' id='word_1_23' title='bbox 643 424 703 449; x_wconf 85' lang='lat' dir='ltr'>aut</span> <span class='ocrx_word' id='word_1_24' title='bbox 730 413 975 461; x_wconf 77' lang='lat' dir='ltr'>cujuscumque</span> <span class='ocrx_word' id='word_1_25' title='bbox 1007 412 1160 461; x_wconf 75' lang='lat' dir='ltr'>dignita-</span> 
     </span>
     <span class='ocr_line' id='line_1_6' title="bbox 405 463 1159 512; baseline 0 -15"><span class='ocrx_word' id='word_1_26' title='bbox 405 487 430 507; x_wconf 92' lang='lat'><strong>„</strong></span> <span class='ocrx_word' id='word_1_27' title='bbox 460 463 504 498; x_wconf 81' lang='lat' dir='ltr'>ris</span> <span class='ocrx_word' id='word_1_28' title='bbox 525 464 657 512; x_wconf 82' lang='lat' dir='ltr'>major,</span> <span class='ocrx_word' id='word_1_29' title='bbox 687 466 742 499; x_wconf 88' lang='lat' dir='ltr'>vel</span> <span class='ocrx_word' id='word_1_30' title='bbox 764 464 880 500; x_wconf 87' lang='lat' dir='ltr'>minor</span> <span class='ocrx_word' id='word_1_31' title='bbox 900 463 1063 512; x_wconf 83' lang='lat' dir='ltr'>persona,</span> <span class='ocrx_word' id='word_1_32' title='bbox 1085 476 1159 511; x_wconf 80' lang='lat' dir='ltr'>pre-</span> 
     </span>
     <span class='ocr_line' id='line_1_7' title="bbox 405 513 1158 557; baseline -0.003 -8"><span class='ocrx_word' id='word_1_33' title='bbox 405 538 430 557; x_wconf 86' lang='lat'><strong>„</strong></span> <span class='ocrx_word' id='word_1_34' title='bbox 457 513 552 550; x_wconf 59' lang='lat' dir='ltr'>difiia</span> <span class='ocrx_word' id='word_1_35' title='bbox 579 514 789 550; x_wconf 88' lang='lat' dir='ltr'>Monasteria</span> <span class='ocrx_word' id='word_1_36' title='bbox 818 515 873 550; x_wconf 89' lang='lat' dir='ltr'>vel</span> <span class='ocrx_word' id='word_1_37' title='bbox 901 527 1021 549; x_wconf 89' lang='lat' dir='ltr'>eorum</span> <span class='ocrx_word' id='word_1_38' title='bbox 1055 515 1131 548; x_wconf 84' lang='lat' dir='ltr'>loca</span> <span class='ocrx_word' id='word_1_39' title='bbox 1149 540 1158 556; x_wconf 89' lang='lat'>‚</span> 
     </span>
     <span class='ocr_line' id='line_1_8' title="bbox 404 563 1157 612; baseline -0.004 -12"><span class='ocrx_word' id='word_1_40' title='bbox 404 588 429 607; x_wconf 87' lang='lat'>‚,</span> <span class='ocrx_word' id='word_1_41' title='bbox 456 577 544 612; x_wconf 81' lang='lat' dir='ltr'>quae</span> <span class='ocrx_word' id='word_1_42' title='bbox 565 564 670 599; x_wconf 87' lang='lat' dir='ltr'>modo</span> <span class='ocrx_word' id='word_1_43' title='bbox 690 566 731 599; x_wconf 91' lang='lat' dir='ltr'>de</span> <span class='ocrx_word' id='word_1_44' title='bbox 751 564 1038 612; x_wconf 82' lang='lat' dir='ltr'>Congregatione</span> <span class='ocrx_word' id='word_1_45' title='bbox 1058 563 1157 606; x_wconf 86' lang='lat' dir='ltr'>sunt,</span> 
     </span>
     <span class='ocr_line' id='line_1_9' title="bbox 405 613 1156 662; baseline -0.003 -13"><span class='ocrx_word' id='word_1_46' title='bbox 405 639 429 658; x_wconf 91' lang='lat'>‚,</span> <span class='ocrx_word' id='word_1_47' title='bbox 457 624 516 649; x_wconf 85' lang='lat' dir='ltr'>aut</span> <span class='ocrx_word' id='word_1_48' title='bbox 543 614 580 649; x_wconf 88' lang='lat' dir='ltr'>in</span> <span class='ocrx_word' id='word_1_49' title='bbox 608 613 725 649; x_wconf 88' lang='lat' dir='ltr'>futuro</span> <span class='ocrx_word' id='word_1_50' title='bbox 762 614 826 649; x_wconf 78' lang='lat' dir='ltr'>esse</span> <span class='ocrx_word' id='word_1_51' title='bbox 863 622 1048 662; x_wconf 84' lang='lat' dir='ltr'>poterunt,</span> <span class='ocrx_word' id='word_1_52' title='bbox 1085 623 1156 648; x_wconf 79' lang='lat' dir='ltr'>tam</span> 
     </span>
     <span class='ocr_line' id='line_1_10' title="bbox 403 663 1157 711; baseline -0.003 -12"><span class='ocrx_word' id='word_1_53' title='bbox 403 689 428 707; x_wconf 89' lang='lat'>‚‚</span> <span class='ocrx_word' id='word_1_54' title='bbox 457 677 575 699; x_wconf 90' lang='lat' dir='ltr'>eorum</span> <span class='ocrx_word' id='word_1_55' title='bbox 614 663 856 711; x_wconf 77' lang='lat' dir='ltr'>poffeffiones,</span> <span class='ocrx_word' id='word_1_56' title='bbox 893 664 997 711; x_wconf 59' lang='lat' dir='ltr'>quhm</span> <span class='ocrx_word' id='word_1_57' title='bbox 1034 663 1071 698; x_wconf 90' lang='lat' dir='ltr'>in</span> <span class='ocrx_word' id='word_1_58' title='bbox 1099 677 1157 698; x_wconf 90' lang='lat' dir='ltr'>eo-</span> 
     </span>
     <span class='ocr_line' id='line_1_11' title="bbox 402 713 1154 762; baseline -0.001 -12"><span class='ocrx_word' id='word_1_59' title='bbox 402 739 427 757; x_wconf 92' lang='lat'><strong>„</strong></span> <span class='ocrx_word' id='word_1_60' title='bbox 455 728 530 750; x_wconf 89' lang='lat' dir='ltr'>rum</span> <span class='ocrx_word' id='word_1_61' title='bbox 543 713 801 762; x_wconf 70' lang='lat' dir='ltr'>possessionibus</span> <span class='ocrx_word' id='word_1_62' title='bbox 813 722 1068 749; x_wconf 83' lang='lat' dir='ltr'>commorantes</span> <span class='ocrx_word' id='word_1_63' title='bbox 1080 727 1154 762; x_wconf 89' lang='lat' dir='ltr'>pre-</span> 
     </span>
     <span class='ocr_line' id='line_1_12' title="bbox 403 764 1154 812; baseline -0.001 -12"><span class='ocrx_word' id='word_1_64' title='bbox 403 790 427 807; x_wconf 90' lang='lat'><strong>„</strong></span> <span class='ocrx_word' id='word_1_65' title='bbox 456 764 591 801; x_wconf 84' lang='lat' dir='ltr'>sumant</span> <span class='ocrx_word' id='word_1_66' title='bbox 619 765 722 800; x_wconf 83' lang='lat' dir='ltr'>solita</span> <span class='ocrx_word' id='word_1_67' title='bbox 749 764 877 812; x_wconf 81' lang='lat' dir='ltr'>injuria</span> <span class='ocrx_word' id='word_1_68' title='bbox 898 764 1093 800; x_wconf 86' lang='lat' dir='ltr'>molestare.</span> <span class='ocrx_word' id='word_1_69' title='bbox 1122 767 1154 799; x_wconf 73' lang='lat' dir='ltr'>Si</span> 
     </span>
     <span class='ocr_line' id='line_1_13' title="bbox 402 813 1156 863; baseline -0.001 -13"><span class='ocrx_word' id='word_1_70' title='bbox 402 840 426 859; x_wconf 85' lang='lat'>‚,</span> <span class='ocrx_word' id='word_1_71' title='bbox 453 815 531 862; x_wconf 88' lang='lat' dir='ltr'>quis</span> <span class='ocrx_word' id='word_1_72' title='bbox 548 824 662 850; x_wconf 87' lang='lat' dir='ltr'>autem</span> <span class='ocrx_word' id='word_1_73' title='bbox 676 842 685 857; x_wconf 88' lang='lat'>‚</span> <span class='ocrx_word' id='word_1_74' title='bbox 697 814 790 862; x_wconf 87' lang='lat' dir='ltr'>quod</span> <span class='ocrx_word' id='word_1_75' title='bbox 802 814 886 849; x_wconf 88' lang='lat' dir='ltr'>absit</span> <span class='ocrx_word' id='word_1_76' title='bbox 899 842 907 858; x_wconf 90' lang='lat'>,</span> <span class='ocrx_word' id='word_1_77' title='bbox 925 814 1090 863; x_wconf 88' lang='lat' dir='ltr'>presentis</span> <span class='ocrx_word' id='word_1_78' title='bbox 1103 813 1156 849; x_wconf 82' lang='lat' dir='ltr'>in-</span> 
     </span>
     <span class='ocr_line' id='line_1_14' title="bbox 402 865 1157 913; baseline -0.001 -13"><span class='ocrx_word' id='word_1_79' title='bbox 402 891 426 909; x_wconf 88' lang='lat'>„</span> <span class='ocrx_word' id='word_1_80' title='bbox 453 865 646 901; x_wconf 82' lang='lat' dir='ltr'>stitutionis</span> <span class='ocrx_word' id='word_1_81' title='bbox 678 865 785 900; x_wconf 84' lang='lat' dir='ltr'>nostre</span> <span class='ocrx_word' id='word_1_82' title='bbox 815 865 977 913; x_wconf 84' lang='lat' dir='ltr'>paginam</span> <span class='ocrx_word' id='word_1_83' title='bbox 1010 873 1157 900; x_wconf 82' lang='lat' dir='ltr'>temera-</span> 
     </span>
     <span class='ocr_line' id='line_1_15' title="bbox 401 914 1157 964; baseline -0.003 -13"><span class='ocrx_word' id='word_1_84' title='bbox 401 941 425 959; x_wconf 90' lang='lat'>‚,</span> <span class='ocrx_word' id='word_1_85' title='bbox 453 929 489 951; x_wconf 86' lang='lat' dir='ltr'>re</span> <span class='ocrx_word' id='word_1_86' title='bbox 509 924 568 951; x_wconf 86' lang='lat' dir='ltr'>aut</span> <span class='ocrx_word' id='word_1_87' title='bbox 588 915 777 964; x_wconf 86' lang='lat' dir='ltr'>infringere</span> <span class='ocrx_word' id='word_1_88' title='bbox 803 914 1051 963; x_wconf 85' lang='lat' dir='ltr'>temptaverit,</span> <span class='ocrx_word' id='word_1_89' title='bbox 1076 928 1157 950; x_wconf 85' lang='lat' dir='ltr'>cen—</span> 
     </span>
     <span class='ocr_line' id='line_1_16' title="bbox 402 965 1153 1014; baseline -0.004 -13"><span class='ocrx_word' id='word_1_90' title='bbox 402 992 425 1010; x_wconf 93' lang='lat'><strong>„</strong></span> <span class='ocrx_word' id='word_1_91' title='bbox 453 975 529 1001; x_wconf 86' lang='lat' dir='ltr'>tum</span> <span class='ocrx_word' id='word_1_92' title='bbox 549 965 676 1001; x_wconf 83' lang='lat' dir='ltr'>Libras</span> <span class='ocrx_word' id='word_1_93' title='bbox 696 965 853 1014; x_wconf 84' lang='lat' dir='ltr'>argenti,</span> <span class='ocrx_word' id='word_1_94' title='bbox 873 966 1069 1000; x_wconf 80' lang='lat' dir='ltr'>medietatem</span> <span class='ocrx_word' id='word_1_95' title='bbox 1089 968 1153 999; x_wconf 74' lang='lat' dir='ltr'>Ca-</span> 
     </span>
     <span class='ocr_line' id='line_1_17' title="bbox 401 1015 1155 1062; baseline 0.003 -14"><span class='ocrx_word' id='word_1_96' title='bbox 401 1042 425 1059; x_wconf 82' lang='lat'>„</span> <span class='ocrx_word' id='word_1_97' title='bbox 453 1030 552 1050; x_wconf 74' lang='lat' dir='ltr'>merae</span> <span class='ocrx_word' id='word_1_98' title='bbox 567 1017 703 1058; x_wconf 74' lang='lat' dir='ltr'>nostrae,</span> <span class='ocrx_word' id='word_1_99' title='bbox 721 1016 825 1051; x_wconf 87' lang='lat' dir='ltr'>aliam</span> <span class='ocrx_word' id='word_1_100' title='bbox 838 1015 1061 1051; x_wconf 82' lang='lat' dir='ltr'>medietatem</span> <span class='ocrx_word' id='word_1_101' title='bbox 1079 1028 1155 1062; x_wconf 90' lang='lat' dir='ltr'>pre-</span> 
     </span>
     <span class='ocr_line' id='line_1_18' title="bbox 400 1064 1181 1119; baseline -0.003 -18"><span class='ocrx_word' id='word_1_102' title='bbox 400 1092 424 1110; x_wconf 83' lang='lat'><strong>„</strong></span> <span class='ocrx_word' id='word_1_103' title='bbox 452 1066 556 1101; x_wconf 62' lang='lat' dir='ltr'>difitis</span> <span class='ocrx_word' id='word_1_104' title='bbox 585 1066 827 1110; x_wconf 85' lang='lat' dir='ltr'>Monasteriis,</span> <span class='ocrx_word' id='word_1_105' title='bbox 855 1079 978 1114; x_wconf 85' lang='lat' dir='ltr'>penam</span> <span class='ocrx_word' id='word_1_106' title='bbox 1007 1064 1038 1099; x_wconf 92' lang='lat' dir='ltr'>se</span> <span class='ocrx_word' id='word_1_107' title='bbox 1059 1065 1181 1119; x_wconf 71' lang='lat' dir='ltr'>com—¹</span> 
     </span>
     <span class='ocr_line' id='line_1_19' title="bbox 400 1115 1155 1172; baseline -0.003 -21"><span class='ocrx_word' id='word_1_108' title='bbox 400 1142 424 1160; x_wconf 90' lang='lat'>,‚</span> <span class='ocrx_word' id='word_1_109' title='bbox 453 1115 641 1164; x_wconf 84' lang='lat' dir='ltr'>positurum</span> <span class='ocrx_word' id='word_1_110' title='bbox 678 1118 845 1151; x_wconf 83' lang='lat' dir='ltr'>noverit:</span> <span class='ocrx_word' id='word_1_111' title='bbox 889 1115 1065 1172; x_wconf 79' lang='lat' dir='ltr'>Scriptum</span> <span class='ocrx_word' id='word_1_112' title='bbox 1102 1124 1155 1149; x_wconf 83' lang='lat' dir='ltr'>ta-</span> 
     </span>
     <span class='ocr_line' id='line_1_20' title="bbox 400 1164 1155 1214; baseline 0 -14"><span class='ocrx_word' id='word_1_113' title='bbox 400 1192 424 1209; x_wconf 89' lang='lat'><strong>„</strong></span> <span class='ocrx_word' id='word_1_114' title='bbox 453 1179 554 1209; x_wconf 85' lang='lat' dir='ltr'>men,</span> <span class='ocrx_word' id='word_1_115' title='bbox 582 1165 674 1213; x_wconf 84' lang='lat' dir='ltr'>quod</span> <span class='ocrx_word' id='word_1_116' title='bbox 703 1165 777 1201; x_wconf 80' lang='lat' dir='ltr'>fieri</span> <span class='ocrx_word' id='word_1_117' title='bbox 806 1164 989 1214; x_wconf 81' lang='lat' dir='ltr'>jussimus,</span> <span class='ocrx_word' id='word_1_118' title='bbox 1028 1165 1066 1200; x_wconf 90' lang='lat' dir='ltr'>in</span> <span class='ocrx_word' id='word_1_119' title='bbox 1097 1164 1155 1200; x_wconf 85' lang='lat' dir='ltr'>suo</span> 
     </span>
     <span class='ocr_line' id='line_1_21' title="bbox 400 1215 1155 1263; baseline 0 -13"><span class='ocrx_word' id='word_1_120' title='bbox 400 1242 424 1259; x_wconf 85' lang='lat'>,‚</span> <span class='ocrx_word' id='word_1_121' title='bbox 453 1216 583 1263; x_wconf 80' lang='lat' dir='ltr'>semper</span> <span class='ocrx_word' id='word_1_122' title='bbox 602 1216 726 1251; x_wconf 68' lang='lat' dir='ltr'>1-·0b02e</span> <span class='ocrx_word' id='word_1_123' title='bbox 746 1224 964 1263; x_wconf 77' lang='lat' dir='ltr'>permaneat.</span> <span class='ocrx_word' id='word_1_124' title='bbox 989 1215 1094 1261; x_wconf 87' lang='lat' dir='ltr'>Quod</span> <span class='ocrx_word' id='word_1_125' title='bbox 1117 1224 1155 1250; x_wconf 92' lang='lat' dir='ltr'>ut</span> 
     </span>
     <span class='ocr_line' id='line_1_22' title="bbox 400 1265 1155 1313; baseline -0.001 -12"><span class='ocrx_word' id='word_1_126' title='bbox 400 1293 424 1310; x_wconf 91' lang='lat'>„</span> <span class='ocrx_word' id='word_1_127' title='bbox 452 1279 568 1301; x_wconf 73' lang='lat' dir='ltr'>verius</span> <span class='ocrx_word' id='word_1_128' title='bbox 604 1265 762 1301; x_wconf 85' lang='lat' dir='ltr'>credatur</span> <span class='ocrx_word' id='word_1_129' title='bbox 789 1267 823 1301; x_wconf 74' lang='grc' dir='ltr'>ὃ(</span> <span class='ocrx_word' id='word_1_130' title='bbox 854 1265 980 1301; x_wconf 86' lang='lat' dir='ltr'>futuris</span> <span class='ocrx_word' id='word_1_131' title='bbox 1019 1275 1155 1313; x_wconf 88' lang='lat' dir='ltr'>tempo-</span> 
     </span>
     <span class='ocr_line' id='line_1_23' title="bbox 398 1315 1154 1361; baseline 0 -10"><span class='ocrx_word' id='word_1_132' title='bbox 398 1342 422 1361; x_wconf 89' lang='lat'><strong>„</strong></span> <span class='ocrx_word' id='word_1_133' title='bbox 450 1316 544 1351; x_wconf 89' lang='lat' dir='ltr'>ribus</span> <span class='ocrx_word' id='word_1_134' title='bbox 572 1316 811 1352; x_wconf 78' lang='lat' dir='ltr'>inconcussum</span> <span class='ocrx_word' id='word_1_135' title='bbox 839 1317 872 1351; x_wconf 73' lang='lat'>8:</span> <span class='ocrx_word' id='word_1_136' title='bbox 902 1315 1113 1351; x_wconf 81' lang='lat' dir='ltr'>inviolabile</span> <span class='ocrx_word' id='word_1_137' title='bbox 1136 1329 1154 1350; x_wconf 85' lang='lat' dir='ltr'>a</span> 
     </span>
     <span class='ocr_line' id='line_1_24' title="bbox 397 1366 1154 1415; baseline 0.001 -15"><span class='ocrx_word' id='word_1_138' title='bbox 397 1392 420 1410; x_wconf 82' lang='lat'>,‚</span> <span class='ocrx_word' id='word_1_139' title='bbox 449 1366 568 1415; x_wconf 79' lang='lat' dir='ltr'>poster&#39;</span> <span class='ocrx_word' id='word_1_140' title='bbox 560 1379 588 1401; x_wconf 83' lang='lat' dir='ltr'>is</span> <span class='ocrx_word' id='word_1_141' title='bbox 608 1366 796 1410; x_wconf 83' lang='lat' dir='ltr'>habeatur,</span> <span class='ocrx_word' id='word_1_142' title='bbox 822 1366 925 1402; x_wconf 89' lang='lat' dir='ltr'>nostri</span> <span class='ocrx_word' id='word_1_143' title='bbox 946 1366 1095 1414; x_wconf 85' lang='lat' dir='ltr'>Sigilli</span> <span class='ocrx_word' id='word_1_144' title='bbox 1086 1379 1154 1401; x_wconf 81' lang='lat' dir='ltr'>im-</span> 
     </span>
     <span class='ocr_line' id='line_1_25' title="bbox 397 1415 1154 1465; baseline 0 -14"><span class='ocrx_word' id='word_1_145' title='bbox 397 1444 421 1462; x_wconf 81' lang='lat'>„</span> <span class='ocrx_word' id='word_1_146' title='bbox 449 1416 616 1465; x_wconf 84' lang='lat' dir='ltr'>preffione</span> <span class='ocrx_word' id='word_1_147' title='bbox 636 1415 674 1451; x_wconf 88' lang='lat'>&amp;</span> <span class='ocrx_word' id='word_1_148' title='bbox 696 1416 833 1464; x_wconf 81' lang='lat' dir='ltr'>proprie</span> <span class='ocrx_word' id='word_1_149' title='bbox 861 1429 982 1451; x_wconf 85' lang='lat' dir='ltr'>manus</span> <span class='ocrx_word' id='word_1_150' title='bbox 1011 1415 1154 1451; x_wconf 77' lang='lat' dir='ltr'>subscii—</span> 
     </span>
     <span class='ocr_line' id='line_1_26' title="bbox 396 1465 1152 1515; baseline -0.001 -13"><span class='ocrx_word' id='word_1_151' title='bbox 396 1494 420 1512; x_wconf 85' lang='lat'>,‚</span> <span class='ocrx_word' id='word_1_152' title='bbox 449 1467 569 1515; x_wconf 88' lang='lat' dir='ltr'>ptione</span> <span class='ocrx_word' id='word_1_153' title='bbox 597 1466 838 1510; x_wconf 88' lang='lat' dir='ltr'>firmavimus,</span> <span class='ocrx_word' id='word_1_154' title='bbox 874 1468 908 1501; x_wconf 73' lang='grc' dir='ltr'>ὃ(</span> <span class='ocrx_word' id='word_1_155' title='bbox 947 1465 1152 1514; x_wconf 80' lang='lat' dir='ltr'>prescriptos</span> 
     </span>
     <span class='ocr_line' id='line_1_27' title="bbox 395 1515 1049 1562; baseline -0.005 -9"><span class='ocrx_word' id='word_1_156' title='bbox 395 1545 419 1562; x_wconf 86' lang='lat'>‚,</span> <span class='ocrx_word' id='word_1_157' title='bbox 447 1516 611 1553; x_wconf 83' lang='lat' dir='ltr'>Comites</span> <span class='ocrx_word' id='word_1_158' title='bbox 639 1516 848 1552; x_wconf 88' lang='lat' dir='ltr'>subscribere</span> <span class='ocrx_word' id='word_1_159' title='bbox 875 1515 1049 1552; x_wconf 73' lang='lat' dir='ltr'>ferimus„</span> 
     </span>
    </p>

    <p class='ocr_par' dir='ltr' id='par_1_3' title="bbox 392 1565 1150 1763">
     <span class='ocr_line' id='line_1_28' title="bbox 445 1565 1149 1615; baseline -0.001 -13"><span class='ocrx_word' id='word_1_160' title='bbox 445 1594 469 1612; x_wconf 93' lang='lat'><strong>„</strong></span> <span class='ocrx_word' id='word_1_161' title='bbox 498 1567 630 1602; x_wconf 62' lang='lat' dir='ltr'>Acium</span> <span class='ocrx_word' id='word_1_162' title='bbox 652 1565 696 1601; x_wconf 89' lang='lat' dir='ltr'>est</span> <span class='ocrx_word' id='word_1_163' title='bbox 724 1566 789 1602; x_wconf 89' lang='lat' dir='ltr'>hoc</span> <span class='ocrx_word' id='word_1_164' title='bbox 817 1568 905 1615; x_wconf 81' lang='lat' dir='ltr'>apud</span> <span class='ocrx_word' id='word_1_165' title='bbox 935 1565 1149 1602; x_wconf 72' lang='lat' dir='ltr'>Florentiam</span> 
     </span>
     <span class='ocr_line' id='line_1_29' title="bbox 394 1615 1146 1666; baseline -0.004 -12"><span class='ocrx_word' id='word_1_166' title='bbox 394 1644 418 1663; x_wconf 85' lang='lat'><strong>„</strong></span> <span class='ocrx_word' id='word_1_167' title='bbox 446 1631 505 1666; x_wconf 88' lang='lat' dir='ltr'>per</span> <span class='ocrx_word' id='word_1_168' title='bbox 547 1629 688 1651; x_wconf 86' lang='lat' dir='ltr'>manum</span> <span class='ocrx_word' id='word_1_169' title='bbox 737 1617 894 1665; x_wconf 83' lang='lat' dir='ltr'>Frogerii</span> <span class='ocrx_word' id='word_1_170' title='bbox 936 1615 1146 1664; x_wconf 76' lang='lat' dir='ltr'>Cappellani</span> 
     </span>
     <span class='ocr_line' id='line_1_30' title="bbox 393 1667 1150 1716; baseline -0.003 -13"><span class='ocrx_word' id='word_1_171' title='bbox 393 1695 416 1712; x_wconf 90' lang='lat'>„</span> <span class='ocrx_word' id='word_1_172' title='bbox 445 1667 634 1716; x_wconf 80' lang='lat' dir='ltr'>presidente</span> <span class='ocrx_word' id='word_1_173' title='bbox 664 1669 804 1702; x_wconf 85' lang='lat' dir='ltr'>Domna</span> <span class='ocrx_word' id='word_1_174' title='bbox 840 1667 994 1703; x_wconf 83' lang='lat' dir='ltr'>Matilda</span> <span class='ocrx_word' id='word_1_175' title='bbox 1022 1667 1058 1701; x_wconf 85' lang='lat' dir='ltr'>in</span> <span class='ocrx_word' id='word_1_176' title='bbox 1088 1669 1150 1701; x_wconf 72' lang='lat' dir='ltr'>Pa-</span> 
     </span>
     <span class='ocr_line' id='line_1_31' title="bbox 392 1716 828 1763; baseline -0.005 -9"><span class='ocrx_word' id='word_1_177' title='bbox 392 1745 416 1763; x_wconf 87' lang='lat'><strong>„</strong></span> <span class='ocrx_word' id='word_1_178' title='bbox 444 1719 537 1755; x_wconf 88' lang='lat' dir='ltr'>lacio</span> <span class='ocrx_word' id='word_1_179' title='bbox 565 1716 624 1752; x_wconf 91' lang='lat' dir='ltr'>suo</span> <span class='ocrx_word' id='word_1_180' title='bbox 652 1716 828 1752; x_wconf 84' lang='lat' dir='ltr'>feliciter.</span> 
     </span>
    </p>
   </div>
   <div class='ocr_carea' id='block_1_3' title="bbox 431 1789 820 2169">
    <p class='ocr_par' dir='ltr' id='par_1_4' title="bbox 431 1789 820 2169">
     <span class='ocr_line' id='line_1_32' title="bbox 431 1789 820 2169; baseline 0 936"><span class='ocrx_word' id='word_1_181' title='bbox 431 1789 820 2169; x_wconf 95' lang='lat' dir='ltr'> </span> 
     </span>
    </p>
   </div>
   <div class='ocr_carea' id='block_1_4' title="bbox 778 171 1665 294">
    <p class='ocr_par' dir='ltr' id='par_1_5' title="bbox 778 171 1665 294">
     <span class='ocr_line' id='line_1_33' title="bbox 778 171 1665 294; baseline -0.001 -48"><span class='ocrx_word' id='word_1_182' title='bbox 778 171 1445 294; x_wconf 52' lang='lat' dir='ltr'><strong><em>ANTIQUIT.&lt;14EDIJ</em></strong></span> <span class='ocrx_word' id='word_1_183' title='bbox 1481 201 1665 245; x_wconf 82' lang='lat' dir='ltr'><em>AEVI</em></span> 
     </span>
    </p>
   </div>
   <div class='ocr_carea' id='block_1_5' title="bbox 1196 1167 1227 1202">
    <p class='ocr_par' dir='ltr' id='par_1_6' title="bbox 1196 1167 1227 1202">
     <span class='ocr_line' id='line_1_34' title="bbox 1196 1167 1227 1202; baseline 0 -2"><span class='ocrx_word' id='word_1_184' title='bbox 1196 1167 1227 1202; x_wconf 90' lang='lat' dir='ltr'>C</span> 
     </span>
    </p>
   </div>
   <div class='ocr_carea' id='block_1_6' title="bbox 1260 220 2028 2101">
    <p class='ocr_par' dir='ltr' id='par_1_7' title="bbox 1892 220 1910 248">
     <span class='ocr_line' id='line_1_35' title="bbox 1892 220 1910 248; baseline 0 0"><span class='ocrx_word' id='word_1_185' title='bbox 1892 220 1910 248; x_wconf 82' lang='lat'>1</span> 
     </span>
    </p>

    <p class='ocr_par' dir='ltr' id='par_1_8' title="bbox 1273 220 2028 358">
     <span class='ocr_line' id='line_1_36' title="bbox 1323 220 2028 310; baseline 0.007 -17"><span class='ocrx_word' id='word_1_186' title='bbox 1323 285 1347 303; x_wconf 89' lang='lat'>,‚</span> <span class='ocrx_word' id='word_1_187' title='bbox 1375 261 1450 307; x_wconf 78' lang='lat' dir='ltr'>Ego</span> <span class='ocrx_word' id='word_1_188' title='bbox 1479 262 1634 309; x_wconf 80' lang='lat' dir='ltr'>Paganus</span> <span class='ocrx_word' id='word_1_189' title='bbox 1662 261 1730 302; x_wconf 88' lang='lat' dir='ltr'>Dei</span> <span class='ocrx_word' id='word_1_190' title='bbox 1758 261 1868 310; x_wconf 55' lang='lat' dir='ltr'>grati&amp;</span> <span class='ocrx_word' id='word_1_191' title='bbox 1897 220 2028 300; x_wconf 60' lang='lat' dir='ltr'>R4o4ma-</span> 
     </span>
     <span class='ocr_line' id='line_1_37' title="bbox 1273 311 2027 358; baseline 0.005 -15"><span class='ocrx_word' id='word_1_192' title='bbox 1273 336 1296 353; x_wconf 92' lang='lat'>‚,</span> <span class='ocrx_word' id='word_1_193' title='bbox 1324 322 1387 344; x_wconf 85' lang='lat' dir='ltr'>nae</span> <span class='ocrx_word' id='word_1_194' title='bbox 1412 311 1581 346; x_wconf 78' lang='lat' dir='ltr'>Ecclesiae</span> <span class='ocrx_word' id='word_1_195' title='bbox 1601 313 1800 348; x_wconf 83' lang='lat' dir='ltr'>Cardinalis</span> <span class='ocrx_word' id='word_1_196' title='bbox 1828 312 2027 358; x_wconf 76' lang='lat' dir='ltr'>subscripsi.</span> 
     </span>
    </p>

    <p class='ocr_par' dir='ltr' id='par_1_9' title="bbox 1273 362 2026 459">
     <span class='ocr_line' id='line_1_38' title="bbox 1323 362 2026 412; baseline 0.006 -17"><span class='ocrx_word' id='word_1_197' title='bbox 1323 386 1348 404; x_wconf 88' lang='lat'>‚,</span> <span class='ocrx_word' id='word_1_198' title='bbox 1374 362 1450 409; x_wconf 87' lang='lat' dir='ltr'>Ego</span> <span class='ocrx_word' id='word_1_199' title='bbox 1479 363 1600 397; x_wconf 87' lang='lat' dir='ltr'>Petrus</span> <span class='ocrx_word' id='word_1_200' title='bbox 1638 362 1846 399; x_wconf 69' lang='lat' dir='ltr'>Pistoriensis</span> <span class='ocrx_word' id='word_1_201' title='bbox 1881 363 2026 412; x_wconf 83' lang='lat' dir='ltr'>Episco-</span> 
     </span>
     <span class='ocr_line' id='line_1_39' title="bbox 1273 411 1612 459; baseline 0.006 -15"><span class='ocrx_word' id='word_1_202' title='bbox 1273 436 1298 454; x_wconf 84' lang='lat'>‚,</span> <span class='ocrx_word' id='word_1_203' title='bbox 1326 424 1387 458; x_wconf 89' lang='lat' dir='ltr'>pus</span> <span class='ocrx_word' id='word_1_204' title='bbox 1416 411 1612 459; x_wconf 74' lang='lat' dir='ltr'>subscripsi.</span> 
     </span>
    </p>

    <p class='ocr_par' dir='ltr' id='par_1_10' title="bbox 1272 461 2026 559">
     <span class='ocr_line' id='line_1_40' title="bbox 1337 461 2026 510; baseline 0.006 -14.227"><span class='ocrx_word' id='word_1_205' title='bbox 1337 463 1450 510; x_wconf 73' lang='lat' dir='ltr'>,Ego</span> <span class='ocrx_word' id='word_1_206' title='bbox 1476 461 1595 498; x_wconf 84' lang='lat' dir='ltr'>Guido</span> <span class='ocrx_word' id='word_1_207' title='bbox 1633 464 1762 499; x_wconf 87' lang='lat' dir='ltr'>Comes</span> <span class='ocrx_word' id='word_1_208' title='bbox 1798 463 1910 500; x_wconf 87' lang='lat' dir='ltr'>libens</span> <span class='ocrx_word' id='word_1_209' title='bbox 1948 464 2026 500; x_wconf 81' lang='lat' dir='ltr'>sub-</span> 
     </span>
     <span class='ocr_line' id='line_1_41' title="bbox 1272 488 1461 559; baseline -0.005 -11"><span class='ocrx_word' id='word_1_210' title='bbox 1272 534 1294 554; x_wconf 78' lang='grc'>,.</span> <span class='ocrx_word' id='word_1_211' title='bbox 1322 488 1461 559; x_wconf 77' lang='lat' dir='ltr'>scripsi.</span> 
     </span>
    </p>

    <p class='ocr_par' dir='ltr' id='par_1_11' title="bbox 1273 563 2027 662">
     <span class='ocr_line' id='line_1_42' title="bbox 1323 563 2027 612; baseline 0.003 -15"><span class='ocrx_word' id='word_1_212' title='bbox 1323 589 1346 606; x_wconf 93' lang='lat'>‚‚</span> <span class='ocrx_word' id='word_1_213' title='bbox 1374 564 1450 609; x_wconf 85' lang='lat' dir='ltr'>Ego</span> <span class='ocrx_word' id='word_1_214' title='bbox 1477 563 1595 599; x_wconf 89' lang='lat' dir='ltr'>Guido</span> <span class='ocrx_word' id='word_1_215' title='bbox 1632 563 1854 612; x_wconf 86' lang='lat' dir='ltr'>suprascripti</span> <span class='ocrx_word' id='word_1_216' title='bbox 1890 563 2027 599; x_wconf 86' lang='lat' dir='ltr'>Guido-</span> 
     </span>
     <span class='ocr_line' id='line_1_43' title="bbox 1273 612 1723 662; baseline 0.004 -15"><span class='ocrx_word' id='word_1_217' title='bbox 1273 637 1296 656; x_wconf 89' lang='lat'>„</span> <span class='ocrx_word' id='word_1_218' title='bbox 1324 612 1378 648; x_wconf 88' lang='lat' dir='ltr'>nis</span> <span class='ocrx_word' id='word_1_219' title='bbox 1406 612 1499 649; x_wconf 85' lang='lat' dir='ltr'>filius</span> <span class='ocrx_word' id='word_1_220' title='bbox 1528 613 1723 662; x_wconf 85' lang='lat' dir='ltr'>subscripsi.</span> 
     </span>
    </p>

    <p class='ocr_par' dir='ltr' id='par_1_12' title="bbox 1271 663 2027 762">
     <span class='ocr_line' id='line_1_44' title="bbox 1322 663 2027 711; baseline 0.004 -13"><span class='ocrx_word' id='word_1_221' title='bbox 1322 690 1346 706; x_wconf 89' lang='lat'>‚,</span> <span class='ocrx_word' id='word_1_222' title='bbox 1373 665 1449 711; x_wconf 79' lang='lat' dir='ltr'>Ego</span> <span class='ocrx_word' id='word_1_223' title='bbox 1490 663 1680 700; x_wconf 87' lang='lat' dir='ltr'>Ardericus</span> <span class='ocrx_word' id='word_1_224' title='bbox 1724 664 1834 708; x_wconf 83' lang='lat' dir='ltr'>Judex</span> <span class='ocrx_word' id='word_1_225' title='bbox 1880 664 2027 701; x_wconf 86' lang='lat' dir='ltr'>interfui</span> 
     </span>
     <span class='ocr_line' id='line_1_45' title="bbox 1271 713 1580 762; baseline 0.003 -14"><span class='ocrx_word' id='word_1_226' title='bbox 1271 739 1295 756; x_wconf 87' lang='lat'>‚‚</span> <span class='ocrx_word' id='word_1_227' title='bbox 1322 715 1355 748; x_wconf 66' lang='grc' dir='ltr'>δε</span> <span class='ocrx_word' id='word_1_228' title='bbox 1385 713 1580 762; x_wconf 81' lang='lat' dir='ltr'>subscripsi.</span> 
     </span>
    </p>

    <p class='ocr_par' dir='ltr' id='par_1_13' title="bbox 1271 764 2026 863">
     <span class='ocr_line' id='line_1_46' title="bbox 1322 764 2026 810; baseline 0.004 -12"><span class='ocrx_word' id='word_1_229' title='bbox 1322 790 1345 806; x_wconf 89' lang='lat'>„</span> <span class='ocrx_word' id='word_1_230' title='bbox 1373 766 1449 810; x_wconf 83' lang='lat' dir='ltr'>Ego</span> <span class='ocrx_word' id='word_1_231' title='bbox 1487 764 1643 800; x_wconf 87' lang='lat' dir='ltr'>Ubaldus</span> <span class='ocrx_word' id='word_1_232' title='bbox 1672 764 1879 801; x_wconf 87' lang='lat' dir='ltr'>Advocatus</span> <span class='ocrx_word' id='word_1_233' title='bbox 1916 765 2026 802; x_wconf 84' lang='lat' dir='ltr'>inter-</span> 
     </span>
     <span class='ocr_line' id='line_1_47' title="bbox 1271 813 1658 863; baseline 0.005 -15"><span class='ocrx_word' id='word_1_234' title='bbox 1271 839 1295 856; x_wconf 89' lang='lat'><strong>„</strong></span> <span class='ocrx_word' id='word_1_235' title='bbox 1323 813 1373 849; x_wconf 91' lang='lat' dir='ltr'>fui</span> <span class='ocrx_word' id='word_1_236' title='bbox 1401 816 1434 849; x_wconf 70' lang='grc' dir='ltr'>ὅ(</span> <span class='ocrx_word' id='word_1_237' title='bbox 1463 813 1658 863; x_wconf 83' lang='lat' dir='ltr'>subscripsi.</span> 
     </span>
    </p>

    <p class='ocr_par' dir='ltr' id='par_1_14' title="bbox 1265 865 2025 1513">
     <span class='ocr_line' id='line_1_48' title="bbox 1321 865 2024 914; baseline 0.004 -16"><span class='ocrx_word' id='word_1_238' title='bbox 1321 891 1345 908; x_wconf 83' lang='lat'><strong>„</strong></span> <span class='ocrx_word' id='word_1_239' title='bbox 1373 866 1448 912; x_wconf 79' lang='lat' dir='ltr'>Ego</span> <span class='ocrx_word' id='word_1_240' title='bbox 1489 874 1605 900; x_wconf 87' lang='lat' dir='ltr'>autem</span> <span class='ocrx_word' id='word_1_241' title='bbox 1652 865 1836 914; x_wconf 77' lang='lat' dir='ltr'>frogerius</span> <span class='ocrx_word' id='word_1_242' title='bbox 1876 865 2024 913; x_wconf 77' lang='lat' dir='ltr'>indigne</span> 
     </span>
     <span class='ocr_line' id='line_1_49' title="bbox 1271 914 2025 963; baseline 0.004 -15"><span class='ocrx_word' id='word_1_243' title='bbox 1271 939 1295 957; x_wconf 88' lang='lat'><strong>„</strong></span> <span class='ocrx_word' id='word_1_244' title='bbox 1323 914 1435 949; x_wconf 72' lang='lat' dir='ltr'>dic‘stus</span> <span class='ocrx_word' id='word_1_245' title='bbox 1463 915 1625 950; x_wconf 86' lang='lat' dir='ltr'>Sacerdos</span> <span class='ocrx_word' id='word_1_246' title='bbox 1644 942 1653 959; x_wconf 95' lang='lat'>,</span> <span class='ocrx_word' id='word_1_247' title='bbox 1689 916 1866 963; x_wconf 79' lang='lat' dir='ltr'>quondam</span> <span class='ocrx_word' id='word_1_248' title='bbox 1896 916 2025 963; x_wconf 74' lang='lat' dir='ltr'>Regini</span> 
     </span>
     <span class='ocr_line' id='line_1_50' title="bbox 1271 963 2025 1013; baseline 0.003 -14"><span class='ocrx_word' id='word_1_249' title='bbox 1271 990 1295 1008; x_wconf 89' lang='lat'>‚‚</span> <span class='ocrx_word' id='word_1_250' title='bbox 1323 963 1472 999; x_wconf 78' lang='lat' dir='ltr'>Presulis</span> <span class='ocrx_word' id='word_1_251' title='bbox 1499 965 1629 1013; x_wconf 81' lang='lat' dir='ltr'>egregii</span> <span class='ocrx_word' id='word_1_252' title='bbox 1666 967 1922 1013; x_wconf 79' lang='lat' dir='ltr'>Cappellanus,</span> <span class='ocrx_word' id='word_1_253' title='bbox 1959 967 2025 1001; x_wconf 79' lang='lat' dir='ltr'>hu-</span> 
     </span>
     <span class='ocr_line' id='line_1_51' title="bbox 1271 1014 2023 1060; baseline 0.003 -12"><span class='ocrx_word' id='word_1_254' title='bbox 1271 1040 1294 1056; x_wconf 88' lang='lat'><strong>„</strong></span> <span class='ocrx_word' id='word_1_255' title='bbox 1323 1014 1374 1060; x_wconf 83' lang='lat' dir='ltr'>jus</span> <span class='ocrx_word' id='word_1_256' title='bbox 1411 1017 1493 1049; x_wconf 78' lang='lat' dir='ltr'>vero</span> <span class='ocrx_word' id='word_1_257' title='bbox 1530 1015 1762 1049; x_wconf 84' lang='lat' dir='ltr'>institutionis</span> <span class='ocrx_word' id='word_1_258' title='bbox 1803 1015 1954 1050; x_wconf 57' lang='lat' dir='ltr'>diciator</span> <span class='ocrx_word' id='word_1_259' title='bbox 1989 1017 2023 1050; x_wconf 74' lang='lat' dir='ltr'>Sc</span> 
     </span>
     <span class='ocr_line' id='line_1_52' title="bbox 1271 1063 2023 1111; baseline 0.004 -14"><span class='ocrx_word' id='word_1_260' title='bbox 1271 1089 1294 1106; x_wconf 89' lang='lat'>‚,</span> <span class='ocrx_word' id='word_1_261' title='bbox 1322 1063 1469 1111; x_wconf 77' lang='lat' dir='ltr'>scriptor</span> <span class='ocrx_word' id='word_1_262' title='bbox 1489 1063 1732 1107; x_wconf 83' lang='lat' dir='ltr'>humillimus,</span> <span class='ocrx_word' id='word_1_263' title='bbox 1753 1073 1853 1099; x_wconf 77' lang='lat' dir='ltr'>tanto</span> <span class='ocrx_word' id='word_1_264' title='bbox 1878 1065 2023 1100; x_wconf 66' lang='lat' dir='ltr'>fiducia—</span> 
     </span>
     <span class='ocr_line' id='line_1_53' title="bbox 1270 1112 2023 1161; baseline 0.003 -13"><span class='ocrx_word' id='word_1_265' title='bbox 1270 1112 1390 1157; x_wconf 87' lang='lat' dir='ltr'>„lius</span> <span class='ocrx_word' id='word_1_266' title='bbox 1426 1114 1585 1149; x_wconf 87' lang='lat' dir='ltr'>omnium</span> <span class='ocrx_word' id='word_1_267' title='bbox 1623 1114 1828 1150; x_wconf 68' lang='lat' dir='ltr'>San&amp;orum</span> <span class='ocrx_word' id='word_1_268' title='bbox 1865 1117 2023 1161; x_wconf 75' lang='lat' dir='ltr'>Congre-</span> 
     </span>
     <span class='ocr_line' id='line_1_54' title="bbox 1270 1163 2020 1213; baseline 0.003 -15"><span class='ocrx_word' id='word_1_269' title='bbox 1270 1190 1294 1207; x_wconf 89' lang='lat'>„</span> <span class='ocrx_word' id='word_1_270' title='bbox 1321 1163 1544 1211; x_wconf 86' lang='lat' dir='ltr'>gationibus,</span> <span class='ocrx_word' id='word_1_271' title='bbox 1565 1177 1649 1211; x_wconf 83' lang='lat' dir='ltr'>quas</span> <span class='ocrx_word' id='word_1_272' title='bbox 1670 1164 1822 1213; x_wconf 87' lang='lat' dir='ltr'>superius</span> <span class='ocrx_word' id='word_1_273' title='bbox 1841 1178 2020 1200; x_wconf 85' lang='lat' dir='ltr'>commen-</span> 
     </span>
     <span class='ocr_line' id='line_1_55' title="bbox 1267 1214 2019 1263; baseline 0.003 -15"><span class='ocrx_word' id='word_1_274' title='bbox 1267 1240 1290 1257; x_wconf 88' lang='lat'>„</span> <span class='ocrx_word' id='word_1_275' title='bbox 1317 1217 1397 1249; x_wconf 87' lang='lat' dir='ltr'>dare</span> <span class='ocrx_word' id='word_1_276' title='bbox 1417 1214 1560 1263; x_wconf 85' lang='lat' dir='ltr'>indigne</span> <span class='ocrx_word' id='word_1_277' title='bbox 1579 1214 1712 1257; x_wconf 89' lang='lat' dir='ltr'>studui,</span> <span class='ocrx_word' id='word_1_278' title='bbox 1739 1216 1773 1250; x_wconf 60' lang='grc' dir='ltr'>ὃς</span> <span class='ocrx_word' id='word_1_279' title='bbox 1801 1228 1920 1250; x_wconf 86' lang='lat' dir='ltr'>eorum</span> <span class='ocrx_word' id='word_1_280' title='bbox 1944 1215 2019 1250; x_wconf 82' lang='lat' dir='ltr'>san-</span> 
     </span>
     <span class='ocr_line' id='line_1_56' title="bbox 1266 1263 2019 1307; baseline 0.001 -8"><span class='ocrx_word' id='word_1_281' title='bbox 1266 1291 1290 1307; x_wconf 86' lang='lat'><strong>„</strong></span> <span class='ocrx_word' id='word_1_282' title='bbox 1318 1263 1478 1300; x_wconf 61' lang='lat' dir='ltr'>&amp;issimis</span> <span class='ocrx_word' id='word_1_283' title='bbox 1522 1265 1741 1300; x_wconf 83' lang='lat' dir='ltr'>orationibus</span> <span class='ocrx_word' id='word_1_284' title='bbox 1793 1266 2019 1301; x_wconf 74' lang='lat' dir='ltr'>committere</span> 
     </span>
     <span class='ocr_line' id='line_1_57' title="bbox 1265 1313 2018 1362; baseline 0.001 -13"><span class='ocrx_word' id='word_1_285' title='bbox 1265 1341 1289 1357; x_wconf 86' lang='lat'>,‚</span> <span class='ocrx_word' id='word_1_286' title='bbox 1317 1313 1549 1362; x_wconf 88' lang='lat' dir='ltr'>concupisco,</span> <span class='ocrx_word' id='word_1_287' title='bbox 1585 1324 1717 1362; x_wconf 85' lang='lat' dir='ltr'>quanto</span> <span class='ocrx_word' id='word_1_288' title='bbox 1745 1315 1947 1350; x_wconf 79' lang='lat' dir='ltr'>laboriosius</span> <span class='ocrx_word' id='word_1_289' title='bbox 1976 1316 2018 1350; x_wconf 81' lang='lat' dir='ltr'>ad</span> 
     </span>
     <span class='ocr_line' id='line_1_58' title="bbox 1266 1364 2019 1406; baseline 0.003 -8"><span class='ocrx_word' id='word_1_290' title='bbox 1266 1391 1289 1406; x_wconf 86' lang='lat'>„</span> <span class='ocrx_word' id='word_1_291' title='bbox 1319 1364 1385 1399; x_wconf 91' lang='lat' dir='ltr'>Dei</span> <span class='ocrx_word' id='word_1_292' title='bbox 1413 1366 1446 1399; x_wconf 89' lang='lat'>&amp;</span> <span class='ocrx_word' id='word_1_293' title='bbox 1478 1365 1622 1400; x_wconf 87' lang='lat' dir='ltr'>illorum</span> <span class='ocrx_word' id='word_1_294' title='bbox 1652 1365 1913 1400; x_wconf 83' lang='lat' dir='ltr'>venerationem</span> <span class='ocrx_word' id='word_1_295' title='bbox 1953 1366 2019 1400; x_wconf 87' lang='lat' dir='ltr'>hoc</span> 
     </span>
     <span class='ocr_line' id='line_1_59' title="bbox 1265 1413 2019 1464; baseline 0.004 -16"><span class='ocrx_word' id='word_1_296' title='bbox 1265 1440 1289 1456; x_wconf 88' lang='lat'>‚‚</span> <span class='ocrx_word' id='word_1_297' title='bbox 1318 1413 1482 1460; x_wconf 86' lang='lat' dir='ltr'>scriptum</span> <span class='ocrx_word' id='word_1_298' title='bbox 1512 1415 1618 1450; x_wconf 56' lang='lat' dir='ltr'>noctu</span> <span class='ocrx_word' id='word_1_299' title='bbox 1646 1415 1752 1451; x_wconf 81' lang='lat' dir='ltr'>etiam</span> <span class='ocrx_word' id='word_1_300' title='bbox 1781 1415 1943 1464; x_wconf 83' lang='lat' dir='ltr'>perficere</span> <span class='ocrx_word' id='word_1_301' title='bbox 1964 1429 2019 1451; x_wconf 91' lang='lat' dir='ltr'>me</span> 
     </span>
     <span class='ocr_line' id='line_1_60' title="bbox 1265 1465 1678 1513; baseline 0.005 -15"><span class='ocrx_word' id='word_1_302' title='bbox 1265 1490 1288 1507; x_wconf 91' lang='lat'>„</span> <span class='ocrx_word' id='word_1_303' title='bbox 1316 1466 1515 1500; x_wconf 77' lang='lat' dir='ltr'>nullatenus</span> <span class='ocrx_word' id='word_1_304' title='bbox 1544 1465 1678 1513; x_wconf 85' lang='lat' dir='ltr'>piguit.</span> 
     </span>
    </p>

    <p class='ocr_par' dir='ltr' id='par_1_15' title="bbox 1260 1514 2019 2101">
     <span class='ocr_line' id='line_1_61' title="bbox 1315 1514 2019 1552; baseline 0.004 -3"><span class='ocrx_word' id='word_1_305' title='bbox 1315 1514 1392 1549; x_wconf 89' lang='lat' dir='ltr'>Post</span> <span class='ocrx_word' id='word_1_306' title='bbox 1427 1514 1643 1550; x_wconf 82' lang='lat' dir='ltr'>Mathildam</span> <span class='ocrx_word' id='word_1_307' title='bbox 1678 1514 1903 1551; x_wconf 78' lang='lat' dir='ltr'>Comitiffam</span> <span class='ocrx_word' id='word_1_308' title='bbox 1942 1518 2019 1552; x_wconf 88' lang='lat' dir='ltr'>Tu-</span> 
     </span>
     <span class='ocr_line' id='line_1_62' title="bbox 1263 1562 2019 1612; baseline 0.004 -13"><span class='ocrx_word' id='word_1_309' title='bbox 1263 1562 1350 1599; x_wconf 82' lang='lat' dir='ltr'>seiae</span> <span class='ocrx_word' id='word_1_310' title='bbox 1388 1564 1558 1612; x_wconf 85' lang='lat' dir='ltr'>praefuit,</span> <span class='ocrx_word' id='word_1_311' title='bbox 1595 1565 1618 1599; x_wconf 87' lang='lat' dir='ltr'><strong>fi</strong></span> <span class='ocrx_word' id='word_1_312' title='bbox 1655 1565 1785 1600; x_wconf 88' lang='lat' dir='ltr'>Cosmo</span> <span class='ocrx_word' id='word_1_313' title='bbox 1822 1566 1863 1601; x_wconf 90' lang='lat' dir='ltr'>de</span> <span class='ocrx_word' id='word_1_314' title='bbox 1900 1569 2019 1602; x_wconf 84' lang='lat' dir='ltr'>Arena</span> 
     </span>
     <span class='ocr_line' id='line_1_63' title="bbox 1262 1613 2018 1658; baseline 0.004 -10"><span class='ocrx_word' id='word_1_315' title='bbox 1262 1613 1366 1658; x_wconf 87' lang='lat' dir='ltr'>fides,</span> <span class='ocrx_word' id='word_1_316' title='bbox 1395 1617 1561 1649; x_wconf 73' lang='lat' dir='ltr'>Ratboa&#39;us</span> <span class='ocrx_word' id='word_1_317' title='bbox 1587 1616 1756 1658; x_wconf 77' lang='lat' dir='ltr'>Marchio,</span> <span class='ocrx_word' id='word_1_318' title='bbox 1794 1625 1867 1651; x_wconf 89' lang='lat' dir='ltr'>tum</span> <span class='ocrx_word' id='word_1_319' title='bbox 1897 1619 2018 1652; x_wconf 77' lang='lat' dir='ltr'>Conra-</span> 
     </span>
     <span class='ocr_line' id='line_1_64' title="bbox 1260 1666 2017 1712; baseline 0.008 -15"><span class='ocrx_word' id='word_1_320' title='bbox 1260 1666 1318 1698; x_wconf 79' lang='lat' dir='ltr'>dns</span> <span class='ocrx_word' id='word_1_321' title='bbox 1355 1666 1526 1708; x_wconf 76' lang='lat' dir='ltr'>Marchio,</span> <span class='ocrx_word' id='word_1_322' title='bbox 1564 1678 1666 1711; x_wconf 88' lang='lat' dir='ltr'>quem</span> <span class='ocrx_word' id='word_1_323' title='bbox 1703 1666 1821 1712; x_wconf 85' lang='lat' dir='ltr'>Scipio</span> <span class='ocrx_word' id='word_1_324' title='bbox 1850 1666 2017 1703; x_wconf 76' lang='lat' dir='ltr'>Admira-</span> 
     </span>
     <span class='ocr_line' id='line_1_65' title="bbox 1262 1714 2018 1764; baseline 0.004 -16"><span class='ocrx_word' id='word_1_325' title='bbox 1262 1723 1315 1748; x_wconf 89' lang='lat' dir='ltr'>tus</span> <span class='ocrx_word' id='word_1_326' title='bbox 1343 1714 1477 1754; x_wconf 74' lang='lat' dir='ltr'>senior,</span> <span class='ocrx_word' id='word_1_327' title='bbox 1515 1724 1618 1758; x_wconf 83' lang='lat' dir='ltr'>atque</span> <span class='ocrx_word' id='word_1_328' title='bbox 1654 1715 1746 1748; x_wconf 87' lang='lat' dir='ltr'>idem</span> <span class='ocrx_word' id='word_1_329' title='bbox 1776 1714 1926 1750; x_wconf 86' lang='lat' dir='ltr'>Cosmus</span> <span class='ocrx_word' id='word_1_330' title='bbox 1955 1730 2018 1764; x_wconf 88' lang='lat' dir='ltr'>po·-</span> 
     </span>
     <span class='ocr_line' id='line_1_66' title="bbox 1260 1764 2017 1812; baseline 0.004 -13"><span class='ocrx_word' id='word_1_331' title='bbox 1260 1764 1324 1799; x_wconf 86' lang='lat' dir='ltr'>stea</span> <span class='ocrx_word' id='word_1_332' title='bbox 1348 1767 1583 1799; x_wconf 84' lang='lat' dir='ltr'>Romanorum</span> <span class='ocrx_word' id='word_1_333' title='bbox 1609 1767 1735 1812; x_wconf 65' lang='lat' dir='ltr'>Regem</span> <span class='ocrx_word' id='word_1_334' title='bbox 1760 1775 1935 1809; x_wconf 84' lang='lat' dir='ltr'>creatum,</span> <span class='ocrx_word' id='word_1_335' title='bbox 1957 1779 2017 1802; x_wconf 86' lang='lat' dir='ltr'>ne-</span> 
     </span>
     <span class='ocr_line' id='line_1_67' title="bbox 1261 1813 2016 1861; baseline 0.005 -13"><span class='ocrx_word' id='word_1_336' title='bbox 1261 1813 1331 1849; x_wconf 89' lang='lat' dir='ltr'>scio</span> <span class='ocrx_word' id='word_1_337' title='bbox 1359 1814 1484 1861; x_wconf 87' lang='lat' dir='ltr'>quibus</span> <span class='ocrx_word' id='word_1_338' title='bbox 1512 1814 1640 1849; x_wconf 84' lang='lat' dir='ltr'>tabulis</span> <span class='ocrx_word' id='word_1_339' title='bbox 1668 1813 1776 1857; x_wconf 86' lang='lat' dir='ltr'>freti,</span> <span class='ocrx_word' id='word_1_340' title='bbox 1814 1815 1989 1851; x_wconf 78' lang='lat' dir='ltr'>affirmant</span> <span class='ocrx_word' id='word_1_341' title='bbox 2006 1843 2016 1852; x_wconf 91' lang='lat'><strong>.</strong></span> 
     </span>
     <span class='ocr_line' id='line_1_68' title="bbox 1263 1864 2014 1914; baseline 0.003 -15"><span class='ocrx_word' id='word_1_342' title='bbox 1263 1866 1343 1899; x_wconf 91' lang='lat' dir='ltr'>Duo</span> <span class='ocrx_word' id='word_1_343' title='bbox 1364 1864 1461 1899; x_wconf 89' lang='lat' dir='ltr'>illius</span> <span class='ocrx_word' id='word_1_344' title='bbox 1484 1864 1688 1910; x_wconf 85' lang='lat' dir='ltr'>Diplor&#39;nata</span> <span class='ocrx_word' id='word_1_345' title='bbox 1718 1864 1866 1912; x_wconf 82' lang='lat' dir='ltr'>proferre</span> <span class='ocrx_word' id='word_1_346' title='bbox 1893 1866 2014 1914; x_wconf 80' lang='lat' dir='ltr'>juvat,</span> 
     </span>
     <span class='ocr_line' id='line_1_69' title="bbox 1262 1914 2018 1962; baseline 0.003 -13"><span class='ocrx_word' id='word_1_347' title='bbox 1262 1928 1279 1949; x_wconf 90' lang='lat' dir='ltr'>e</span> <span class='ocrx_word' id='word_1_348' title='bbox 1307 1914 1434 1961; x_wconf 89' lang='lat' dir='ltr'>quibus</span> <span class='ocrx_word' id='word_1_349' title='bbox 1474 1914 1623 1962; x_wconf 89' lang='lat' dir='ltr'>primum</span> <span class='ocrx_word' id='word_1_350' title='bbox 1654 1915 1779 1950; x_wconf 85' lang='lat' dir='ltr'>extitit</span> <span class='ocrx_word' id='word_1_351' title='bbox 1815 1914 1850 1950; x_wconf 88' lang='lat' dir='ltr'>in</span> <span class='ocrx_word' id='word_1_352' title='bbox 1887 1915 2018 1952; x_wconf 87' lang='lat' dir='ltr'>Archi—</span> 
     </span>
     <span class='ocr_line' id='line_1_70' title="bbox 1263 1964 2017 2002; baseline 0.001 -2"><span class='ocrx_word' id='word_1_353' title='bbox 1263 1978 1308 2000; x_wconf 90' lang='lat' dir='ltr'>vo</span> <span class='ocrx_word' id='word_1_354' title='bbox 1329 1964 1531 2000; x_wconf 82' lang='lat' dir='ltr'>Monasterii</span> <span class='ocrx_word' id='word_1_355' title='bbox 1559 1965 1756 2001; x_wconf 75' lang='lat' dir='ltr'>florentini</span> <span class='ocrx_word' id='word_1_356' title='bbox 1782 1965 1897 2001; x_wconf 62' lang='lat' dir='ltr'>saneti</span> <span class='ocrx_word' id='word_1_357' title='bbox 1927 1968 2017 2002; x_wconf 84' lang='lat' dir='ltr'>Pan-</span> 
     </span>
     <span class='ocr_line' id='line_1_71' title="bbox 1262 2015 2014 2064; baseline 0.004 -14"><span class='ocrx_word' id='word_1_358' title='bbox 1262 2015 1367 2051; x_wconf 83' lang='lat' dir='ltr'>cratii</span> <span class='ocrx_word' id='word_1_359' title='bbox 1412 2015 1706 2064; x_wconf 76' lang='lat' dir='ltr'>Congregationis</span> <span class='ocrx_word' id='word_1_360' title='bbox 1753 2016 2014 2053; x_wconf 82' lang='lat' dir='ltr'>Vallumbrosa—</span> 
     </span>
     <span class='ocr_line' id='line_1_72' title="bbox 1261 2079 1343 2101; baseline 0 -1"><span class='ocrx_word' id='word_1_361' title='bbox 1261 2079 1343 2101; x_wconf 70' lang='lat' dir='ltr'>nee.</span> 
     </span>
    </p>
   </div>
   <div class='ocr_carea' id='block_1_7' title="bbox 1854 2567 1955 2601">
    <p class='ocr_par' dir='ltr' id='par_1_16' title="bbox 1854 2567 1955 2601">
     <span class='ocr_line' id='line_1_73' title="bbox 1854 2567 1955 2601; baseline 0.01 -1"><span class='ocrx_word' id='word_1_362' title='bbox 1854 2567 1955 2601; x_wconf 64' lang='lat' dir='ltr'>Prae³</span> 
     </span>
    </p>
   </div>
  </div>
 </body>
</html>
