2216 3105
330 234 411 285 625
621 221 922 266 COMMENT.
954 222 1018 265 IN
1045 215 1269 266 DANTIS
1295 212 1537 257 COMOED.
1749 217 1836 253 626

279 291 383 326 Nunc
409 282 681 322 descendendum
710 282 754 318 est
792 282 833 318 ad
869 282 1032 328 literam,
1075 284 1098 316 Α
1135 280 1189 312 Ex
1217 289 1286 323 quo
1315 272 1470 309 Domina
1507 270 1709 310 subridens,
1745 282 1891 317 perpen-

277 351 381 386 quam
409 336 453 372 sic
479 334 685 371 ordinabis:

330 409 346 415 -
374 409 388 415 -
415 409 432 414 -
456 387 565 422 valore
590 399 606 419 e
631 383 756 423 cortefia
781 404 798 409 -
824 405 840 411 -
866 403 883 410 -

280 438 388 477 idest,
417 437 486 473 viri
514 438 669 472 valentes
697 432 735 469 δι’.
763 434 946 484 liberales5

329 510 346 516 -
373 510 388 515 -
414 509 431 515 -
456 508 473 514 -
499 485 649 527 Trovarfi
672 485 757 529 solea

329 541 367 573 In
388 538 442 584 sul
467 538 562 582 Paefi·
576 557 757 576 -----
980 569 985 573 .

281 588 447 633 scilicet,
489 588 528 623 in
567 586 732 623 Marchia
772 585 962 623 Trivisana
1001 588 1033 623 8(

281 638 516 675 Lombardia:

331 710 348 716 -
375 710 391 716 -
418 710 434 716 —
460 688 505 723 ch'
521 689 629 724 Adice
654 702 670 722 e
696 692 741 722 Ρὸ
767 688 860 734 riga,

282 739 391 782 idest,
428 739 590 775 balneat.
618 738 711 784 Quia
741 737 879 773 Athesxs
907 739 1037 774 nobilis

284 788 412 825 fluvius
439 790 570 825 labitur
597 802 655 835 per
681 788 879 824 Marchiam
907 789 1037 825 Tarvi-

283 839 398 875 sanarn
411 864 421 879 ‚
442 853 501 886 per
520 839 719 876 Civitatem
739 841 918 874 Veronae.
938 841 1038 885 Quae

284 889 382 937 regio
418 890 514 925 dieto
550 899 707 936 tempore
748 888 816 925 fuit
852 889 1039 925 crudeliter

285 939 417 975 afflieta
455 954 515 988 per
550 940 754 976 Eccelinum
784 939 824 974 de
853 942 1039 985 Romano,

285 989 567 1026 confoederatum
601 1003 678 1026 cum
718 989 919 1038 Frideric03
957 989 1040 1026 ficut

286 1041 427 1084 Padua‚
468 1043 629 1080 Verona,
673 1040 870 1082 Vicenda,
911 1040 1040 1076 Tarvi-

288 1090 373 1125 fium
395 1117 402 1126 .
440 1091 552 1126 Padus
589 1105 671 1127 vero
707 1089 940 1126 nobilissimus
977 1090 1041 1126 flu-

287 1141 367 1176 vius
407 1140 539 1176 dividit
579 1141 829 1178 Lombardiatn
873 1154 931 1187 per
971 1155 1041 1176 me-

289 1191 385 1226 dium
404 1218 412 1225 .
449 1193 549 1237 Quae
576 1191 673 1238 regio
701 1191 769 1227 fuit
797 1189 1042 1226 miserabiliter

290 1243 437 1276 lacerata
467 1255 526 1287 per
553 1242 791 1284 fridericum,
820 1250 859 1276 ut
887 1250 982 1283 patet
1001 1255 1042 1277 ex

291 1291 414 1327 diffls.
442 1293 488 1326 Et
516 1291 594 1327 heic
614 1302 718 1333 nota.
747 1292 838 1339 quod
867 1291 926 1327 iste
946 1291 1044 1327 Mar-

292 1355 350 1376 cus
383 1341 467 1376 bene
504 1351 649 1378 noverat
688 1342 860 1377 Dominos
888 1342 921 1376 &
950 1343 1045 1377 viros

293 1392 442 1427 Nobiles
470 1391 648 1440 utriusque
674 1393 841 1440 riperiae‚
869 1405 972 1438 quam
993 1392 1045 1428 so—

292 1442 386 1477 lebat
431 1441 526 1489 saepe
565 1442 815 1489 frequentare3
860 1442 894 1476 &
935 1455 1047 1478 mores

291 1491 483 1525 laudabiles
521 1491 676 1526 virorum
705 1493 738 1526 δε
770 1490 958 1530 mulierum
995 1505 1048 1527 re-

291 1540 400 1576 ferre.
433 1540 534 1575 Unde
562 1540 666 1576 semel
694 1541 887 1577 discurrens
914 1554 975 1588 per
1001 1541 1049 1577 ri-

292 1590 424 1639 petiam
454 1590 565 1630 Padi,
602 1592 683 1629 dum
721 1592 788 1628 iret
815 1591 857 1626 de
893 1592 1048 1628 Ferraria

292 1644 494 1677 Ravennam
522 1668 531 1683 ,
575 1642 717 1678 audiens
757 1642 910 1679 multum
952 1656 1050 1678 com-

292 1690 450 1725 mendari
486 1692 717 1736 Margaritam
758 1692 1048 1739 consanguineam

294 1739 432 1776 Azonis
458 1739 523 1775 III.
551 1739 774 1776 Marchionis
801 1741 967 1785 Estensis,
995 1743 1050 1777 in-

295 1790 406 1826 travit
433 1792 626 1838 Argentam
645 1818 656 1835 ,
692 1791 752 1827 ubi
780 1791 843 1826 ille
874 1800 946 1827 erat
974 1800 1050 1827 ten-

296 1849 431 1877 taturus
461 1840 645 1876 veritatem
664 1868 672 1876 .
709 1841 906 1890 Margarita
934 1851 1048 1877 autem

296 1893 439 1931 valens,
476 1889 513 1926 δὲ
549 1891 634 1926 bene
662 1902 818 1936 morata,
856 1905 963 1939 quum
992 1906 1052 1928 au-

295 1942 396 1977 differ
423 1942 463 1977 de
491 1941 582 1976 fama
611 1942 749 1982 Marci,
780 1943 912 1990 recepit
939 1942 1050 1991 ipsum

298 1993 487 2028 laetanter.
516 1992 586 2028 Cui
615 1992 758 2028 Marcus
786 1992 972 2041 magnifice
999 1995 1053 2028 lo-

299 2056 437 2090 quens,
480 2042 554 2077 ait:
598 2044 735 2085 lllustris
777 2044 946 2079 Domina:
984 2045 1053 2078 alta

298 2093 405 2127 virtus
432 2103 488 2127 tua
515 2092 627 2138 uquue
654 2104 726 2127 nota
746 2094 892 2128 conduxit
912 2108 957 2128 me
976 2095 1052 2133 huc,

301 2153 335 2176 ut
367 2143 501 2188 gloriari
533 2143 639 2189 poffim
674 2142 789 2188 vidiffe
818 2142 864 2181 ἔφ’
899 2145 1054 2193 audivisse

301 2193 491 2231 Dominam,
518 2206 595 2238 quae
621 2195 738 2227 excedit
764 2203 877 2228 ceteras
902 2193 1054 2229 nobilita-

300 2255 330 2278 te
353 2244 476 2288 generis
504 2249 550 2280 ιζ’)
577 2243 699 2277 virtute
725 2244 845 2278 animi.
874 2243 1055 2279 Nlarchio—

301 2293 386 2329 niffa
428 2295 549 2329 volens
585 2293 736 2341 experiri
773 2293 1055 2341 circumspeRio-

301 2357 380 2379 nem
411 2343 549 2384 Marci,
588 2343 774 2390 prudenter
799 2344 976 2391 respondit
1003 2344 1057 2380 su-

301 2395 401 2430 bito:
432 2398 521 2428 Certe
537 2420 547 2433 ,
575 2397 711 2434 Marce,
739 2408 800 2429 non
824 2393 939 2441 poffum
964 2398 1003 2430 de
1030 2406 1059 2430 te

300 2446 400 2479 dicere
420 2446 502 2479 illud
522 2445 656 2485 bonum,
682 2447 764 2492 quod
783 2456 817 2479 tu
836 2449 874 2480 de
893 2460 940 2480 me
957 2446 1056 2481 dicis.

302 2497 348 2530 Et
375 2498 517 2531 Marcus
544 2496 715 2531 continuo
737 2496 853 2531 dixit:
884 2499 980 2531 Immo
1007 2498 1059 2531 be-

300 2560 339 2580 ne
361 2546 556 2593 potuissetis,
577 2546 611 2587 fi
634 2545 810 2591 voluiffetis
836 2547 875 2580 de
901 2561 947 2580 me
974 2560 1059 2581 men—

301 2598 376 2637 tiri,
404 2595 489 2639 ficut
514 2610 568 2645 ego
594 2597 744 2631 mentitus
775 2597 849 2642 sum
883 2599 922 2632 de
948 2597 1059 2634 vobis.

1138 330 1218 362 dens
1259 337 1379 360 verum
1421 322 1517 366 fore,
1556 321 1650 368 quod
1689 321 1730 355 de
1765 322 1891 355 Marco

1139 377 1343 414 audiverat,
1374 373 1521 409 donavit
1550 371 1607 407 illi
1635 380 1767 406 certum
1797 371 1893 418 joca-

1139 429 1196 467 le,
1231 428 1265 462 &
1303 423 1456 474 permifit
1492 422 1543 458 ire
1579 421 1621 457 ad
1650 420 1744 458 viam
1772 419 1893 456 suam.

1140 481 1185 514 Et
1220 476 1298 512 heic
1334 485 1444 518 nota,
1480 472 1574 521 quod
1611 474 1753 507 Marcus
1787 471 1901 506 novit·

1140 528 1249 564 facere
1276 525 1454 562 mirabilia
1487 523 1684 570 schemata;
1722 520 1805 569 quia
1832 521 1905 556 bo-J.

1142 592 1223 613 num
1260 577 1395 613 schema
1432 575 1535 611 debet
1571 573 1728 609 mordere
1755 570 1894 606 audito-

1141 642 1211 665 rem
1241 639 1279 664 ut
1311 627 1412 666 ovis,
1448 638 1519 664 non
1547 633 1586 660 ut
1613 623 1737 671 canis3
1774 623 1808 656 &
1836 621 1895 656 de-

1142 680 1199 715 bet
1234 678 1310 714 fieri
1348 677 1476 726 praesto
1512 674 1551 711 &
1578 673 1647 710 fine
1683 685 1803 708 mora.
1842 674 1895 706 De

1142 729 1242 778 hujus
1269 728 1415 764 materia
1451 727 1569 776 pulcre
1598 724 1725 760 trae’cat
1751 721 1897 758 Macro-

1143 781 1218 815 bius
1245 779 1282 815 in
1310 778 1422 815 Libro
1449 775 1708 814 Saturnalium.
1736 775 1783 808 Et
1807 772 1896 808 dicit

1142 832 1303 866 Marcus:

1193 881 1303 915 Prima
1329 880 1380 914 che
1407 878 1562 925 FederIgo
1585 875 1688 922 aveffe
1714 874 1828 921 briga.

1144 930 1254 970 Idest,
1296 931 1426 965 bellum
1465 940 1545 964 cum
1582 925 1793 963 Innocentio
1833 925 1895 958 IV.

1142 979 1180 1016 &
1200 980 1370 1016 Ecclefia.
1398 981 1445 1014 Et
1472 977 1588 1014 subdit
1614 978 1778 1017 Marcus,
1807 985 1899 1008 nuno

1142 1031 1205 1066 effe
1233 1030 1446 1066 contrarium
1474 1029 1511 1064 in
1539 1026 1703 1063 Marchia
1726 1025 1760 1058 &
1788 1026 1899 1060 Lem*-

1143 1081 1279 1117 bardia.
1309 1081 1410 1116 Unde
1437 1078 1551 1114 dicit:

1193 1136 1237 1165 Or
1259 1135 1320 1177 pub
1341 1131 1546 1173 sicuramente
1572 1127 1645 1162 indi
1667 1124 1800 1174 paffarst’

1144 1196 1201 1227 per
1228 1182 1322 1217 dieta
1358 1182 1457 1224 loca,
1493 1191 1582 1228 quae
1618 1177 1697 1214 sunt
1732 1173 1900 1212 derelieh

1143 1247 1160 1267 a
1189 1232 1314 1267 bonis:

1193 1287 1255 1317 Per
1280 1283 1458 1329 qualunque
1484 1303 1500 1308 -
1526 1302 1543 1307 -
1570 1301 1585 1307 -
1611 1300 1628 1305 -

1144 1332 1278 1368 scilicet
1295 1360 1304 1376 ‚
1333 1344 1499 1380 pravum:

1194 1405 1210 1410 -
1236 1405 1252 1410 -
1279 1404 1296 1410 -
1322 1404 1337 1409 —
1363 1381 1501 1428 lasciaffe
1525 1392 1580 1428 per
1605 1391 1764 1427 vetgogna

1194 1434 1242 1469 Di
1268 1434 1415 1479 ragionar
1440 1432 1481 1467 co'
1497 1431 1614 1474 buoni,
1642 1448 1809 1457 -----

1145 1483 1226 1531 quia
1254 1482 1332 1518 sunt
1360 1483 1410 1518 ibi
1440 1482 1532 1518 rari:

1196 1555 1211 1560 -
1238 1555 1255 1560 -
1281 1555 1296 1560 -
1323 1554 1339 1559 -
1366 1546 1381 1566 o
1407 1529 1639 1579 d'appreffarfi

1147 1584 1220 1621 illis
1248 1583 1367 1619 bonis.
1395 1582 1500 1628 Quasi
1529 1583 1642 1617 dicat:
1673 1579 1903 1626 Quicumque

1147 1634 1450 1670 verecumdaretur
1485 1631 1643 1680 colloqui
1681 1629 1719 1665 ὅτ.
1757 1642 1904 1664 conver-

1148 1685 1212 1721 sari
1240 1698 1318 1720 cum
1357 1684 1458 1719 bonis
1484 1684 1518 1718 &
1546 1680 1759 1724 curialibus,
1796 1678 1905 1727 potest

1149 1735 1309 1771 audaRer
1330 1734 1469 1770 transire
1490 1747 1549 1781 per
1568 1733 1628 1768 has
1659 1741 1792 1780 partes,
1821 1728 1905 1777 quia

1149 1786 1290 1821 invenit
1317 1786 1448 1820 multos
1475 1784 1517 1819 de
1544 1782 1639 1826 suis,
1670 1782 1758 1817 viles
1784 1781 1820 1814 &
1848 1779 1904 1815 vi-

1149 1835 1257 1871 tiosos
1273 1862 1282 1870 .

1200 1889 1269 1920 Ben
1296 1884 1363 1919 v‘&
1389 1906 1404 1912 -
1431 1906 1448 1912 -
1476 1906 1491 1911 -

1151 1935 1243 1972 Heic
1270 1938 1438 1974 Marcus,
1468 1932 1551 1982 quia
1579 1932 1764 1968 videbatur
1789 1928 1905 1966 fecisse

1151 1987 1305 2035 regulam
1333 1986 1528 2034 generalem
1549 1983 1591 2020 de
1617 1981 1848 2020 Lombardis‚
1873 1981 1909 2015 3<

1153 2037 1308 2072 mordaci
1336 2035 1532 2078 schemate,
1559 2043 1598 2070 ut
1622 2033 1772 2069 redimat
1800 2030 1910 2080 pudo-

1153 2101 1225 2123 rem
1253 2099 1396 2125 eorum‚
1433 2085 1519 2120 facit
1554 2083 1798 2132 exceptionem
1839 2081 1912 2127 spe-

1154 2138 1304 2173 cialem.
1344 2139 1391 2171 Et
1432 2135 1552 2175 dicit,
1593 2133 1685 2182 quod
1729 2133 1766 2168 in
1807 2130 1913 2167 dietis

1155 2188 1285 2223 duabus
1332 2185 1527 2235 provinciis
1575 2184 1804 2233 supervivunt
1844 2191 1914 2217 tres

1156 2238 1226 2274 viri
1263 2238 1445 2279 valentes,
1488 2236 1678 2271 retinentes
1719 2233 1830 2269 adhuc
1871 2232 1915 2267 de

1157 2288 1357 2324 curialitate
1383 2286 1421 2323 &
1450 2286 1583 2322 virtute
1610 2284 1775 2332 antiqua.
1811 2282 1913 2318 Unde

1156 2339 1244 2374 dicit
1266 2352 1274 2373 :

1208 2393 1278 2424 Ben
1305 2387 1372 2422 v’&
1397 2398 1445 2422 tre
1469 2388 1576 2422 vecchi
1601 2400 1714 2422 ancora
1738 2406 1755 2413 —
1781 2405 1797 2412 -
1824 2405 1841 2412 -

1158 2439 1195 2475 in
1223 2439 1349 2487 quibus
1377 2439 1422 2474 est
1448 2439 1591 2485 antiqua
1612 2438 1747 2475 virtus,
1773 2435 1816 2471 de
1836 2433 1914 2483 quin

1159 2491 1221 2525 bus
1261 2490 1406 2538 dignum
1448 2489 1589 2524 videtur
1625 2487 1737 2523 facere
1776 2485 1913 2522 schema

1160 2540 1216 2577 seu
1242 2539 1392 2577 famam.
1423 2539 1523 2576 Unde
1548 2537 1660 2575 dicit:
1836 2586 1842 2594 ⁸

1829 2599 1862 2618 tn
