2216 3105
420 223 507 277 639⁴
722 216 1160 264 BENVENUTI
1198 213 1603 259 IMOLENSIS
1839 222 1926 273 640

411 281 483 314 Cos}
503 277 636 323 scoperst
659 277 694 314 la
719 280 793 314 vita
821 279 996 326 bugiarda.

361 330 457 374 jSa
485 328 634 366 avaritia
662 329 810 366 mendax
840 328 1021 377 promittit
1054 327 1118 363 ho-

361 380 452 415 mini
481 379 752 425 suffiientiam,
789 382 822 416 δι
851 390 947 428 parat
973 378 1036 414 fibi
1063 378 1118 414 in-

362 429 577 477 digentiam.
608 433 654 466 Et
681 432 797 480 tangit
824 430 958 466 causam
976 457 987 473 ,
1014 442 1119 477 quare

362 479 499 517 detexit
537 482 646 516 vitam
685 481 845 518 fallacem
882 481 920 516 in
965 482 1118 527 Papam,

361 531 444 577 quia
476 531 572 567 venit
613 532 673 567 fibi
710 532 746 567 in
785 541 964 567 mentem:
1007 533 1119 573 Ecce,

361 582 446 628 quid
478 581 612 622 pezist'?
653 591 708 617 tot
735 583 937 621 laboribus,
978 590 1035 615 tot
1063 581 1117 615 vi-

362 633 457 666 ribus
486 632 620 667 cunsts
658 631 778 667 diebus
817 631 911 667 vitae
947 641 1026 666 tuae
1053 629 1118 665 stu-

361 681 443 717 dens
472 682 603 729 semper
633 682 849 728 cupiditati,
891 691 930 716 ut
959 680 1119 728 perveni—

361 744 411 765 res
440 732 481 766 ad
508 731 608 767 istum
637 745 792 767 amarum
820 730 987 780 gradum?
1018 730 1119 766 Dicit

360 794 463 829 ergo:

412 831 509 871 Vidi,
537 833 588 866 che
615 833 639 866 l)
666 853 852 859 -----

360 880 465 926 idest,
493 882 530 917 in
558 893 654 918 tanta
684 881 898 918 altitudine:

410 952 426 959 ·-
453 953 468 958 -
495 953 511 958 —
538 953 554 959 —
582 947 640 968 non
666 933 693 973 Ιὶ
719 945 857 980 quetava
885 934 910 968 il
936 946 999 968 core
1010 947 1031 977 ;

362 980 448 1017 sicut
475 982 560 1018 falso
589 983 845 1027 speE’taveram:

412 1034 464 1067 Ne
487 1035 546 1080 piic
576 1034 659 1079 salir
682 1034 799 1081 poteast'
834 1035 867 1068 in
895 1036 999 1081 quella
1024 1035 1119 1078 vita,

360 1082 469 1122 idest,
497 1097 567 1120 non
597 1094 753 1132 poteram
783 1085 962 1132 pervenire
999 1084 1040 1120 ad
1069 1086 1118 1120 al-

360 1133 487 1169 tiorem
536 1135 680 1183 gradum
722 1134 909 1183 dignitatis
960 1135 998 1170 in
1044 1136 1119 1171 vita

361 1186 573 1232 temporali.
603 1187 649 1220 Et
677 1184 755 1220 heic
782 1194 889 1228 nota,
931 1185 1024 1232 quod
1065 1187 1120 1221 A-

361 1234 500 1270 drianus
528 1234 612 1270 fecit
633 1235 804 1283 optimam
826 1235 1020 1271 rationem.
1048 1235 1117 1272 Cui

361 1285 456 1320 enim
486 1284 572 1334 Regi
601 1287 658 1321 vel
688 1286 844 1333 Principi
873 1286 917 1322 est
944 1296 1042 1322 tanta
1065 1287 1119 1322 di-

361 1335 476 1384 gnitas
513 1336 569 1371 vel
611 1335 784 1384 potestas?
827 1335 949 1373 Ceteri
992 1337 1120 1372 habent

361 1398 477 1434 regere
505 1385 694 1435 mortali23
738 1386 795 1422 hic
832 1386 1029 1434 spiritualia
1057 1401 1119 1436 gu-

363 1436 525 1472 bernare.
553 1436 635 1472 Alii
656 1437 785 1472 habent
807 1437 1119 1485 praeeminentiam

361 1487 403 1521 ab
431 1486 598 1532 homine,
635 1487 693 1523 hic
731 1487 773 1523 ab
801 1497 939 1523 aeterna
977 1486 1120 1536 Sapien-

362 1537 413 1573 tia
441 1537 530 1573 Dei.

599 1589 663 1623 Al
690 1588 772 1631 Vers.
805 1599 885 1634 127.

414 1639 448 1672 10
474 1635 516 1670 m'
526 1650 579 1673 era
605 1638 852 1684 inginoccbiato‚
887 1652 903 1672 e
937 1639 1028 1672 valea
1055 1639 1122 1672 dire

364 1687 406 1723 ad
434 1686 694 1723 excusationem
733 1701 865 1723 meam:
906 1687 1123 1723 sanaiffime

365 1739 489 1778 Pater,
518 1747 636 1785 parcat
663 1737 835 1773 Sancstitas
864 1738 982 1773 Vestra
1021 1738 1122 1786 justae

367 1786 588 1836 ignorantiae
628 1801 722 1822 meae
741 1816 749 1828 ,
795 1787 878 1835 quia
930 1787 1122 1823 nesciebam

363 1850 427 1873 vos
455 1837 519 1872 effe
548 1839 676 1882 Papam
744 1837 851 1873 Unde
879 1847 987 1876 nota,
1030 1837 1123 1885 quod

366 1887 459 1923 nulli
488 1887 580 1922 inter
607 1887 827 1924 Christianos
855 1888 1040 1924 exhibetur
1073 1902 1124 1924 re-

365 1936 521 1974 verentia
552 1938 684 1986 major,
712 1947 1035 1986 quantumcumque
1062 1937 1125 1974 ille

367 1987 406 2023 slt
436 1986 622 2024 viliffirnus
651 1989 706 2024 vel
737 1988 996 2028 vitiosissimus,
1032 1989 1125 2036 quod

368 2052 430 2087 pro
458 2037 629 2074 miraculo
657 2039 803 2075 habetur
830 2053 848 2075 a
874 2039 1017 2075 multis.
1045 2042 1125 2075 Hoc

367 2098 482 2124 autem
512 2090 689 2137 eleganter
717 2089 842 2139 tetigit
868 2090 926 2125 hic
950 2092 1055 2125 Poeta
1077 2090 1125 2125 se-

367 2140 436 2175 mel
461 2139 498 2174 in
519 2138 684 2176 Civitate
705 2143 885 2176 Veronae.
907 2143 999 2176 Nam
1018 2153 1126 2187 quum

368 2189 419 2226 ibi
448 2199 611 2226 coenaret
638 2204 715 2226 cum
744 2190 950 2238 quibusdam
977 2191 1127 2226 honora-

368 2238 508 2276 tzffimis
537 2240 645 2279 viris,
686 2255 773 2276 unus
815 2240 970 2277 curiosus
999 2240 1124 2289 petiit:

371 2292 458 2324 Unde
484 2290 546 2332 eli,
573 2292 628 2325 vir
653 2293 692 2325 do
704 2291 844 2336 ‘Jiffimffi
886 2293 968 2338 quod
1001 2292 1056 2326 w'r
1076 2291 1129 2336 se·-

367 2341 427 2373 mel
455 2341 627 2388 naufragus
654 2342 788 2376 reintrat
814 2355 927 2383 mare;
952 2343 1033 2388 quod
1060 2355 1128 2375 mu-

368 2390 426 2424 tier
455 2390 551 2433 semel
573 2402 724 2438 puerpera
758 2392 833 2426 vult
867 2392 1005 2435 amplius
1031 2392 1128 2426 conci-

365 2450 466 2487 pere;
492 2440 537 2477 ἐφ’
564 2443 644 2487 quod
671 2452 716 2475 tot
742 2441 848 2477 millia
871 2452 1041 2488 pauperum
1069 2455 1128 2475 non

368 2490 550 2537 deglutiunt
575 2492 768 2536 pauctffimos
785 2491 930 2526 divites?
956 2490 1026 2526 Cui
1049 2505 1128 2538 pru—

369 2538 587 2575 dentiffimus
639 2543 790 2584 Dantes‚
839 2540 971 2577 veritus
1014 2554 1130 2587 parere

373 2602 524 2626 errorem
553 2589 716 2626 convivis
744 2592 860 2627 minus
894 2590 1130 2641 intelligenti-

1146 278 1191 312 *A
1227 275 1309 314 bus,
1355 273 1521 323 sagaciter
1565 274 1698 312 vitavit
1743 274 1980 312 solutionemi

1226 327 1273 360 Et
1298 323 1505 374 respondens
1542 326 1675 374 petenti
1717 325 1836 362 dixit:
1879 328 1980 362 Adde

1225 385 1394 423 quartum,
1390 389 1399 399 ·
1424 378 1504 424 quod
1525 377 1643 422 scilicet
1661 376 1824 424 Principes
1841 376 1889 414 ἐφ’
1910 383 1978 412 Re·

1222 439 1278 472 ges
1303 429 1417 461 Terrae
1452 439 1625 462 reverenter
1658 427 1834 472 osculantur
1868 430 1980 474 pedem

1219 476 1294 520 filio
1327 477 1446 511 latricis
1481 479 1526 517 &⁶
1567 478 1716 523 tonfhris,
1752 491 1847 526 quum
1883 478 1980 521 fuerit

1222 526 1272 570 fa
1272 525 1329 561 ’ἵης
1355 530 1467 574 Papa.

1461 579 1524 613 Ad
1551 578 1633 623 Vers.
1666 590 1747 626 142.

1276 628 1394 674 Nipote
1418 628 1456 661 bo
1483 631 1511 661 io
1536 629 1572 662 di
1607 630 1663 672 Ιιὶ,
1701 628 1779 664 cb’a
1813 642 1899 665 nome
1924 632 1980 666 A·

1157 736 1183 769 Β
1229 726 1274 760 Di
1300 679 1554 767 Ιᾶιῗὲιῗεῖῌεεῐ,
1594 726 1631 761 in
1659 727 1788 763 Tuscia
1816 728 1854 763 in
1880 730 1986 764 Valle

1227 775 1388 811 Macrae.
1431 776 1494 811 Ista
1524 776 1651 824 Neptis
1681 779 1792 824 Papae
1833 778 1985 814 Adriani

1228 825 1298 863 fuit
1325 840 1414 862 uxor
1441 825 1663 862 Marchionis
1699 827 1865 864 Marcelli
1902 828 1985 864 Ma-

1228 876 1403 926 laspinae‚
1452 890 1539 924 quae
1597 879 1748 914 multum
1795 878 1986 914 honoravit

1229 940 1307 962 eum
1335 936 1492 976 tempore
1519 927 1571 963 sui
1599 930 1724 968 exilii,
1753 938 1792 964 ut
1819 929 1904 965 alibi
1929 929 1985 964 di-

1230 978 1326 1013 &tum
1354 978 1399 1013 est
1416 1004 1425 1013 .
1472 980 1520 1014 Et
1546 978 1606 1014 ista
1651 979 1805 1015 Domina
1833 980 1987 1015 multum

1231 1028 1447 1077 complacuit
1473 1038 1557 1064 tunc
1589 1029 1716 1065 Danti.
1759 1030 1867 1065 Unde
1908 1030 1986 1077 qui-

1230 1079 1309 1114 dam
1338 1080 1485 1119 volunt,
1513 1080 1605 1127 quod
1637 1082 1739 1116 Poeta
1760 1081 1926 1128 loquatur
1944 1080 1988 1116 de

1230 1142 1268 1164 ea
1289 1129 1379 1165 insra
1400 1132 1506 1165 Cant.
1528 1132 1660 1166 XXIV.
1681 1130 1741 1166 ubi
1762 1131 1872 1175 dicit,
1893 1130 1987 1178 quod

1231 1193 1297 1215 una
1327 1180 1454 1215 mulier
1481 1178 1588 1216 faciet
1615 1180 1676 1216 sibi
1718 1182 1852 1229 placere
1879 1180 1988 1217 Civi-

1232 1240 1340 1266 tatem
1370 1233 1549 1267 Lucanam
1566 1258 1575 1268 .
1601 1231 1667 1268 Sed
1694 1245 1765 1267 non
1792 1231 1914 1268 credo.
1941 1233 1989 1267 Et

1232 1280 1322 1316 dicit
1350 1282 1548 1318 Adrianus:

1282 1335 1395 1366 Buona
1420 1335 1463 1367 da
1484 1334 1543 1377 se:
1569 1353 1841 1361 -------

1232 1381 1313 1429 quia
1342 1384 1550 1418 naturaliter
1579 1384 1702 1431 pudica
1730 1385 1763 1419 δε
1791 1382 1954 1432 honesta3

1283 1453 1469 1459 -----
1493 1444 1555 1478 pur
1581 1435 1631 1468 che
1657 1435 1691 1468 la
1718 1434 1818 1475 nostra
1845 1435 1929 1477 Casa

1283 1485 1356 1516 Non
1379 1482 1481 1525 faccia
1507 1483 1550 1516 lei
1572 1494 1629 1529 per
1654 1484 1782 1528 esemplo
1806 1482 1991 1529 malvaga'ae,

1236 1531 1340 1569 mest,
1369 1531 1537 1566 lubricam
1559 1559 1568 1574 ‚
1606 1531 1644 1567 &
1672 1532 1912 1577 impudicam:
1943 1534 1990 1569 Et

1236 1582 1313 1616 vide
1332 1608 1342 1624 ‚
1383 1581 1475 1628 quod
1518 1582 1577 1617 iste
1619 1583 1781 1618 Sacerdos
1831 1581 1992 1630 loquitur

1235 1631 1368 1667 honeste
1395 1630 1433 1667 &
1462 1642 1584 1668 caute.
1625 1631 1727 1668 Dicit
1765 1631 1860 1668 enim
1897 1632 1991 1679 quod

1238 1683 1362 1729 Neptis
1389 1682 1434 1716 est
1463 1682 1574 1725 bona,
1602 1681 1665 1716 nisi
1687 1681 1850 1717 imitetur
1873 1694 1993 1717 exem-

1236 1733 1330 1779 plum
1359 1731 1506 1766 aliarum
1527 1732 1568 1767 de
1590 1733 1707 1767 Domo
1729 1731 1804 1768 sua.
1834 1733 1898 1767 Per
1923 1730 1991 1767 hoc

1235 1782 1328 1816 enim
1356 1781 1416 1816 dat
1444 1780 1601 1830 intelligi
1630 1793 1751 1826 caute,
1793 1781 1887 1830 quod
1914 1794 1993 1818 mu-

1234 1832 1335 1866 lieres
1363 1831 1508 1868 illorum
1536 1834 1577 1868 de
1606 1832 1720 1868 Flisco
1762 1832 1902 1868 fuerunt
1928 1845 1994 1868 no-

1237 1882 1322 1917 biles
1352 1882 1571 1931 meretrice33
1601 1883 1714 1930 qualis
1741 1882 1793 1930 (si
1814 1882 1905 1918 fama
1922 1896 1993 1917 non

1238 1932 1429 1980 mentitur)
1467 1932 1536 1968 fuit
1564 1947 1652 1968 uxor
1682 1934 1775 1969 Petri
1811 1933 1853 1968 de
1882 1932 1994 1969 Ruffis

1237 1985 1277 2018 de
1299 1985 1441 2025 Parma,
1470 1983 1689 2020 strenuissimi
1711 1982 1870 2020 Militis.
1896 1982 1995 2028 Quid

1238 2033 1351 2069 dicam
1379 2033 1419 2068 de
1448 2033 1592 2069 Isabella
1619 2048 1726 2070 uxore
1748 2033 1896 2069 Domini
1922 2036 1995 2069 Lu-

1238 2083 1334 2119 chini
1364 2083 1592 2132 potentissimi
1639 2083 1676 2120 ἃ
1721 2083 1891 2134 justiffimi
1920 2085 1998 2128 Ty-

1239 2134 1338 2170 ranni
1379 2135 1417 2170 in
1453 2134 1697 2172 Lombardia?
1721 2099 1789 2171 ’Et
1816 2133 1998 2170 concludit

1241 2185 1438 2221 Adrianus.

1290 2238 1321 2270 E
1349 2236 1453 2282 questa
1473 2236 1544 2280 sola
1570 2236 1610 2270 7'n
1622 2238 1638 2270 ὲ
1663 2237 1700 2271 di
1725 2237 1759 2272 la
1786 2236 1921 2281 rimasa.

1242 2289 1280 2321 In
1309 2299 1376 2333 qua
1404 2286 1535 2335 sperare
1561 2288 1719 2336 poss‘um;
1762 2287 1861 2341 quia
1872 2286 1929 2322 illi
1956 2285 1998 2322 de

1243 2340 1360 2372 Domo
1388 2350 1463 2372 mea
1491 2337 1569 2373 sunt
1596 2337 1706 2373 dediti
1727 2335 1930 2395 avaritiae,
1957 2335 1998 2370 si-

1244 2399 1302 2423 cut
1338 2401 1402 2435 ego
1438 2387 1512 2431 fui,
1559 2398 1632 2423 tum
1676 2388 1758 2436 quia
1799 2385 1998 2431 Januenfis

1243 2448 1318 2473 tum
1359 2438 1441 2485 quia
1467 2439 1628 2474 Sacerdos
1645 2466 1653 2473 .
1695 2439 1779 2474 ideo
1821 2450 1905 2484 rogo
1932 2445 1997 2480 τες

1243 2488 1486 2524 recommenda
1515 2502 1569 2524 me
1597 2488 1683 2533 sibi,
1720 2487 1758 2524 ἃ
1791 2488 1890 2522 bonis
1917 2496 2000 2532 ope-

1243 2538 1338 2574 ribus
1367 2538 1434 2574 luis
1451 2565 1460 2573 .

1889 2585 1951 2620 Ad
