2216 3105
441 228 496 277 57
749 228 1154 289 ANTJQJJT.
1194 233 1425 276 MEDJJ
1467 236 1641 279 ΑΕΗ
1891 244 1946 284 68

380 280 507 326 potui,
543 294 650 328 quum
678 291 734 320 tot
761 285 980 325 barbarismis
1020 304 1058 326 ac
1086 291 1140 327 so·
1180 295 1211 329 A

1158 402 1164 480 1
1210 419 1218 488 Ι

383 330 534 366 lecismis
561 333 656 369 stilus
684 334 836 372 scateat:
875 339 894 373 ὲ
932 353 998 388 qua
1026 343 1138 378 collu-

381 380 440 416 vie
468 395 588 418 cavere
614 383 674 420 fibi
704 386 836 423 solebat
859 402 979 426 eorum
999 404 1137 440 quoque

380 432 616 481 Augustorum
658 434 881 476 Cancellaria
906 467 914 476 .
959 443 1135 480 Praeterea

1246 290 1284 326 in
1313 291 1381 328 fine
1407 293 1574 343 scriptum
1611 296 1656 332 est
1689 298 1734 332 ad
1773 297 1872 332 vicem
1899 300 2003 347 Algi-

1246 343 1345 382 mari‚
1375 357 1436 391 pro
1461 347 1631 393 Agilmari
1645 360 1658 398 5
1687 346 1724 384 δε
1752 349 1910 384 Clotbarii
1940 363 2002 400 pro

1245 394 1430 431 Hlotharii.

380 540 635 598 Privilegium
669 548 849 590 Lotharii
881 554 912 592 Ι.
943 551 1214 608 Imperatoris,
1253 568 1332 610 quo
1373 558 1484 598 Asiae
1517 556 1737 599 Abbatiffae
1771 558 1999 602 Monasterii

495 604 713 647 Ticinenfis
744 608 905 650 Sanffle
939 613 1116 666 Mariae,
1147 612 1208 654 cui
1239 627 1383 656 nomen
1415 618 1674 668 Theodotae,
1705 617 1883 659 concedit

677 675 820 707 terram
863 669 1021 723 positam
1065 671 1167 713 inter
1201 686 1357 713 murum
1390 675 1427 714 δι
1459 674 1703 716 antemurale

807 725 993 770 Civitatis
1024 730 1262 784 Ticineffis,
1303 734 1423 772 Anno
1464 734 1562 787 839.

427 839 463 871 N
487 838 609 873 nomine
635 840 769 874 Domini
794 842 888 884 nostri
910 845 993 890 sesu
1018 848 1141 891 Christi
1180 849 1208 883 B
1243 848 1448 890 Monasterii,
1483 849 1522 882 de
1557 849 1621 883 alio
1657 849 1754 884 latere
1788 850 1847 885 via
1871 852 1996 897 publica

452 888 515 922 Dei
541 890 678 925 aeterni.
705 893 895 929 Hlotharius
913 896 1029 932 divina
1055 900 1139 933 ordi-

380 949 475 971 nante
491 941 695 985 providentia
713 944 882 988 Imperator
894 947 1060 994 Augustus
1071 950 1137 984 &a

378 988 484 1035 Igitur
509 990 645 1024 omnium
661 990 813 1035 fidelium
834 995 946 1040 sanc'le
985 999 1049 1032 Dei
1074 1002 1138 1034 Ec-

378 1038 463 1079 etesie
512 1040 736 1089 nostrorumque
785 1047 941 1092 cognoscat
980 1049 1104 1089 solertia
1126 1074 1136 1088 ,

377 1089 514 1135 qualiter
539 1117 731 1128 ......
758 1096 880 1130 nomine
918 1097 1003 1138 Asta
1037 1100 1137 1133 Abba

375 1140 414 1173 de
440 1141 594 1181 Cenobio,
621 1145 702 1188 quod
727 1144 844 1178 dicitur
862 1147 1036 1187 Theodote,
1056 1151 1137 1194 quod

375 1189 417 1231 est
448 1191 573 1233 fac'lum
614 1192 648 1225 in
684 1194 792 1227 honore
828 1197 892 1229 Dei
931 1199 1106 1233 Genetricis
1124 1223 1135 1238 ,

368 1239 546 1286 semperque
574 1241 717 1288 Virginis
744 1246 853 1279 Marie
876 1248 988 1293 degens
1007 1249 1068 1293 sub
1088 1263 1135 1283 re-

368 1291 448 1336 gula
474 1291 583 1325 eximii
603 1292 851 1340 sanc‘liſjimique
885 1299 996 1332 Patris
1030 1302 1133 1334 Bene-

371 1339 479 1381 dicsli,
506 1341 600 1387 petiit
622 1343 713 1389 piam
739 1345 952 1386 celsitudinem
979 1349 1132 1391 nostram,

371 1400 406 1424 ut
433 1393 469 1426 ob
496 1393 560 1426 Dei
580 1394 807 1435 reverentiam,
836 1397 882 1435 ἄν
907 1398 1011 1432 anime
1037 1401 1133 1441 nostre

370 1443 554 1482 mercedem,
581 1444 625 1477 ad
651 1456 852 1490 augmentum
879 1448 1034 1482 utilitatis
1062 1449 1131 1493 eju—

364 1491 454 1536 sdem
474 1492 585 1537 sandi
610 1493 688 1532 loci,
730 1496 771 1528 (9¹
801 1496 1050 1543 supplementum
1076 1514 1130 1534 ne-

369 1543 539 1587 ceffitatum
555 1541 672 1577 ibidem
687 1547 754 1578 Deo
768 1545 997 1588 famulantium
1010 1573 1020 1587 ‚
1036 1562 1129 1596 quae-

367 1594 443 1629 dam
471 1597 568 1627 Terra
604 1592 719 1628 ibidem
754 1595 918 1641 necessaria
953 1598 1035 1633 inter
1060 1613 1130 1634 mu-

369 1656 438 1678 rum
465 1643 624 1677 Civitatis
651 1645 694 1678 (9‘
721 1649 944 1682 antemuralem
979 1650 1128 1694 conferre-

369 1707 456 1733 mus.
495 1692 596 1738 Cujus
620 1695 799 1739 petitionem
826 1711 879 1732 nos
905 1698 1007 1733 anime
1033 1701 1129 1743 nostre

369 1745 516 1779 mercedis
538 1743 710 1790 proficuam
735 1748 897 1782 recolentes
916 1748 1050 1784 libenter
1068 1765 1127 1786 an-

369 1796 514 1834 nuimus,
557 1794 780 1844 effeffiuosaque
818 1800 1040 1834 deliberatione
1071 1812 1127 1847 pe-

369 1846 506 1880 renniter
533 1846 731 1890 mansurum,
768 1861 803 1882 ac
830 1849 930 1891 nostra
956 1849 1127 1887 am‘iorita-

369 1907 400 1931 te
425 1896 634 1942 perfecimus,-
655 1897 712 1941 sed
738 1908 773 1932 ut
795 1899 908 1942 sutum
930 1911 987 1946 per
1012 1911 1128 1949 tempo—

369 1961 406 1983 ra
434 1948 554 1981 nullam
590 1947 828 1993 refragationem
865 1950 938 1984 inde
972 1953 1042 1998 quis
1078 1953 1128 1986 in-

365 1998 449 2043 ferre
483 1998 598 2032 audeat
615 2022 623 2036 ,
664 1998 711 2036 ὅθ’
746 2012 845 2034 rerum
886 2002 1005 2036 conlate
1031 2004 1127 2038 ratio-

371 2063 460 2087 nem,
489 2048 532 2082 <9‘
558 2047 632 2095 ipsis
659 2049 847 2093 adjacentiis
874 2050 907 2084 in
943 2053 1001 2086 hac
1027 2053 1128 2094 nostra

371 2098 559 2136 aufforitate
578 2099 706 2142 inserere
724 2101 939 2136 decrevimus:
964 2104 1128 2138 Terminia

370 2164 443 2186 vero
469 2154 508 2184 de
530 2150 656 2195 prefata
683 2154 781 2186 Terra
805 2153 856 2186 hec
875 2152 978 2196 sunt:
1012 2155 1050 2187 de
1075 2154 1127 2196 lu-

366 2202 484 2250 periori
518 2200 617 2245 capite
653 2204 767 2240 Porta,
804 2215 862 2246 que
894 2203 1012 2236 dicitur
1048 2206 1127 2238 Ma-

370 2266 480 2291 renen,
517 2250 608 2296 usque
644 2253 687 2284 ad
712 2251 840 2285 Turrim
875 2251 972 2297 ipsius
1007 2256 1127 2288 Mona-

362 2303 478 2346 flerii,
505 2300 560 2336 ubi
586 2299 627 2341 est
653 2301 828 2334 Oratorium
855 2302 888 2335 in
914 2305 1023 2337 honore
1040 2307 1125 2338 San-
1152 2297 1157 2353 Ι

370 2352 417 2388 {ii
441 2350 639 2396 Archangeli
666 2351 856 2390 Michaelis,
892 2366 959 2386 cum
985 2354 1126 2400 ingreffi-

369 2404 426 2437 hus
454 2404 496 2437 (9·
522 2401 739 2448 egreffibusque
760 2402 792 2435 in
816 2403 875 2437 via
899 2404 1042 2448 publica.
1070 2408 1125 2439 In-

359 2453 457 2499 super
492 2454 588 2488 etiam
623 2465 659 2485 ex
692 2451 862 2497 Jue'steriori
897 2464 987 2500 parte
1013 2457 1126 2490 Turris

367 2502 433 2545 jam
473 2504 557 2538 dift'e
597 2502 687 2549 usque
732 2503 890 2538 territoria
939 2505 1125 2547 Monasterii

362 2546 455 2601 'saepe
479 2552 586 2590 dmi:
620 2554 657 2588 de
682 2566 743 2588 nno
778 2554 874 2589 latere
900 2557 999 2592 Terra
1027 2556 1124 2605 ipsius

1243 897 1336 932 habet
1363 899 1396 932 in
1423 900 1514 945 longo
1537 902 1629 945 pedes
1657 913 1778 934 numero
1799 905 1933 936 LXXX.
1955 906 1998 935 δ’

1244 949 1331 982 VIII.
1358 948 1404 986 ἔφ’
1433 949 1465 982 in
1492 950 1557 983 lato
1579 950 1672 996 pedes
1700 953 1820 985 XXIX.
1840 952 1942 985 Petiit
1965 965 1997 984 e-

1242 997 1320 1031 tiam
1345 999 1553 1032 „serenitatem
1577 1000 1722 1034 culminis
1749 1001 1862 1043 nostri,
1890 1012 1926 1036 ut
1955 1002 1998 1035 (9'

1242 1049 1525 1085 commutationem,
1566 1062 1659 1094 quam
1686 1050 1786 1090 nostra
1811 1050 1999 1086 auc‘loritate

1236 1096 1270 1139 se
1294 1097 1418 1141 prefata
1443 1097 1634 1143 Abbatiffa‚
1663 1112 1715 1132 nec
1740 1112 1800 1134 non
1827 1110 1874 1137 (φ’
1900 1104 1998 1135 Teut-

1241 1147 1332 1192 berga
1372 1149 1410 1181 de
1451 1160 1497 1181 res
1538 1148 1675 1183 sanstae
1715 1150 1845 1185 Mariae
1878 1150 1997 1197 semper

1244 1197 1387 1243 Virginis
1412 1198 1451 1231 a'e
1472 1197 1680 1244 suprascripto
1699 1201 1890 1242 Monasierio
1909 1204 1997 1236 Dea-

1241 1249 1280 1280 do
1307 1247 1352 1285 &⁶
1380 1248 1606 1289 Monasterium
1634 1262 1768 1288 novum,
1804 1263 1862 1296 que
1888 1250 1929 1293 est
1947 1250 1996 1292 fi-

1175 1298 1204 1332 C
1241 1308 1306 1330 tum
1334 1297 1367 1330 in
1386 1297 1495 1330 honore
1513 1297 1629 1331 Sanfle
1653 1300 1805 1345 Agathe,
1833 1313 1997 1346 congruam

1241 1347 1504 1381 commutationem
1530 1361 1566 1381 ac
1592 1347 1811 1383 rationabilem
1831 1349 1893 1394 sub
1923 1362 1997 1397 pre-

1235 1397 1321 1441 senti
1340 1398 1441 1438 nostra
1459 1397 1645 1433 auffloritate
1665 1397 1913 1442 confirmaremus
1924 1424 1934 1439 ,
1961 1414 1997 1435 ac

1232 1446 1408 1491 firmrfflmo
1433 1447 1503 1492 jure
1542 1461 1578 1481 ex
1604 1459 1734 1495 utraque
1757 1460 1848 1495 parte
1874 1452 1995 1485 robora-

1241 1509 1338 1530 remus
1353 1521 1363 1535 ,
1394 1497 1489 1538 sicuti
1525 1498 1567 1531 (θ’
1597 1498 1746 1542 fecimus.
1787 1501 1996 1547 Precipientes

1240 1560 1309 1593 ergo
1332 1546 1499 1591 jubemus,
1520 1547 1616 1589 ficuti
1643 1550 1684 1582 (9¹
1704 1550 1882 1595 perenniter
1905 1563 1995 1585 man-

1236 1598 1341 1641 surum
1377 1598 1544 1637 volumus,
1584 1608 1619 1632 ut
1661 1612 1745 1633 nemo
1764 1598 1912 1643 fidelium
1940 1614 1994 1634 no-

1232 1648 1364 1690 strorum
1387 1648 1477 1695 parti
1499 1648 1661 1695 prescripti
1687 1649 1873 1691 Monasterii
1890 1651 1928 1684 de
1946 1651 1995 1685 his

1240 1698 1382 1732 omnibus
1417 1699 1505 1732 rebus
1539 1699 1676 1744 quolibet
1715 1710 1847 1746 tempore
1873 1701 1995 1736 nullam

1168 1757 1199 1790 D
1240 1749 1352 1791 inferre
1375 1748 1553 1794 praesumat
1582 1747 1750 1789 molestiam
1791 1759 1848 1783 aut
1874 1760 1995 1785 contra-

1240 1799 1399 1835 rietatem,
1422 1797 1479 1842 sed
1499 1797 1560 1841 sub
1586 1800 1669 1831 omni
1693 1798 1892 1845 integritate,
1913 1800 1996 1841 siout

1241 1847 1356 1882 ibidem
1381 1850 1403 1882 ἃ
1429 1846 1519 1882 nobis
1544 1846 1667 1894 concesse
1687 1848 1785 1892 sunt,
1821 1848 1868 1888 ἐφ’
1894 1864 1914 1885 a
1941 1864 1994 1885 no—

1234 1898 1301 1940 stra
1336 1898 1520 1933 auelorieate
1560 1900 1726 1932 condonate
1749 1900 1924 1946 perenniter
1949 1901 1995 1936 ibi

1242 1951 1274 1983 in
1311 1949 1452 1983 utilitate
1486 1947 1621 1993 ejusdem
1657 1950 1845 1992 Monasterii
1883 1951 1995 1997 absque

1241 1997 1406 2043 cujuslibet
1434 1999 1659 2045 refragatione,
1695 2010 1751 2033 aut
1777 2001 1916 2047 qualibet
1943 2002 1993 2035 in—

1241 2049 1421 2096 quietudine
1437 2059 1657 2096 permaneant.
1683 2052 1710 2083 S
1712 2050 1722 2081 i
1746 2051 1815 2096 quis
1833 2064 1906 2084 vero
1924 2064 1992 2085 con-

1241 2111 1291 2135 tra
1317 2099 1412 2145 hujus
1435 2099 1528 2141 nostri
1546 2099 1685 2145 Precepti
1705 2099 1901 2143 securitatem
1921 2102 1992 2135 vio-

1240 2150 1370 2185 lentiam
1397 2150 1557 2196 aliquam,
1598 2151 1652 2183 vel
1677 2150 1854 2191 occasionem
1881 2151 1994 2195 inferre

1172 2210 1200 2242 Ε
1241 2200 1461 2247 temptaverit,
1492 2200 1574 2245 sciat
1608 2200 1641 2244 se
1669 2200 1897 2247 compositurum
1924 2201 1996 2236 auri

1240 2251 1349 2286 obtimi
1382 2250 1496 2285 Libras
1532 2253 1603 2285 LX.
1641 2251 1863 2286 medietatem
1894 2252 1992 2286 Pala-

1240 2301 1294 2336 tio
1329 2300 1462 2340 nostro,
1499 2299 1545 2338 ὕφ’
1581 2302 1774 2336 medietatem
1811 2301 1899 2348 parti
1924 2300 1992 2346 eju-

1182 2366 1186 2369 *
1235 2351 1321 2396 sdem
1349 2351 1555 2393 Monasterii.
1583 2354 1629 2385 Et
1656 2363 1691 2386 ut
1716 2352 1788 2386 haec
1815 2351 1914 2393 nostra
1932 2364 1991 2385 au-

1240 2401 1367 2436 Horitas
1405 2402 1571 2448 pleniorem
1607 2401 1640 2435 in
1678 2402 1741 2436 Dei
1766 2401 1886 2435 nomine
1912 2401 1993 2435 obti-

1239 2463 1312 2488 neat
1336 2452 1495 2499 vigorem‚
1524 2465 1619 2487 manu
1642 2451 1769 2499 propria
1802 2450 1909 2495 subter
1930 2450 1993 2493 fir-

1239 2503 1417 2541 mavimus,
1460 2502 1506 2540 ὠ
1542 2502 1635 2537 anuli
1674 2501 1767 2545 nostri
1807 2501 1994 2547 impreffione

1232 2553 1377 2601 jtffmus
1404 2553 1570 2600 insigniri.
1885 2600 1924 2638 s·

1912 2614 1941 2635 ,0-
