2216 3105
451 227 534 269 455

765 211 1201 256 BENVENUTI
1245 210 1654 256 IMOLENSIS

1875 222 1965 281 456

391 282 474 306 cum
517 273 573 307 tua
619 270 692 307 acie
742 271 857 308 striS’ta
903 272 1008 308 irruit
1053 272 1151 319 super
1189 273 1222 307 A
1262 269 1324 306 dus
1352 284 1429 306 cum
1453 271 1520 308 suis
1546 271 1763 318 recollestis,
1791 274 2017 323 reconjunxit

392 321 506 357 aciem
533 349 543 367 ‚
580 321 640 358 ubi
690 332 764 357 erat
800 323 1052 363 Conradinus,
1090 323 1149 358 ubi

392 371 463 408 fuit
497 386 572 408 acre
601 372 772 421 proelium
790 399 800 416 ,
828 373 882 409 sed
910 374 1038 413 breve,
1067 374 1150 421 quia

391 437 475 473 gens
502 423 698 460 Conradini
726 433 799 459 erat
827 437 933 472 pauca
950 452 959 467 ,
996 426 1031 460 &
1067 423 1149 459 fati-

392 482 472 524 gata
486 501 495 517 ,
516 475 638 510 ceteris
659 473 775 522 sparsis
796 475 835 509 ad
862 475 1041 522 praedam.
1067 474 1148 510 Un-

393 527 434 560 de
462 525 551 561 acies
579 526 651 571 ejus
676 524 846 559 continuo
866 525 1146 564 diminuebatur,

394 575 431 612 ἃ
460 575 549 611 acies
569 574 696 610 Caroli
717 576 925 621 augebatur,
953 575 1036 622 quia
1057 576 1148 610 mul-

391 627 451 671 -ti,
493 627 555 674 qui
582 625 740 673 fugerant
767 638 786 659 a
815 624 929 672 primo
957 624 1147 669 confligtu,

389 677 655 714 revertebantur
691 675 730 709 ad
773 688 874 717 eum,
903 674 1149 722 cognoscentes

392 727 538 775 insignia
568 723 712 773 Regalia
731 751 738 759 .
766 726 812 759 Et
840 725 913 760 cito
940 738 1022 772 gens
1050 727 1147 761 Con·
1177 750 1178 754 Ξ

393 777 507 814 radini
534 776 603 812 fuit
631 775 727 810 fusa.
765 775 988 811 Conradinus
1025 775 1146 811 videns

392 828 568 864 fortunam
608 826 692 862 belli
729 835 800 860 tam
839 826 912 861 cito
953 834 1147 871 mutatam,

391 879 433 915 de
475 877 619 914 confilio
657 878 832 912 Baronum
874 876 1012 912 suorum
1041 890 1147 925 expo-

393 929 462 966 suit
489 929 521 965 se
548 929 648 977 fugae
686 940 765 962 cum
803 929 901 963 Duce
937 926 1147 965 Austrienli‚

392 982 426 1016 &
454 979 659 1028 quibusdam
687 977 911 1013 Comitibus.
948 980 1051 1014 Tunc
1082 977 1148 1012 cir-

393 1031 608 1079 cumspectus
648 1029 800 1064 Alai-dus
841 1041 981 1064 cernens
1031 1027 1148 1076 fugam

393 1083 541 1119 hostium
570 1080 743 1117 clamabat
771 1079 852 1114 altis
889 1079 1056 1117 vocibus,
1093 1093 1149 1114 ro—

393 1147 475 1183 gans
505 1135 635 1181 Regem
663 1132 696 1165 &
727 1132 860 1168 Duces,
890 1142 931 1164 ne
952 1129 1149 1165 recederent
1176 1170 1178 1176 ,

394 1187 435 1221 ab
464 1185 537 1220 acie
565 1180 798 1231 persequendo
840 1179 968 1219 hostes,
1006 1189 1065 1216 aut
1094 1193 1149 1215 ca-

394 1235 522 1284 piendo
563 1233 751 1282 praedam,
802 1230 930 1265 timens
976 1244 1019 1266 ne
1067 1244 1149 1278 gens

393 1284 589 1323 Conradini
626 1281 775 1332 dispersa
815 1281 1068 1329 colligeretur,
1111 1294 1179 1316 ac:

393 1338 634 1386 detegerentur
662 1332 822 1369 infidiae.
864 1334 910 1367 Et
951 1332 1036 1367 bene
1063 1345 1149 1379 opus
1177 1331 1179 1342 '

393 1397 466 1425 erat
503 1397 575 1423 tam
612 1383 741 1420 salubri
769 1381 1033 1424 admonitione,
1068 1382 1149 1428 quia
1177 1397 1179 1405 >

392 1439 506 1475 statim
537 1435 712 1472 Dominus
740 1432 938 1470 Henricus‚
981 1432 1041 1479 qui
1071 1445 1148 1466 cum
1177 1430 1178 1488 Ξ

394 1489 461 1525 suis
491 1486 657 1535 Hispanis
685 1483 822 1531 sequuti
859 1481 995 1517 fuerant
1032 1481 1148 1529 fugam
1177 1490 1178 1517 i

394 1537 674 1575 Provincialium
715 1536 748 1569 &
788 1531 994 1568 Italicorum
1026 1545 1083 1579 per
1112 1546 1149 1566 u—

393 1603 473 1626 nam
510 1588 649 1623 Vallem
669 1612 678 1627 ,

393 1653 507 1688 pugna
534 1636 660 1673 Caroli
680 1636 713 1670 &
735 1634 814 1682 fuga
835 1632 1030 1668 Conradini
1045 1660 1053 1676 ‚
1077 1634 1149 1667 col—

391 1690 481 1726 lecta
510 1696 612 1737 gente
639 1686 696 1721 sua
724 1684 961 1720 revertebatur
989 1683 1028 1718 ad
1056 1696 1149 1717 cam-
1176 1718 1178 1735 Ξ

392 1754 493 1790 pum.
522 1738 596 1784 Qui
625 1736 744 1772 videns
773 1734 881 1770 aciem
904 1733 1047 1774 Caroli,
1071 1746 1147 1770 .cre-
1175 1739 1177 1778 Ξ

390 1795 473 1827 dens
501 1790 563 1824 effe
592 1785 786 1824 Conradini
805 1812 814 1828 ,
843 1783 994 1818 tamdem
1025 1796 1148 1830 appro-

725 1583 762 1619 &
800 1581 891 1617 nihil
933 1582 1068 1617 viderat
1110 1583 1177 1617 de¹

1261 320 1293 356 se
1320 331 1436 369 aperte
1463 335 1540 359 cum
1570 323 1642 359 acie
1668 324 1810 360 Caroli.
1838 326 1941 360 Tunc
1961 338 2015 361 re-

1259 370 1474 420 integratum
1512 373 1557 409 est
1599 373 1640 409 ad
1681 374 1874 411 terminum
1916 389 2015 424 proe-

1259 420 1369 457 lium.
1396 425 1471 466 Jam
1500 422 1650 469 Hispani
1679 424 1765 460 bene
1791 425 1917 461 armati
1944 439 2015 461 non

1258 471 1492 509 sternebantur
1507 473 1635 510 istibus
1655 474 1783 510 enfium
1797 502 1805 511 .
1827 476 1890 511 Sed
1907 478 2015 511 Fran-

1259 521 1292 557 ci
1319 532 1506 571 coeperunt
1533 537 1591 559 eos
1619 525 1806 573 amplecti,
1844 526 1926 573 quia
1954 540 2014 562 ve-

1259 572 1406 608 lociores
1445 573 1483 609 &
1528 574 1762 622 expeditiores
1804 586 1921 612 erant.
1968 579 2014 613 Et

1258 623 1478 658 retrahebant
1514 637 1572 658 eos
1599 625 1641 659 ab
1678 625 1794 671 equis.
1845 629 1891 662 Et
1919 627 2013 662 obti-

1259 681 1408 707 nuerunt
1437 672 1644 708 vi&oriam.
1673 676 1786 709 Multi
1805 689 1847 710 ex
1869 685 2014 723 utraque

1259 722 1332 757 acie
1360 721 1584 758 ceciderunt.
1626 723 1801 759 Dominus
1838 726 2013 761 Henricus

1258 771 1349 820 fugit
1377 785 1454 808 cum
1494 773 1611 821 paucis
1647 773 1688 808 ad
1725 775 1889 810 Montem
1917 775 2013 811 Casi-

1257 835 1363 862 num,
1404 824 1438 858 &
1467 833 1586 871 captus
1614 822 1658 858 est
1686 824 1726 859 ab
1755 825 1894 861 Abbate
1914 825 2012 862 illius

1257 874 1408 908 Terrae.
1445 875 1492 908 Et
1530 874 1704 909 Dominus
1747 877 1894 911 Carolus
1933 890 2013 914 cum

1257 921 1325 958 suis
1361 922 1402 958 de
1439 923 1583 960 confilio
1621 924 1769 960 Domini
1806 925 1931 962 Alardi
1959 941 2012 962 re-

1257 972 1380 1008 manfit
1407 973 1444 1008 in
1473 975 1546 1010 acie
1573 974 1678 1022 usque
1705 975 1865 1015 noctem,
1894 987 1932 1012 ut
1960 977 2012 1013 sui

1256 1023 1566 1072 recolligerentur,
1594 1027 1627 1060 δ(
1656 1035 1891 1073 reportaretur
1912 1029 2012 1074 plena

1258 1073 1407 1109 vieloria
1425 1101 1432 1109 .
1475 1074 1546 1110 Hic
1584 1075 1768 1111 conflizstus
1797 1075 1864 1112 fuit
1892 1077 1928 1112 in
1957 1078 2013 1113 vi-

1256 1124 1343 1172 gilia
1371 1124 1488 1160 Sancii
1517 1126 1780 1162 Bartholomaei
1801 1126 1857 1163 die
1879 1130 2010 1164 XXIV.

1256 1174 1427 1222 Augusti,
1463 1177 1681 1212 currentibus
1718 1176 1835 1213 Annis
1865 1178 2012 1214 Domini

1227 1237 1229 1244 ⁸
1256 1227 1519 1261 MCCLXVH.
1563 1229 1609 1261 Et
1645 1227 1681 1262 in
1710 1228 1790 1263 loco
1817 1228 1931 1264 (liciae
1958 1229 2012 1264 vi—

1256 1275 1388 1311 &oriae
1416 1278 1563 1312 Carolus
1592 1277 1676 1312 fecit
1703 1276 1778 1312 fieri
1817 1292 1920 1313 unam
1949 1293 2012 1313 no—

1258 1326 1365 1361 bilem
1394 1327 1586 1362 Abbatiam
1617 1341 1678 1374 pro
1705 1327 1821 1362 anima
1854 1338 2012 1364 mortuo-

1257 1389 1332 1411 rum
1362 1376 1520 1420 ibidem,
1557 1378 1613 1411 vel
1651 1376 1690 1412 ad
1728 1378 1932 1413 memoriam
1963 1379 2013 1415 sui

1257 1428 1290 1460 &
1319 1426 1494 1473 gloriam.
1531 1429 1631 1472 Quae
1672 1437 1818 1463 vocatur
1856 1429 2012 1465 ls‘icfforia.

1260 1477 1374 1510 Postea
1405 1477 1534 1511 bellum
1563 1476 1673 1512 solum
1704 1477 1865 1513 remanfit
1893 1489 2015 1515 contra

1260 1525 1420 1560 Pisanos.

1227 1561 1229 1566 ,
1465 1526 1527 1561 Sed
1559 1529 1631 1562 Rex
1660 1527 1826 1563 Franciae
1855 1529 2015 1565 Ludovi-

1227 1567 1315 1611 lcus
1357 1575 1462 1612 frater
1498 1577 1621 1612 Caroli
1664 1577 1863 1613 consiliavit
1903 1581 2014 1615 Caro-

1189 1614 1230 1669 Df
1257 1627 1353 1666 lum,
1383 1636 1420 1662 ut
1450 1625 1589 1663 haberet
1617 1627 1685 1662 iter
1712 1627 1889 1668 securum,
1930 1631 2014 1677 quia

1227 1678 1398 1711 'volebat
1435 1676 1544 1712 facere
1582 1677 1768 1725 paffagium
1811 1679 1848 1713 in
1886 1681 2013 1716 Barba—

1227 1735 1229 1770 Ξ
1256 1728 1366 1767 riam,
1397 1735 1435 1761 ut
1463 1727 1570 1774 poss‘et
1597 1727 1722 1762 habere
1752 1728 1919 1764 victualia
1937 1757 1946 1771 ,
1975 1729 2013 1766 δε

1226 1774 1229 1824 Ξ
1257 1776 1449 1821 ηεῑςείῖιπίεὶΔ
1476 1777 1516 1811 de
1553 1777 1732 1821 Sardinia,
1783 1792 1887 1825 quam
1917 1788 2013 1816 tene·-

392 1842 584 1890 pinquans,
612 1836 754 1885 cognita
782 1834 899 1869 fraude
920 1833 1145 1882 stupefactus,
1174 1827 1178 1877 Ξ
1227 1826 1229 1873 Ξ
1257 1828 1340 1862 bant
1367 1836 1450 1862 tunc
1490 1827 1640 1876 Pagani.
1683 1827 1834 1864 Carolus
1870 1829 2012 1866 inflatus

391 1892 446 1928 sed
474 1901 652 1937 tamquam
683 1886 735 1922 vis
765 1885 923 1920 cordatus
942 1912 950 1928 ‚
978 1897 1048 1918 non
1079 1893 1146 1919 ter·
1175 1906 1177 1935 Ξ

389 1942 477 1978 ritus
505 1941 543 1976 in
570 1947 670 1975 tanto
708 1935 930 1975 discrimine,
971 1934 1146 1970 restrinxit
1175 1953 1176 1956 =

391 1993 422 2028 se
449 2004 528 2028 cum
558 1989 645 2026 suis.
672 1988 726 2024 Ita
755 1985 791 2022 ὅ(
821 1999 902 2033 gens
930 1985 1052 2021 Caroli
1083 1984 1146 2019 fes-

389 2043 444 2087 sa,
496 2055 566 2077 non
620 2037 774 2075 tentavit
824 2036 987 2071 invadere
1034 2034 1143 2070 aciem

389 2095 482 2143 ejus,
521 2106 562 2127 ne
604 2090 780 2125 fortunam
824 2087 918 2123 suam
956 2097 1145 2136 exponeret

389 2145 563 2194 periculo.

388 2204 509 2231 contra
537 2192 647 2228 aciem
676 2190 766 2225 forte
803 2201 861 2236 per
901 2188 1043 2223 horam.

388 2245 540 2281 Alardus
591 2242 717 2277 astutus
770 2237 930 2287 apposuit
971 2238 1142 2273 cautelam

389 2304 509 2331 contra
537 2305 639 2336 eum,
679 2289 762 2338 quia
791 2302 849 2337 per
875 2287 1141 2323 fimilitudinem

387 2346 488 2394 fugae
516 2356 594 2379 cum
624 2340 740 2390 paucis
768 2337 982 2374 elefflffimis
1009 2336 1142 2372 receffit

388 2397 430 2432 ab
458 2394 551 2430 acie.
579 2390 730 2440 Hispani
757 2388 861 2424 traffi
889 2401 978 2422 vana
1005 2387 1061 2435 spe
1088 2388 1142 2422 di-

387 2444 488 2496 greffi
525 2443 604 2479 sunt
646 2441 688 2477 ad
729 2437 1030 2488 persequutionem
1058 2437 1141 2472 illo-

386 2508 484 2533 rum.
529 2493 678 2530 Carolus
723 2488 849 2525 invafit
895 2487 1070 2534 Hispanos
1107 2489 1140 2522 Sc

388 2550 580 2583 Germanos
610 2543 677 2591 jam
705 2540 907 2576 dissolutos.
948 2541 995 2574 Et
1035 2539 1141 2575 Alar-

614 2140 721 2176 Unde
767 2138 856 2173 acies
907 2137 1000 2172 stetit
1045 2136 1144 2222 firgus
1173 2087 1210 2195 'E

1105 2201 1120 2222 e
1173 2197 1174 2201 ,

1226 1895 1228 1906 =
1257 1887 1311 1913 tot
1341 1876 1523 1921 victoriis,
1564 1878 1720 1913 decrevit
1749 1878 1912 1915 invadere
1938 1881 2011 1916 Im-

1258 1928 1390 1976 perium
1437 1927 1866 1977 Constantinopolitanum
1897 1954 1906 1968 ,
1955 1931 2011 1967 sed

1257 1978 1448 2013 infeliciter
1483 1977 1544 2013 fibi
1586 1978 1707 2022 cessit,
1750 1978 1835 2015 ficut
1876 1980 2011 2017 dicetur

1225 2052 1227 2077 i
1258 2030 1357 2077 plene
1384 2027 1491 2063 Cant.
1519 2030 1618 2064 VIII.
1650 2029 1815 2064 Paradifi.
1844 2032 1897 2066 De
1919 2045 2010 2067 mor—

1257 2089 1290 2114 te
1336 2092 1420 2114 vero
1470 2077 1669 2115 Conradini
1725 2080 1861 2116 dicetur
1910 2083 2010 2126 plene

1255 2129 1363 2166 Cant.
1390 2131 1466 2165 XX.
1498 2130 1714 2177 Purgatorii.
1756 2132 1868 2167 Modo
1896 2132 1936 2167 ad
1964 2133 2009 2167 li—

1223 2180 1226 2233 Ξ
1256 2191 1384 2215 teram.
1422 2179 1523 2215 Dicit
1554 2180 1710 2224 Auctor,
1747 2182 1839 2229 quod
1876 2182 1897 2217 fi
1926 2196 2009 2218 con-

1224 2234 1226 2249 '
1255 2239 1479 2280 gregarentur
1515 2230 1625 2266 adhuc
1662 2241 1758 2266 totae
1785 2232 1864 2267 istae
1892 2233 2007 2276 acies,

1223 2252 1226 2323 Ξ
1255 2286 1311 2317 1eu
1339 2294 1420 2330 gens
1448 2294 1585 2320 earum,
1613 2295 1700 2328 quae
1728 2281 1796 2318 fuit
1823 2282 1944 2331 caesa;

1223 2328 1225 2373 Ξ
1305 2353 1491 2358 -----
1518 2345 1533 2365 e
1559 2333 1593 2366 ld
1618 2333 1661 2366 da
1688 2333 1918 2379 Tagliacozzm

1222 2378 1225 2438 Ξ
1305 2387 1371 2417 Ove
1392 2381 1574 2427 senz’arme
1613 2382 1700 2428 vinft
1739 2384 1764 2417 il
1797 2383 1916 2418 vecchio
1950 2386 2005 2418 „4-

1355 2434 1468 2468 lardo.

1255 2482 1329 2528 Qui
1359 2483 1443 2518 bene
1469 2482 1618 2518 ostendit
1654 2482 1870 2530 prudentiam
1912 2482 2005 2518 fimi—

1256 2535 1346 2572 lem:
1376 2533 1465 2577 wlnse
1486 2532 1692 2577 fi’nz‘arme.
1733 2535 1778 2567 Et
1806 2546 1875 2568 non
1903 2533 2009 2568 intel-

1916 2584 1959 2618 liv-
