2216 3105
286 196 368 235 401
580 180 882 222 COMMENT.
914 181 981 223 IN
1007 178 1234 225 DANTIS
1262 180 1504 222 COMOED.
1706 198 1792 235 ,402

229 238 306 274 dere
342 237 494 285 expensis
530 239 765 274 Communis.
805 241 857 273 De
894 252 983 286 quo-
1017 244 1068 285 A¹

229 302 304 324 rum
332 301 475 323 numero
506 288 644 323 fuerunt
672 289 826 337 Guelphi
855 290 887 324 8<
917 290 982 324 Gi-
1006 292 1008 306 ¹

230 339 375 381 bellini,
408 343 587 385 populares
617 340 648 372 8<
683 350 882 388 magnates,
913 352 982 374 non

229 388 369 435 suspeeti
388 413 398 426 ‚
426 389 487 435 qui
516 389 747 425 remanserant
775 391 812 425 in
841 390 982 425 Civita-

229 448 263 474 te
291 449 447 486 tempore
475 439 687 487 expulfionis
706 468 713 482 ,
750 441 888 488 quando
917 440 981 475 Gi-

230 489 352 523 bellini
394 490 475 524 dato
517 488 684 525 confise‘tu
731 492 771 526 ad
818 493 982 526 Montem

228 541 400 586 Apertum
416 569 424 581 ,
444 540 698 576 reintraverant
714 541 911 577 Civitatem
931 541 984 576 vi-

228 589 322 624 ribus
350 589 550 629 Manfredi,
580 601 617 627 ut
644 590 712 638 jam
744 591 908 636 scriptum
941 592 985 626 est

228 638 324 684 saepe
367 642 470 675 Cant.
510 643 550 675 X.
587 643 619 676 8<
666 645 761 677 XVI.
805 642 858 677 Isti
903 655 984 690 ergo

231 691 396 725 XXXVI.
420 692 666 730 convenientes
688 693 786 728 simul
808 692 906 727 omni
928 693 984 726 die

230 738 385 775 fecerunt
423 741 511 776 bona
548 742 671 780 statuta
699 745 732 778 ὃ(
761 743 984 778 ordinamen-

229 798 286 828 ta,
325 801 478 826 creantes
515 793 727 841 Capitaneos
754 795 786 828 8<
816 792 984 828 Consules

231 853 309 875 cum
338 841 615 887 Confalonibus,
654 847 687 880 8<
724 843 909 892 Infigniis,
946 852 984 878 ut

231 890 416 926 obviarent
465 893 646 930 violentiis
685 897 718 930 &
761 893 984 929 rumoribus.

231 942 378 989 Propter
399 942 508 977 dietas
530 946 706 980 novitates
727 944 832 979 fa&as
855 957 913 990 per
932 943 985 978 di-

231 990 306 1025 &os
330 992 511 1028 Potestates
525 1021 533 1035 ‚
556 993 592 1029 &
611 995 802 1043 praeditff’cos
822 995 986 1028 XXXVI.

232 1040 413 1081 homines,
442 1044 613 1080 Gibellini
645 1055 822 1094 magnates
844 1045 986 1079 Floren-

233 1091 324 1134 tiae,
352 1091 434 1127 ficut
460 1093 614 1135 Uberri,
642 1096 846 1136 Lamberti‚
875 1094 988 1130 Sifan-

232 1149 306 1183 tes,
335 1142 532 1183 scholares,
561 1143 598 1180 δε
619 1146 680 1181 alii
702 1158 901 1194 magnarum
925 1145 988 1179 do-

233 1204 369 1226 morum
394 1217 404 1231 ,
444 1206 607 1241 ceperunt
644 1196 873 1244 suspicionem
912 1208 987 1242 par-

232 1241 425 1281 tialitatis‚
463 1245 543 1288 quia
573 1246 758 1281 videbatur
785 1247 857 1284 eis,
895 1245 988 1292 quod

232 1292 398 1337 praediffld
429 1296 594 1329 XXXVI.
632 1296 792 1331 homines
831 1295 988 1330 faverent

231 1341 424 1386 Guelphis.
462 1344 522 1390 qui
561 1346 793 1380 remanserant
828 1346 865 1380 in
905 1346 989 1380 Flo-

230 1391 366 1426 rentia.
407 1394 554 1436 Propter
589 1395 680 1442 quod
710 1394 841 1430 Comes
869 1395 989 1429 Guido

232 1442 405 1477 Novellus
434 1443 595 1479 Vicarius
633 1444 774 1480 territus
801 1444 842 1479 de
871 1458 989 1479 recen-

229 1490 258 1525 ti
289 1491 463 1535 νίξὶοτία,
501 1507 605 1541 quam
643 1495 809 1530 habuerat
836 1493 988 1530 Carolus

230 1540 271 1575 de
298 1540 486 1577 bianfredo
504 1571 513 1585 ,
544 1543 637 1579 mifit
666 1558 728 1593 pro
756 1545 918 1593 gentibus
947 1545 986 1580 ad

230 1603 350 1626 omnes
377 1591 557 1629 Civitates
585 1595 737 1639 amicas,
765 1595 901 1630 scilicet
930 1595 989 1631 Pi-

232 1640 281 1676 sas
299 1665 308 1678 ,
349 1644 451 1677 senas
477 1670 486 1686 ,
530 1645 694 1680 Aretium
720 1670 730 1684 ,
774 1646 959 1681 Pistorium
976 1671 987 1686 ‚

233 1692 397 1730 Pratum,
426 1694 627 1730 Vulterras.
661 1695 756 1741 Quia
784 1705 867 1730 tunc
895 1696 987 1743 quasl

233 1749 309 1775 tota
336 1741 467 1777 Tuscia
503 1753 576 1778 erat
613 1745 673 1779 sub
712 1754 807 1793 parte
834 1746 989 1781 Gibelli—

233 1803 295 1825 na.
334 1791 388 1826 Ita
425 1793 516 1838 quod
546 1807 623 1829 cum
656 1797 699 1830 D.
727 1795 903 1842 equitibus
932 1809 989 1830 ac-

233 1840 321 1876 cidit
361 1843 453 1887 quod
495 1845 624 1879 Comes
665 1845 783 1880 Guido
821 1846 988 1890 volebat,

233 1891 325 1938 quod
363 1892 602 1939 imponeretur
638 1895 785 1930 collech
824 1909 884 1943 pro
921 1895 989 1931 sol—

233 1942 346 1976 vendo
374 1944 584 1979 Teotonicis
613 1945 823 1992 praeditffis.
862 1948 908 1980 Et
935 1946 988 1981 di—

233 1991 282 2027 ξὶί
324 1995 488 2029 XXXVI.
530 1996 741 2041 quaerebant
782 2009 841 2044 per
877 1997 1014 2042 alium;

233 2042 377 2077 modum
404 2043 563 2080 invenire
600 2046 781 2092 pecuniam
811 2060 889 2082 cum
920 2047 988 2082 mi-
1012 2075 1014 2084 Α

233 2091 311 2126 nori
353 2095 554 2138 gravamine
603 2097 753 2144 Populi.
796 2099 842 2132 Et
879 2110 986 2145 quum
1012 2094 1014 2100 ¹

233 2142 438 2177 distulissent
483 2145 637 2189 pluribus
681 2147 836 2190 diebus,
882 2149 986 2194 quam

232 2193 412 2228 videretur
448 2193 509 2242 ipsi
537 2195 674 2230 Comiti
704 2198 737 2231 &
767 2197 988 2243 magnatibus

233 2242 456 2282 Gibellinis‚
498 2243 555 2280 illi
598 2245 807 2291 suspicantes
848 2256 988 2294 propter

232 2307 362 2328 novum
401 2293 560 2329 ordinem
599 2295 717 2331 datum
755 2296 793 2331 in
831 2298 989 2344 Populo,

231 2343 459 2378 decreverunt
497 2347 711 2382 tumultuare
748 2346 786 2382 &
822 2347 988 2384 destruere

230 2394 399 2430 Officium
441 2397 604 2431 XXXVI.
642 2410 721 2432 cum
761 2397 905 2442 favore,
949 2397 987 2434 &

231 2445 365 2480 militia
401 2445 488 2481 diffi
516 2446 674 2482 Comitis
709 2447 904 2484 Guidonis.
941 2451 989 2484 Et

230 2495 359 2542 primi,
386 2496 447 2545 qui
476 2496 641 2533 exierunt
668 2499 818 2544 armati,
847 2498 987 2535 fuerunt
1013 2511 1017 2521 ·

1097 238 1244 276 Uber-ti,
1283 240 1494 274 clamantes:
1539 239 1599 274 Uli
1622 240 1698 284 sunt
1726 244 1775 283 qli
1803 242 1854 276 la—

1095 299 1193 321 trones
1223 292 1409 323 XXAVJJ
1439 290 1498 324 Illi
1530 299 1644 324 autem
1674 291 1851 339 aggregati

1095 338 1132 374 in
1169 339 1249 373 loco
1288 338 1415 378 solito,
1452 340 1688 387 diffugerunt.
1728 343 1772 376 Et
1810 341 1852 376 fic

1095 397 1190 423 totus
1214 390 1388 436 Populus,
1417 389 1536 424 claufis
1557 389 1757 434 apothecis.
1785 391 1854 426 fuit

1068 447 1069 450 ’
1097 437 1156 473 sub
1177 439 1304 474 armis.
1330 442 1375 475 Et
1397 450 1435 475 ut
1457 440 1530 475 cito
1558 439 1695 481 dicam,
1724 443 1853 476 Comes

1096 489 1214 524 Guido
1258 489 1379 525 videns
1407 518 1417 534 ‚
1463 490 1555 538 quod
1601 503 1671 525 non
1719 499 1854 536 poterat

1096 538 1251 587 frangere
1291 542 1490 586 Populum,
1527 540 1626 576 venit
1663 554 1741 576 cum
1779 550 1855 577 tota

1098 590 1230 624 militia
1259 590 1299 625 ad
1339 591 1536 635 Palatium,
1574 591 1631 626 ubi
1661 601 1759 627 erant
1785 592 1855 627 duo

1069 669 1070 683 ¹
1099 640 1310 685 Potestates,
1347 641 1384 676 in
1418 643 1535 677 Platea
1563 641 1679 677 saneti
1712 642 1854 690 Apolli-

1069 692 1070 695 ’
1098 690 1215 730 naris,
1252 693 1284 726 8<
1315 691 1419 740 petiit
1457 693 1571 728 claves
1602 694 1783 728 Portarum
1812 693 1854 728 ab

1069 750 1071 756 '
1097 740 1190 776 illis.
1229 742 1368 786 Quilius
1404 742 1558 781 habitis,
1597 743 1717 778 viliter
1746 742 1855 779 reces-

1097 790 1159 834 fit,
1187 805 1294 839 quum
1324 802 1439 833 tamen
1468 793 1549 828 effet
1577 792 1703 828 fortior
1730 795 1763 829 δε
1793 807 1853 841 po—

1098 841 1230 876 tentior
1261 844 1414 888 Populo.
1451 846 1497 878 Et
1524 843 1566 879 de
1593 843 1666 878 sero
1695 844 1853 889 pervenit

1100 894 1240 927 Pratum
1259 920 1266 927 .
1306 895 1387 928 Hoc
1415 904 1531 929 autem
1570 893 1697 928 facium
1728 894 1773 929 est
1800 894 1855 929 die

1098 942 1212 977 saneti
1243 942 1397 978 Martini
1428 944 1489 979 XI.
1518 944 1752 982 Novembris,
1780 946 1856 978 An·-

1097 1006 1142 1027 no
1174 993 1320 1028 Domini
1350 993 1452 1029 nostri
1481 993 1556 1037 Jesu
1578 993 1706 1029 Christi
1729 996 1855 1030 MCC·

1098 1045 1230 1078 LXVI.
1259 1043 1414 1079 Exclusis
1442 1057 1524 1092 ergo
1548 1045 1768 1092 magnatibus
1790 1044 1855 1080 Gi-

1099 1093 1240 1128 bellinis
1253 1121 1262 1136 ‚
1284 1094 1481 1129 Florentini
1500 1094 1776 1130 reformaverunt
1791 1095 1855 1130 Ci-

1099 1144 1270 1187 vitatem,
1299 1144 1383 1179 ficut
1411 1145 1460 1180 eis
1488 1145 1620 1192 placuit
1638 1169 1647 1183 ,
1685 1143 1723 1179 ὃ(
1752 1144 1854 1180 mise-

1098 1204 1180 1229 runt
1208 1204 1305 1229 extra
1333 1194 1412 1230 istos
1440 1195 1525 1230 duos
1554 1194 1763 1234 potestates,
1791 1195 1853 1242 qui

1099 1245 1339 1279 consenserant
1380 1245 1488 1280 tacite
1523 1245 1606 1280 huic
1642 1244 1759 1280 faffio.
1800 1248 1854 1281 De

1097 1294 1212 1330 mense
1256 1296 1412 1338 Januarii
1454 1295 1611 1343 sequenti
1653 1296 1852 1331 Florentini

1097 1345 1309 1380 reduxerunt
1335 1358 1456 1380 omnes
1492 1346 1530 1380 in
1558 1346 1754 1381 Civitatem
1773 1373 1783 1389 ‚
1819 1347 1853 1381 &

1098 1395 1252 1429 fecerunt
1295 1397 1406 1430 multa
1448 1395 1676 1431 matrimonia
1711 1395 1753 1431 ad
1794 1395 1854 1432 fir-

1098 1445 1258 1479 mandam
1289 1458 1433 1492 pacem,
1470 1459 1558 1492 quae
1594 1456 1711 1481 tamen
1739 1447 1854 1482 modi-

1098 1508 1175 1530 cum
1202 1495 1363 1530 duravit.
1393 1498 1484 1531 Nam
1510 1496 1664 1543 Guelphi
1693 1497 1777 1532 elati
1798 1497 1854 1532 vi-

1097 1545 1209 1580 &oria
1244 1545 1393 1587 Caroli,
1435 1544 1562 1581 secrete
1605 1545 1773 1582 miserunt
1810 1547 1852 1583 ad

1072 1598 1073 1606 ¹
1098 1609 1175 1631 eum
1206 1609 1266 1643 pro
1294 1605 1417 1644 gente,
1455 1594 1493 1631 ἃ
1523 1609 1583 1641 pro
1612 1609 1681 1631 uno
1708 1597 1855 1644 Capita-

1098 1659 1187 1681 neo.
1215 1646 1289 1691 Qui
1319 1645 1410 1681 misit
1438 1645 1622 1682 Comitem
1651 1647 1851 1683 Guidonern

1098 1697 1139 1732 de
1166 1696 1372 1735 Monforte,
1400 1709 1477 1732 cum
1508 1699 1653 1733 DCCC.
1679 1697 1854 1734 militibus

1098 1747 1290 1782 Franciae.
1327 1746 1400 1792 Qui
1440 1748 1598 1795 pervenit
1636 1748 1852 1784 Florentiam

1098 1797 1154 1831 die
1184 1796 1459 1833 Resurreffionis
1487 1797 1698 1833 Dominicae
1725 1800 1854 1834 MCC·

1099 1848 1251 1882 LXVII.
1296 1848 1405 1894 Cujus
1447 1847 1634 1883 adventum
1676 1847 1851 1884 Gibellini

1099 1897 1306 1936 sentientes,
1343 1897 1445 1932 noete
1482 1898 1699 1945 praecedenti
1728 1899 1849 1934 exive-

1099 1957 1180 1982 runt
1218 1947 1397 1982 Florentia
1433 1948 1639 1984 inredituri.
1677 1948 1736 1984 Ad
1773 1961 1853 1996 pro-

1101 1997 1248 2046 positum
1276 2011 1377 2045 ergo.
1415 1997 1476 2033 Iste
1506 2001 1624 2033 Frater
1650 1999 1854 2035 Catellanus

1100 2047 1215 2095 tangit
1243 2048 1376 2082 causam
1404 2049 1437 2082 &
1466 2048 1626 2083 effeEtum
1657 2049 1855 2085 vocationis

1101 2111 1242 2136 eorum,
1277 2098 1359 2145 quia
1396 2098 1530 2134 scilicet
1567 2097 1706 2134 fuerunt
1734 2100 1854 2135 vocati

1101 2148 1141 2183 ad
1170 2147 1451 2196 praeservandam
1481 2162 1622 2196 pacem,
1651 2148 1688 2184 ὅ(
1717 2163 1855 2197 pepere-

1102 2208 1183 2233 runt
1210 2207 1413 2246 perpetuum
1442 2198 1639 2234 scandalum
1657 2227 1667 2242 ‚
1695 2200 1851 2247 corrupti

1101 2262 1118 2283 a
1146 2248 1339 2295 Guelphis..
1374 2251 1420 2283 Et
1456 2248 1500 2283 fic
1537 2259 1769 2296 peccaverunt
1798 2264 1856 2298 per

1102 2298 1308 2346 hypocrisim
1337 2300 1371 2334 8<
1402 2300 1647 2339 bar-atterum,
1676 2313 1764 2347 quae
1792 2313 1855 2347 pu-

1102 2350 1196 2384 nitur
1217 2348 1253 2384 in
1277 2349 1393 2398 bolgia
1422 2349 1660 2393 praecedenti.
1691 2351 1770 2385 Ideo
1792 2364 1854 2385 no-

1100 2399 1162 2434 ster
1189 2399 1326 2434 Ausim·
1363 2400 1489 2435 merito
1527 2400 1660 2436 locavit
1695 2400 1774 2436 istos
1801 2401 1857 2436 vi-

1100 2450 1197 2485 cinos
1236 2450 1453 2485 baratteriis.
1490 2453 1545 2485 Ex
1582 2450 1745 2486 omnibus
1773 2463 1855 2497 ergo

1099 2499 1249 2536 narratis
1284 2509 1384 2549 potes
1410 2501 1499 2536 clare
1536 2500 1736 2550 intelligere
1772 2500 1853 2535 lite—

1731 2562 1805 2586 ram
