2216 3105
412 221 495 274 v391
693 219 1166 264 BENVENUTI
1208 220 1649 265 IMOLENSJS
1838 238 1919 280 592

355 279 443 325 :pud
471 275 765 326 Tagliacozium,
806 280 1028 330 exspec‘cabat
1054 280 1114 317 de·
1151 287 1185 322 A
1218 279 1340 316 :enelu
1369 281 1562 330 produc‘to.
1589 284 1635 318 Et
1661 289 1780 318 tamen
1806 295 1877 318 non
1905 280 1975 318 fuit

355 327 502 376 capitati
520 354 528 363 .
556 328 640 365 Ideo
667 330 781 367 dicit:

403 398 634 407 ------
660 382 696 416 di
718 393 823 427 pena,

405 429 470 464 Che
493 429 629 473 sbslenea
658 446 695 466 ne
727 437 761 467 la
780 434 909 480 prigIon
932 434 969 469 di
996 434 1112 478 carlo,

354 479 460 523 idest,
499 478 625 517 Caroli
665 483 769 531 Regis
806 484 953 521 veteris.
996 487 1042 520 Et
1069 484 1112 519 fic

354 530 459 573 vide,
497 531 590 579 quod
620 534 873 570 Provincianus
901 535 1050 571 redemit
1078 548 1114 570 a·

355 580 486 616 micum
525 582 567 618 de
602 584 763 618 manibus
783 583 931 625 Caroli,
960 586 1020 633 qui
1044 598 1113 620 non

354 631 476 679 potuit
504 632 616 681 postea
653 633 684 668 se
720 633 890 670 redimere
932 635 972 671 de
1001 636 1113 671 mani—

356 682 419 717 bus
449 681 586 718 Vicarii
614 682 737 719 illius.
779 686 827 720 Et
855 685 1038 721 concludit
1064 688 1115 720 O-

358 730 501 766 dorifius
521 745 528 767 :

405 781 513 828 „Quest'
523 793 614 827 opera
629 784 680 831 gli
702 785 776 830 tolse
795 786 866 833 quei
882 786 996 830 confini
1006 813 1015 821 .

354 831 461 875 idest,
489 847 575 881 opus
604 843 722 871 tantae
750 836 966 872 humilitatis
994 835 1032 872 &
1061 850 1117 872 ca—

357 882 474 918 ritatis
501 883 668 921 liberavit
695 899 774 921 eum
803 900 822 922 a
849 888 930 923 loco
960 886 1115 923 confina-

355 941 470 970 torum
500 944 598 971 extra
628 937 897 985 Purgatorium.

469 988 533 1020 Ad
561 989 658 1021 Cant.
687 990 779 1023 XIII.
801 989 884 1032 Vers.
914 1000 997 1030 104.

404 1038 446 1070 Se
474 1046 509 1069 tu
522 1036 567 1080 se’
579 1037 676 1083 quelli
687 1066 697 1080 ,
718 1038 768 1072 che
787 1039 830 1072 rai
851 1039 1033 1083 rthondesli
1045 1065 1053 1075 .

355 1084 449 1121 Heic
480 1088 584 1122 Poeta
613 1088 715 1136 ponit
741 1088 993 1137 responsionem
1015 1089 1113 1125 illius

353 1134 497 1184 spiritus
525 1137 564 1172 ad
595 1138 626 1174 se
643 1166 652 1182 ,
693 1138 755 1185 qui
783 1139 966 1188 respondet
992 1140 1033 1175 de
1061 1141 1113 1175 lo-

354 1199 418 1230 co,
447 1188 480 1222 δὲ
508 1187 550 1223 de
577 1189 742 1229 nomine,
779 1190 820 1225 de
847 1191 974 1238 quibus
1002 1190 1114 1226 fuerat

355 1237 590 1286 interrogatus
609 1267 618 1282 ,
644 1241 678 1275 &
708 1240 799 1275 ultra
827 1240 893 1275 hoc
921 1242 963 1277 de
991 1243 1113 1289 culpa,

355 1301 422 1336 qua
449 1287 527 1324 heic
557 1300 742 1338 purgatur.
771 1293 817 1326 Et
844 1291 922 1326 heic
951 1291 1113 1332 adverte,

354 1338 447 1386 quod
475 1338 498 1374 fi
528 1341 632 1376 Poeta
662 1341 772 1376 noster
808 1342 984 1390 petendo,
1020 1341 1115 1378 dixit

353 1402 463 1437 pauca
507 1391 611 1426 verba
653 1393 687 1427 &
717 1393 834 1435 bona,
875 1392 935 1428 ista
964 1394 1113 1435 mulier,

355 1448 536 1487 tamquam
565 1441 740 1486 Semnfis,
769 1442 801 1478 ei
830 1455 919 1478 vana
947 1445 1059 1478 multa
1080 1444 1112 1478 ὃ(

355 1489 484 1526 frivola
505 1492 750 1528 confabulatur
770 1492 868 1540 super
884 1493 1020 1528 invidia
1038 1493 1113 1528 sua,

355 1539 438 1576 Ideo
475 1555 546 1576 non
588 1542 748 1586 mireris,
793 1542 816 1577 fi
865 1545 970 1578 Poeta
1011 1542 1115 1592 fingit

355 1590 454 1626 istam
483 1591 593 1628 facere
613 1594 756 1641 longam
775 1592 973 1628 orationem
1001 1595 1040 1628 ad
1063 1594 1115 1633 se,

357 1641 441 1688 quia
469 1642 597 1677 mulier
623 1643 668 1677 est
695 1643 903 1679 naturaliter
929 1646 1061 1691 loquax
1082 1646 1115 1679 8<

356 1692 512 1739 garrula:
558 1694 605 1728 Et
632 1693 692 1729 ista
721 1692 759 1728 in
787 1693 927 1742 speciali
956 1705 1030 1730 erat
1058 1708 1116 1741 pa-

358 1755 433 1777 rum
477 1742 643 1790 prudens.
687 1743 790 1780 Dicit
831 1757 912 1792 ergo
931 1771 938 1779 .
980 1746 1028 1780 Et
1055 1744 1117 1780 ille

358 1791 522 1841 spiritus:

409 1845 442 1877 Io
456 1843 511 1887 fui
533 1844 664 1888 Senese,
689 1844 821 1889 rispoj'e,
848 1864 865 1870 -
892 1865 907 1870 —
933 1865 949 1871 -
976 1865 992 1871 ·-

357 1892 462 1937 idest,
490 1893 531 1929 de
558 1894 745 1931 Comitatu
772 1896 937 1931 senarum
964 1894 1039 1931 fui:

408 1965 596 1971 -----
623 1959 638 1979 e
661 1959 714 1980 con
734 1945 830 1992 questi

409 1995 506 2031 Altri
531 1996 669 2031 rimondo
691 1997 745 2041 qu)
763 1997 797 2030 la
820 1996 894 2030 vita
920 1997 990 2035 ria,

360 2058 420 2092 per
448 2046 575 2081 bonam
603 2046 886 2093 poenitentiam:

409 2098 627 2143 Lagrimando
648 2113 669 2132 a
687 2097 780 2132 Calui
792 2124 802 2141 ‚
830 2117 1016 2124 -----

361 2145 520 2191 scilicet,
548 2147 589 2183 ad
619 2150 760 2184 Deum:

410 2218 639 2225 ......
667 2199 731 2233 Che
745 2198 779 2243 se
800 2212 837 2232 ne
852 2197 949 2242 presti
962 2210 977 2232 .·

360 2246 464 2292 idest,
506 2249 675 2285 concedat
715 2248 748 2284 se
774 2247 964 2284 videndum
992 2248 1117 2285 nobis.

361 2299 407 2332 Et
443 2299 553 2343 dicit,
603 2299 698 2348 quod
742 2298 841 2335 suum
881 2312 1009 2335 nomen
1046 2313 1117 2335 non

361 2346 431 2384 fuit
458 2350 668 2398 consequens
695 2350 771 2393 rei,
799 2349 912 2385 immo
939 2363 999 2398 per
1025 2350 1118 2385 anti-

361 2398 506 2447 phrasim
522 2428 530 2436 .
560 2401 666 2437 Unde
694 2401 813 2449 dicit3

408 2451 514 2485 savia
535 2465 592 2485 non
603 2453 658 2495 fui
669 2479 680 2496 ‚
703 2464 854 2499 avvegna
871 2451 922 2486 che
940 2452 1043 2496 Sapia

411 2502 495 2547 Foffi
518 2502 676 2538 chiamata
690 2531 700 2548 ,
730 2522 917 2529 -----

361 2553 462 2601 Sepia
499 2553 689 2589 vocabatur
731 2554 791 2590 ista
832 2551 1019 2593 Domina,
1061 2565 1119 2588 ac-

1218 330 1372 378 sapiens,
1399 331 1511 368 immo
1538 332 1730 382 insipiens,
1771 334 1805 369 8<
1832 332 1973 371 insana.

1219 380 1339 417 saltem
1375 382 1413 418 in
1454 383 1517 419 isto
1553 383 1660 429 actu,
1701 392 1740 420 ut
1768 383 1885 420 audies
1911 382 1975 419 sta-

1219 431 1286 468 tim
1303 459 1311 467 .
1340 433 1441 469 Unde
1468 434 1578 470 dicit:

1269 503 1284 508 -
1311 504 1327 509 -
1353 505 1369 510 -
1397 505 1412 511 -
1440 485 1521 528 esui
1545 488 1583 520 cle
1599 486 1651 533 gli
1670 485 1768 521 altrui
1787 484 1911 529 danm',

1220 531 1327 577 idest,
1355 534 1396 570 de
1423 535 1592 571 adverfis:

1269 585 1334 618 Pica
1352 585 1431 620 licta
1449 584 1528 631 affui
1539 614 1549 630 ,
1569 587 1620 621 che
1635 587 1674 621 di
1691 597 1827 622 ventura
1847 585 1931 621 ntia.

1220 633 1385 678 Scilicet,
1412 634 1454 670 de
1483 635 1676 684 prosperis,
1704 637 1797 685 quod
1824 636 1869 673 est
1895 649 1976 685 pro-

1221 683 1335 732 prium
1363 684 1543 720 Invidiae.

1269 736 1301 767 E
1319 734 1426 780 perch&
1452 755 1639 762 -----

1221 783 1311 819 Heic
1359 784 1468 830 longo
1512 784 1669 822 sermone
1720 788 1820 834 Sapfa
1861 795 1976 822 narrat

1220 832 1367 868 formam
1410 834 1487 870 suae
1528 836 1756 885 malignantis
1798 835 1975 872 Invidiae.

1221 886 1265 919 Et
1302 884 1343 919 ad
1388 885 1664 935 intelligentiam
1706 888 1834 922 claram
1876 887 1978 935 hujus

1221 934 1343 970 literae
1370 934 1471 971 debes
1499 936 1606 980 scire,
1647 936 1685 973 &
1714 951 1905 973 memorare
1932 937 1979 973 il-

1221 984 1304 1024 lud,
1341 986 1434 1033 quod
1462 985 1629 1036 scriptum
1671 988 1716 1024 est
1743 988 1841 1037 supra
1868 987 1978 1024 Cant.

1222 1037 1281 1071 XI.
1312 1036 1536 1085 Purgatorii,
1574 1038 1616 1075 de
1645 1038 1880 1074 Provinciano
1909 1037 1979 1073 Sil-

1220 1098 1334 1130 vano,
1371 1087 1433 1134 qui
1469 1101 1578 1136 quum
1620 1089 1766 1125 venisset
1803 1102 1880 1124 curn
1910 1087 1979 1124 suis

1220 1136 1420 1173 Senenfibus
1449 1149 1569 1175 contra
1596 1140 1753 1176 Castrum
1775 1137 1980 1176 Comitatus

1221 1187 1420 1223 florentiae
1439 1216 1447 1231 ,
1484 1189 1577 1237 quod
1605 1190 1737 1226 dieitur
1763 1191 1891 1234 Colle,
1918 1188 1980 1225 ista

1222 1239 1376 1274 Domina
1403 1239 1524 1276 ardens
1559 1241 1644 1277 odio
1680 1239 1900 1280 Senenfium,
1936 1252 1980 1275 ex

1220 1288 1290 1323 sola
1328 1288 1465 1326 invidia
1503 1291 1618 1339 posuit
1654 1291 1686 1328 se
1723 1292 1764 1327 ad
1801 1290 1981 1327 fenestram

1220 1340 1322 1375 unius
1351 1340 1474 1388 palatii
1502 1342 1540 1377 in
1568 1342 1687 1378 Castro
1715 1341 1775 1378 suo
1801 1339 1882 1377 satis
1923 1339 1980 1376 vi-

1220 1392 1300 1424 cino
1328 1391 1409 1426 loco
1436 1392 1542 1436 belli,
1570 1392 1771 1441 exspec'lans
1792 1400 1980 1430 eventum,

1218 1441 1252 1474 ὅ(
1274 1449 1399 1487 optans
1421 1442 1538 1477 audire
1558 1444 1695 1479 ruinam
1719 1443 1855 1479 suorum
1870 1469 1879 1477 .
1904 1443 1983 1476 Au-

1219 1489 1295 1524 dito
1323 1503 1405 1538 ergo
1432 1504 1570 1527 rumore
1597 1492 1728 1528 finistro
1769 1490 1981 1533 consti-stus,

1219 1541 1252 1575 5<
1283 1549 1394 1576 morte
1423 1540 1532 1576 Ducis
1561 1541 1775 1585 miseranda,
1816 1541 1978 1577 exultans

1219 1590 1346 1638 gaudio
1375 1591 1570 1635 immenso,
1613 1592 1733 1628 animo
1761 1589 1980 1640 gratulanti,

1219 1642 1331 1676 erexit
1371 1651 1475 1689 caput
1501 1651 1633 1678 temere
1660 1651 1781 1677 contra
1815 1642 1978 1679 coelum,

1220 1693 1252 1725 8<
1280 1690 1375 1726 dixit
1411 1691 1479 1726 sic:
1527 1696 1575 1727 De
1613 1706 1658 1726 me
1693 1695 1800 1726 amodo
1824 1691 1984 1738 quidquid

1219 1741 1314 1783 vult,
1332 1741 1436 1784 saciat
1464 1742 1540 1775 mihi
1563 1745 1651 1777 Deus
1680 1754 1774 1789 quam
1800 1741 1894 1787 pejus
1923 1751 1982 1784 po-

1222 1790 1300 1833 test,
1323 1803 1398 1837 qma
1426 1795 1534 1826 amodo
1552 1792 1666 1827 vivam
1700 1793 1812 1835 laeta,
1846 1790 1893 1829 θ’
1919 1804 1983 1825 ΜΟ·-

1223 1842 1287 1874 *liar
1315 1851 1487 1877 contenta.
1529 1842 1643 1878 Mod&
1680 1841 1722 1877 ad
1766 1840 1982 1890 propositum

1223 1891 1280 1925 ista
1318 1893 1418 1940 Sapia
1459 1892 1500 1927 ad
1537 1891 1844 1934 confirmandum,
1886 1890 1980 1939 quod

1222 1942 1380 1986 flixerat,
1420 1941 1534 1990 primo
1572 1943 1739 1991 proponit
1779 1941 1877 1977 suum
1914 1940 1980 1976 fal-

1223 1994 1295 2027 lum
1325 1991 1361 2026 in
1389 1992 1569 2040 generali,
1597 1992 1715 2028 dicens
1744 1991 1875 2027 Danti:

1272 2045 1304 2077 E
1328 2043 1437 2087 perch&
1462 2053 1498 2077 tu
1525 2056 1586 2077 non
1621 2043 1726 2088 credi,
1766 2042 1853 2078 ch’io
1893 2040 1982 2077 t’in-

1320 2093 1425 2138 gunni
1440 2120 1451 2137 ‚

1273 2143 1357 2187 Odi,
1378 2144 1413 2188 se
1434 2144 1508 2188 fui,
1536 2157 1614 2179 come
1640 2144 1668 2179 ti
1693 2144 1760 2179 dico
1776 2167 1787 2184 ‚
1811 2143 1907 2187 folle.

1225 2193 1333 2237 ldest,
1354 2194 1557 2231 temeraria.
1577 2197 1625 2231 Et
1645 2203 1811 2244 aggravat
1826 2193 1979 2233 facium,

1224 2244 1363 2280 dicens:

1275 2294 1339 2330 Gi&
1364 2296 1569 2340 discendendo
1594 2295 1698 2331 l’arco
1722 2295 1856 2331 de’miet‘
1884 2293 1982 2333 anm'‚

1226 2345 1317 2392 quasi
1358 2347 1473 2383 dicat:
1522 2348 1592 2395 jam
1629 2347 1828 2383 declinante
1867 2351 1982 2380 aetate

1226 2409 1325 2446 mea;
1354 2398 1406 2433 ita
1432 2397 1525 2445 quod
1553 2397 1639 2433 istud
1667 2411 1737 2433 non
1758 2405 1832 2433 erat
1850 2393 1983 2430 vitium

1226 2447 1372 2489 aetatis,
1413 2448 1468 2484 sed
1506 2447 1637 2484 animi.
1678 2450 1726 2484 Et
1771 2446 1850 2482 heic
1877 2452 1985 2488 nota,

1227 2499 1320 2546 quod
1363 2499 1491 2535 mulier
1526 2499 1719 2534 inclinatur
1763 2494 1901 2532 facilius
1940 2493 1984 2529 ad

1228 2551 1394 2599 pietatem
1421 2550 1456 2585 &
1476 2547 1756 2585 benivolentiam
1776 2558 1879 2594 quam
1904 2544 1984 2594 vix-3

1820 2595 1858 2634 &
1885 2595 1938 2632 ci-
