2216 3105
268 210 353 249 477

563 192 627 233 CO
637 189 857 232 MMENT
889 190 953 231 IN
993 185 1219 232 DANTIS
1246 183 1488 227 COMOED.

1696 190 1780 243 478

211 251 349 310 quando
378 251 504 286 volunt
531 249 665 285 dicere:
702 251 824 295 loquere
851 250 968 295 vulga-
1008 253 1042 287 A
1081 245 1228 281 habebat
1257 243 1406 279 scabiem
1434 243 1598 279 incrustat
1603 257 1656 283 am
1693 248 1735 282 ad
1765 259 1838 281 mo

211 303 308 342 riter,
336 300 458 339 dicunt
480 301 599 346 loquere
619 301 767 342 ratione;
793 300 828 335 8<
849 312 968 334 eorum

214 351 370 400 vulgaria
411 352 589 400 appellant
631 351 835 386 Romancia.
861 351 970 386 Non

213 414 295 450 ergo
330 401 493 437 deberent
538 402 657 437 Italici
687 401 835 436 Nobiles
865 399 970 448 subji-

215 465 289 488 cere
311 451 403 488 suam
427 452 651 488 nobilitatem
673 451 972 501 ignobilioribus.

217 505 337 547 Nota,
379 503 472 551 quod
513 503 626 551 aliqui
677 504 801 538 dicunt
826 527 837 542 ‚
879 501 972 550 quod

213 553 353 589 Auctor
398 554 526 590 merito
583 564 761 603 comparat
812 552 973 589 Senenses
1000 538 1004 583 l

214 605 349 644 Gallis,
386 605 468 653 quia
496 606 538 640 ab
565 605 614 641 eis
641 604 817 653 originem
845 604 974 639 habue-
1002 600 1005 642 Ι

214 664 316 690 runt.
354 655 484 692 Scribit
520 657 615 691 enim
641 656 814 700 Iohannes
838 654 973 702 ‹Angli-
1003 643 1007 715 ὶ

216 719 275 741 cus
311 705 349 741 in
390 705 450 742 suo
480 706 660 741 Policrato
699 705 761 741 liba
790 708 853 741 VI.
881 705 974 753 quod
1004 717 1042 753 *B

218 755 427 792 Senonenses
455 757 552 792 Galli
582 756 717 793 Urbem
744 756 975 792 condiderunt

219 809 383 842 Senatum
412 821 454 842 ex
484 807 676 843 senioribus
713 805 751 843 ὅ(
792 806 975 843 debiliori-

220 857 281 893 bus
310 856 397 893 suis.
425 860 472 893 Et
499 858 609 897 dicit,
646 860 739 906 quod
766 858 833 893 hoc
861 857 976 906 arguit

220 908 261 944 ad
288 908 377 945 hanc
405 907 694 949 similitudinem,
731 909 814 956 quia
851 911 977 944 Senen-

220 958 269 995 fes
306 958 342 995 in
378 958 604 995 lineamentis
642 961 899 999 membrorum,
941 956 978 993 &

221 1007 435 1046 formositate
463 1010 587 1049 faciei,
628 1011 662 1045 &
690 1011 802 1058 gratia
828 1010 979 1053 coloris,

221 1059 259 1096 ὅ(
287 1061 443 1096 moribus
471 1060 570 1110 ipsis,
599 1061 764 1096 videntur
791 1061 979 1109 appropin—

221 1124 326 1158 quare
353 1111 395 1147 ad
423 1113 546 1148 Gallos
563 1136 573 1152 ‚
602 1112 687 1148 licet
715 1112 863 1147 vetustas
891 1121 980 1146 tem—

220 1161 337 1210 poris,

221 1211 443 1248 conversatio
482 1213 706 1256 vicinorum,
742 1213 868 1261 quibus
906 1212 980 1248 san-

219 1262 325 1310 guine
375 1264 410 1298 &
461 1264 617 1300 moribus
661 1264 828 1311 permixti
875 1263 980 1303 sunt,

220 1312 439 1348 mutaverint
465 1327 524 1349 eos
550 1328 594 1350 ex
615 1326 740 1362 magna
765 1324 880 1362 parte.
895 1317 978 1353 -Ve-

219 1372 418 1398 rumtamen
455 1364 627 1412 quidquid
669 1364 808 1405 dicatur
844 1365 886 1400 de
907 1368 980 1400 *Se—

219 1412 398 1453 nenfibus‚
436 1427 507 1449 non
550 1414 690 1450 videtur
717 1427 860 1454 verum,
897 1415 979 1462 quia

219 1462 364 1499 Civitas
401 1464 466 1499 illa
507 1477 578 1499 non
621 1464 665 1500 est
708 1473 780 1500 tam
802 1465 980 1512 antiqua,

1055 1108 1320 1155 Ινιιῐιίῐειῐειιι
1318 1107 1441 1144 unius
1487 1109 1670 1145 Senenfis.

381 1162 481 1212 plaga
522 1161 649 1202 OrbiS,
691 1162 772 1198 situs
801 1162 978 1211 regionis,
1008 1161 1049 1207 ‘a

218 1526 280 1549 nec
310 1513 368 1559 rest
408 1514 591 1551 nominata
631 1515 721 1563 apud
759 1515 887 1552 Titum
916 1516 981 1552 Li—
1009 1515 1010 1530 ³

218 1564 341 1609 vium,
377 1566 434 1601 vel
477 1566 586 1602 aliurn
627 1565 845 1602 Historicum
887 1566 979 1602 anti-

219 1628 352 1663 quum,
389 1629 494 1664 quem
532 1617 713 1653 noverim.
750 1617 814 1657 Sed
857 1617 981 1658 credo,

219 1665 313 1714 quod
342 1666 480 1710 Αιιξὶοι·
507 1666 566 1702 iste
593 1667 737 1703 fallatur
763 1667 823 1704 sub
859 1682 922 1716 aeq
927 1668 981 1707 ui-

221 1729 335 1759 voco,
363 1715 485 1758 ficut
476 1730 513 1752 in
541 1717 718 1764 aliquibus
746 1718 846 1757 aliis.
887 1721 979 1754 Nam

221 1766 419 1802 Guascones
462 1767 547 1802 bene
595 1768 827 1804 condiderunt
873 1771 980 1804 Seno-

220 1816 366 1866 galliam
403 1817 440 1853 in
483 1817 589 1854 litore
631 1820 736 1854 maris
777 1818 980 1863 Adriatici,

222 1881 310 1915 quae
355 1867 449 1917 prius
496 1876 620 1904 vocata
656 1869 701 1904 est
738 1872 845 1914 Sena,
896 1870 981 1906 ficut

220 1921 312 1954 clare
357 1918 478 1954 scribit
521 1919 627 1955 Titus
670 1919 830 1960 Livius,
886 1921 1005 1969 quod¹

216 1968 395 2006 Claudius
425 1972 521 2005 Nero
549 1970 681 2006 Consul
711 1973 888 2007 Romanus
921 1985 978 2007 ve—

221 2021 322 2056 niens
368 2033 457 2059 cum
493 2021 649 2057 exercitu
705 2021 742 2057 in
793 2021 979 2058 subfidium

221 2070 326 2106 Livii
354 2070 560 2107 Salinatoris
587 2073 741 2121 collegae
779 2071 829 2108 lui
859 2083 980 2108 contra
1009 2093 1011 2099 ι

224 2120 478 2178 Asdrubalem,
520 2123 680 2168 pervenit
708 2125 853 2162 Senam,
882 2123 979 2158 dein—

223 2171 264 2207 de
293 2171 382 2207 vicit
419 2170 649 2207 Asdrubalem
688 2186 793 2220 prope
829 2172 978 2210 fluvium

226 2221 448 2258 Metaurum.
490 2222 564 2268 Qui
602 2225 782 2259 Metaurus
824 2223 924 2260 distat
961 2238 980 2261 ι

223 2273 421 2321 Senogallia
457 2272 547 2308 forte
576 2287 635 2321 per
676 2275 754 2308 ΧΙΙ.
783 2274 978 2311 milliaria.

225 2323 330 2359 Unde
359 2323 436 2359 heic
462 2323 602 2360 Auctor
637 2324 833 2361 introducit
859 2324 979 2361 secun-

222 2373 305 2410 dum
341 2374 474 2410 socium
510 2373 779 2411 confirmantem
818 2375 977 2419 diffium,

223 2424 266 2460 fic
294 2425 434 2461 dicens:

269 2478 359 2512 Ona'e
383 2476 500 2512 l'altro
527 2476 682 2521 lebbroso,
709 2478 760 2512 che
785 2476 826 2512 m’
837 2478 932 2523 imese
941 2502 952 2517 ,

222 2525 378 2573 scilicet,
423 2527 636 2564 Alchimista
675 2528 849 2578 leprosus,
893 2528 977 2577 quia

1081 296 1181 332 dum
1201 296 1344 343 leprae,
1377 294 1439 342 qui
1482 295 1664 331 intellexit
1706 310 1760 332 me
1787 297 1838 333 ita

1081 349 1286 394 loquentem
1323 358 1403 381 vera
1440 344 1481 380 de
1517 346 1675 381 van-itate
1711 350 1839 383 Senen-

1083 398 1186 434 fium.
1223 396 1287 432 Iste
1314 405 1430 431 autem
1460 395 1601 444 spiritus
1630 397 1839 434 Alchimista

1084 448 1152 484 fuit
1179 447 1322 496 quidam
1344 446 1513 495 Magister
1533 446 1737 495 Capochius
1760 450 1841 484 flo-

1082 500 1264 557 renti-nus,
1306 497 1362 534 vir
1397 496 1597 547 ingeniosus
1626 499 1668 534 ad
1694 498 1842 544 omnia,

1086 550 1240 586 maxime
1277 549 1318 585 ad
1360 549 1637 586 trasmutandum
1679 550 1842 586 metalla.

1085 601 1169 647 Qui?
1187 600 1319 640 adhuc,
1356 609 1395 636 ut
1422 600 1565 647 quidam
1593 600 1737 640 dicunt,
1774 600 1843 636 fuit

1087 651 1282 695 combustus
1302 651 1339 687 in
1360 650 1526 691 Civitate
1547 654 1710 688 Senarum
1724 679 1732 686 .
1761 652 1843 688 Ideo

1086 702 1319 745 Aueiordat
1363 702 1448 739 bene
1491 701 1603 750 ipsum
1645 703 1683 738 in
1710 702 1845 738 socium

1087 753 1176 802 Mag
1179 753 1257 788 istro
1294 752 1488 788 Griffolino
1525 753 1725 801 praediElO,
1759 754 1845 802 quia

1087 767 1176 841 fuitg
1207 803 1270 839 fibi
1320 817 1381 853 pat·
1421 804 1460 840 in
1498 806 1591 842 Arte
1650 805 1753 854 culpa
1804 802 1842 840 ὅ(

1089 869 1218 904 poena.
1610 888 1613 890 ,

1139 905 1271 952 Rispose
1297 906 1331 940 al
1357 907 1441 940 detto
1467 906 1547 946 mist.
1575 927 1763 934 -----

1088 956 1147 992 Ad
1168 955 1436 1004 intelligendam
1453 956 1550 993 istam
1567 956 1707 993 literam
1723 956 1842 993 obscu-

1089 1020 1185 1051 ram,
1206 1007 1292 1042 volo
1314 1015 1347 1041 te
1367 1006 1474 1046 scire,
1503 1007 1757 1064 quodeustor
1776 1022 1847 1044 non

1089 1065 1315 1093 contentatui
1341 1058 1487 1096 narrass'e
1514 1071 1633 1094 unam
1631 1058 1848 1108 (iugularem

1727 1110 1851 1158 Fingit

1089 1159 1198 1200 alium
1237 1167 1280 1194 e'x
1322 1158 1515 1196 transverso
1560 1173 1698 1196 narrare
1741 1161 1849 1196 aliam

1056 1256 1057 1260 Ἰ
1091 1209 1200 1258 magis
1230 1209 1498 1246 memorabilem
1531 1209 1570 1246 ὃ(
1603 1211 1745 1259 dignam
1767 1225 1848 1247 cen-

1089 1260 1178 1303 soria
1207 1260 1434 1308 nota‚‘quae
1472 1261 1626 1297 breviter
1661 1262 1708 1297 est
1741 1262 1847 1298 talis‘.

1056 1333 1057 1337 =
1090 1310 1134 1346 In
1169 1309 1334 1347 Civitate
1375 1314 1540 1348 Senatum
1582 1312 1673 1347 facia
1708 1313 1755 1348 est
1784 1327 1850 1362 ‘per

1092 1370 1250 1408 tempora
1291 1361 1456 1401 moderna
1497 1363 1669 1410 quaedam
1696 1364 1851 1400 Societas

1093 1410 1297 1454 vaniffima,
1325 1425 1413 1459 quae
1442 1413 1559 1448 voluit
1578 1415 1746 1462 appellati
1775 1413 1850 1451 No-

1092 1461 1201 1505 bilis,
1229 1460 1266 1497 &
1296 1460 1498 1506 Curialis,
1520 1461 1561 1499 δι
1597 1467 1713 1513 vulgo
1733 1462 1849 1524 appel}

1090 1513 1162 1548 lata
1201 1512 1245 1547 est
1282 1513 1508 1559 Spendaritia.
1546 1517 1702 1551 Fuerunt
1729 1517 1852 1557 enim

1091 1572 1129 1600 ut
1157 1563 1316 1598 audivi
1295 1590 1305 1607 ‚
1347 1563 1531 1599 duodecim
1560 1565 1703 1613 juvenes
1726 1579 1852 1604 omnes

1090 1613 1279 1658 ditiffimi,
1307 1614 1369 1662 qui
1399 1625 1638 1652 convenerunt
1667 1619 1851 1654 concordi-

1091 1674 1143 1701 ter
1170 1665 1263 1706 inter
1290 1664 1322 1700 se
1348 1664 1390 1700 de
1418 1664 1579 1702 faciendo
1594 1680 1693 1707 rem,
1722 1668 1773 1704 de
1782 1671 1852 1717 (ιιι-ξι

1089 1716 1250 1752 omniurn
1279 1715 1419 1764 linguae
1447 1717 1675 1763 loquerentur
1700 1732 1781 1754 curn
1803 1719 1849 1755 ri*

1086 1765 1149 1809 su,
1176 1765 1219 1807 ad
1239 1779 1388 1813 quorum
1409 1767 1578 1802 notitiam
1604 1782 1689 1816 perx.
1693 1770 1850 1811 enit-ent.

1092 1815 1285 1852 posuerunt
1334 1829 1416 1863 ergo
1452 1816 1609 1866 finguli
1629 1819 1775 1864 decem,
1811 1820 1849 1856 &c

1090 1867 1171 1903 0810
1212 1866 1330 1903 millia
1371 1868 1599 1904 florenorum
1623 1893 1633 1908 ‚
1681 1871 1774 1906 unde
1813 1871 1850 1906 in

1090 1917 1223 1960 summa
1261 1917 1448 1964 posuerunt
1488 1919 1637 1955 ducenta
1674 1920 1851 1957 sexdecim

1091 1968 1209 2004 millia
1236 1969 1465 2003 Florenorum
1494 1969 1530 2004 in
1560 1971 1761 2007 cumulum.
1803 1975 1851 2008 Et

1091 2019 1302 2057 statuerunt,
1344 2019 1437 2065 quod
1480 2019 1693 2069 quicumque
1719 2035 1851 2071 expen-

1091 2069 1187 2105 deret
1215 2069 1350 2116 aliquid
1379 2079 1500 2117 parte,
1526 2070 1661 2108 statim
1665 2081 1850 2120 :tamquam

1092 2119 1351 2168 indignissimus
1378 2121 1611 2169 expelleretur
1632 2122 1679 2158 de
1707 2133 1777 2159 tam
1805 2125 1852 2161 -li-

1093 2170 1202 2207 berali
1243 2170 1430 2206 iodalitio.
1468 2170 1729 2210 conduxerunt
1769 2188 1852 2223 ergo

1091 2221 1184 2258 datis
1220 2221 1356 2270 legibus
1396 2221 1490 2258 inter
1517 2222 1549 2258 se
1578 2208 1851 2271 pulchezrimuom

1094 2271 1294 2321 palatium,
1330 2272 1369 2308 in
1407 2286 1477 2320 quo
1514 2273 1668 2320 quilibet
1705 2275 1853 2312 habebat

1094 2336 1266 2359 cameram
1295 2323 1609 2360 commodiffimam
1648 2339 1727 2362 cum
1759 2328 1853 2363 ordi-

1093 2373 1280 2410 natiffimis
1308 2374 1445 2410 arnefiis
1478 2376 1514 2410 ὅ(
1550 2375 1849 2426 supelle&ilibus3

1094 2425 1155 2461 ubi
1192 2424 1451 2461 conveniebant
1488 2439 1608 2462 omnes
1636 2426 1758 2472 fimul,
1802 2428 1852 2464 bis

1090 2476 1131 2512 in
1152 2475 1268 2511 mense
1287 2477 1466 2524 epulantes
1501 2476 1678 2525 splendide
1707 2480 1739 2514 &
1762 2478 1853 2514 sum-

1095 2526 1213 2562 tuose.
1254 2528 1301 2561 Et
1339 2535 1376 2564 ut
1403 2537 1554 2576 tangamv
1573 2528 1727 2565 breviter
1752 2541 1854 2576 gene-

1130 2579 1167 2613 H
1196 2577 1217 2612 h
1246 2589 1267 2612 2
1716 2580 1803 2614 rales
