2216 3105
437 222 520 275 787

722 220 1189 268 BENVENUTI
1225 222 1669 269 IMOLENSIS

1870 232 1954 285 788

379 278 616 324 expulsionem
645 277 743 327 ejus·
782 282 840 318 Ad
870 284 967 331 cujus
995 284 1139 321 eviden—
1172 286 1221 327 A*
1250 293 1374 330 gnatus
1401 283 1598 331 respondit:
1629 287 1676 319 Et
1708 285 1779 332 quis
1809 295 1839 319 te
1861 289 2009 322 detinet?

379 327 467 362 tiam
495 328 540 363 est
569 331 865 378 praenotandum,
894 335 986 382 quod
1015 335 1138 383 vigen-

376 388 412 412 te
441 388 536 425 parte
565 381 776 418 Blancorum
804 383 842 420 in
863 385 1025 421 civitate
1054 387 1137 421 Flo-

375 428 535 469 rentina,
574 431 671 479 cujus
710 443 813 481 caput
849 445 922 471 erat
961 435 1136 472 Dominus

374 478 505 515 Nerius
533 479 574 516 de
602 482 757 519 Circulis
776 512 785 528 ‚
826 485 970 533 expulso
1010 487 1135 522 Domi-

329 554 354 575 !
376 541 422 563 no
450 530 572 566 Cursio
600 531 641 567 de
671 534 821 570 Donatis
859 536 1017 585 principe
1045 539 1132 573 alte—

374 579 446 615 rius
484 581 613 627 partis,
653 584 741 627 Papa
780 585 984 622 Binifacius
1011 590 1133 624 volens

372 642 581 678 componere
608 632 738 669 dustam
768 634 990 676 Civitatem,
1018 639 1051 673 8<
1073 652 1132 687 pa-

372 678 511 717 cificare
540 692 680 731 partes,
717 685 836 721 voluit
863 686 988 723 habere
1019 690 1131 725 Duces

369 731 548 777 partium.
586 735 634 769 Et
670 747 777 781 quum
816 737 990 784 reperisset
1026 739 1129 776 illurn

369 780 412 815 de
439 781 595 818 Circulis
623 783 747 820 durum
775 786 809 821 &
838 786 1128 834 implacabilem,

368 830 472 866 illum
503 836 585 869 vero
622 834 664 870 de
701 836 853 873 Donatis
891 837 927 873 in
964 840 1128 877 omnibus

368 879 401 916 se
429 881 673 931 subjicientem
700 888 879 923 voluntati
908 888 1005 929 suae,
1032 891 1128 926 ordi-

365 932 492 978 navit,
525 935 619 982 quod
648 938 797 973 Carolus
826 938 1037 976 Sine-Terra
1066 955 1126 977 ve-

365 981 458 1019 niret
486 985 527 1020 de
557 987 702 1023 Francia
734 988 770 1023 in
802 990 941 1025 Italiam
975 990 1033 1026 suh
1062 1005 1125 1027 no-

364 1033 461 1070 mine
491 1036 667 1079 Paciarii,
707 1039 764 1082 qui
801 1039 931 1076 sedaret
967 1041 1048 1077 lites
1086 1042 1124 1079 δε

364 1083 553 1122 discordias
581 1088 731 1135 ubique.
763 1090 836 1135 Qui
866 1091 1010 1127 veniens
1039 1094 1122 1127 Flo-

362 1135 512 1172 rentiam
537 1164 547 1181 ,
589 1138 770 1174 ordinavit
807 1154 881 1175 eam
920 1141 971 1176 ita
1010 1143 1122 1188 bene,

363 1184 449 1221 ficut
477 1187 644 1236 scripturn
674 1189 718 1225 est
757 1189 853 1240 supra
883 1191 919 1226 in
951 1193 1122 1241 Purgato-

361 1236 437 1279 rio,
475 1237 512 1274 ὅ(
541 1239 628 1275 alibi
657 1239 777 1290 saepe.
814 1241 871 1278 Ad
900 1242 1041 1278 literam
1068 1258 1120 1280 er-

360 1300 405 1335 go
433 1287 523 1324 dicit
555 1290 709 1327 Aufflor:

412 1340 525 1385 szesto
548 1340 578 1381 fi
596 1343 708 1386 vuele,
737 1356 753 1377 e
772 1344 872 1390 questo
892 1344 947 1389 q&
970 1345 998 1385 Ιὶ
1016 1359 1118 1388 cerea,

358 1388 462 1433 idest,
491 1402 695 1436 procuratur
723 1407 782 1441 per
812 1395 1004 1430 Dominum
1028 1398 1120 1431 Cur-

358 1438 441 1475 lium
471 1440 511 1476 de
542 1444 713 1484 Donatis,
741 1446 774 1479 8<
803 1445 911 1480 alios.
940 1448 985 1481 Et
1005 1445 1115 1482 dicit:

409 1494 441 1525 E
468 1493 542 1534 tosto
568 1496 662 1528 verrd
684 1495 769 1538 fatto
796 1516 812 1520 -
839 1516 854 1521 -
882 1516 898 1520 -
925 1516 940 1521 -

357 1541 439 1588 quia
484 1542 619 1578 scilicet
655 1557 707 1580 res
747 1543 913 1580 sortietur
953 1545 1115 1582 effectum

356 1604 393 1626 in
422 1601 642 1628 trienmum:

407 1663 423 1669 -
449 1663 465 1669 -
492 1663 508 1669 -
534 1663 550 1669 -
577 1656 598 1677 a
624 1644 673 1677 chi
700 1644 743 1678 cia
771 1645 898 1686 pensa;

355 1690 514 1736 scilicet,
542 1693 720 1741 praediE’co
748 1693 894 1734 Curfio.
922 1696 956 1729 &
985 1694 1114 1730 Domi-

353 1755 401 1776 no
428 1742 587 1778 Musatto
624 1744 665 1779 de
702 1744 888 1779 Francefiis
925 1745 966 1779 de
993 1745 1111 1780 eadem

354 1801 478 1836 parte,
515 1792 576 1840 qui
616 1793 843 1841 personaliter
869 1793 910 1827 de
938 1793 1112 1833 Francia,

354 1842 386 1876 ὃ(
416 1855 494 1877 cum
525 1843 660 1890 magnis
689 1843 871 1888 pecuniis,
899 1844 932 1878 δ(
962 1843 1111 1890 propriis

353 1891 506 1940 expensis
548 1893 719 1928 conduxit
761 1891 934 1929 Carolum
977 1893 1113 1938 praedi-

354 1943 448 1978 &um
477 1942 582 1992 usque
619 1943 863 1988 florentiam,
899 1944 933 1979 δ(
970 1942 1014 1979 fic
1050 1943 1112 1980 ha-

352 1993 431 2030 buit
456 2003 616 2044 optatum
634 2022 642 2031 .

605 2046 668 2081 Ad
688 2045 771 2090 Verfi
800 2046 860 2092 63.

401 2099 467 2131 Con
491 2098 525 2131 la
543 2097 620 2144 qual
638 2106 673 2130 tu
692 2096 801 2131 cadrai
821 2097 854 2129 in
873 2095 977 2142 questa
998 2096 1108 2131 Valle.

351 2147 410 2183 Ad
438 2147 530 2195 quod
559 2146 760 2190 sciendum,
802 2146 895 2193 quod
933 2146 1110 2182 Dominus

351 2198 479 2234 Nerius
508 2198 548 2234 de
575 2196 756 2240 circulis,
793 2197 835 2232 de
876 2210 945 2244 quo
973 2196 1107 2231 dicium

349 2249 413 2287 est,
450 2249 519 2285 fuit
546 2248 597 2284 ita
625 2257 832 2295 protervus,
869 2247 1031 2285 rusticus,
1072 2248 1107 2282 &

349 2299 490 2348 fimplex
510 2328 519 2343 ‚
548 2299 640 2347 quod
669 2297 814 2334 instante
844 2299 934 2345 Papa
963 2296 1106 2332 Bonifa-

349 2349 428 2393 cio,
464 2351 556 2398 quod
594 2349 665 2396 ipse
701 2348 829 2384 faceret
871 2361 988 2396 pacem
1026 2359 1104 2382 cum

347 2401 506 2436 Domino
540 2399 688 2442 carno,
725 2398 902 2444 respondit
942 2410 1105 2444 arrogan-

347 2460 400 2486 ter
418 2463 425 2484 ε
456 2454 521 2484 San
532 2450 570 2485 sle
589 2455 688 2485 Pater
702 2475 712 2489 ‚
737 2450 782 2484 ad
800 2450 879 2495 quid
896 2448 1044 2482 detinetis
1059 2461 1106 2480 me

346 2501 410 2535 heic
426 2503 445 2533 ?
474 2504 564 2546 Rogo
585 2514 666 2534 vos:
691 2500 863 2546 permittite
882 2512 928 2532 me
948 2499 1046 2531 redire
1069 2496 1103 2530 in

343 2551 484 2597 patriam
519 2564 640 2586 meam.
680 2550 750 2587 Cui
778 2548 980 2587 Bonifatius
1008 2545 1103 2584 indi·

1253 333 1355 369 Unde
1400 334 1472 382 ipse
1517 334 1651 371 receffit
1668 361 1676 370 .
1723 335 1787 370 Sed
1837 337 2012 375 Dominus

1249 383 1387 419 Curfius
1414 384 1567 433 sagacior
1602 384 1762 421 remansit
1801 384 1942 433 supplex
1970 390 2005 424 ὃς

1251 435 1530 471 venerabundus.
1557 438 1611 471 Ex
1640 449 1709 483 quo
1737 436 1835 471 datus
1876 436 1921 471 est
1948 450 2005 472 or-

1249 484 1294 519 do
1313 484 1537 521 destruffiioni
1558 486 1807 531 circulorum,
1834 485 1919 522 ficut
1933 488 2004 536 jam

1249 534 1382 571 diuum
1410 536 1474 571 est.
1505 537 1605 572 Unde
1632 537 1747 572 dicit:

1299 587 1363 620 Che
1382 596 1467 620 tutta
1487 586 1615 632 ingrata
1629 608 1853 626 ------

1248 634 1330 682 quia
1371 649 1442 670 non
1488 637 1753 684 recognoscebat
1795 638 2002 674 beneficium

1247 694 1346 721 tuum
1375 686 1412 720 in
1441 684 1650 721 consulendo
1670 686 1708 723 δζ
1735 687 1918 736 vigilando
1940 703 2001 737 pro

1249 735 1340 770 bono
1368 736 1453 771 statu
1491 735 1718 783 Reipublicae
1755 738 1998 774 florentinae:

1297 806 1313 811 —
1339 806 1356 811 —
1383 806 1398 811 —
1426 807 1441 811 —
1468 796 1553 820 tutta
1577 796 1677 820 matta
1702 786 1748 824 &⁹
1767 788 1890 831 empia‚

1246 834 1346 871 stulta
1374 835 1558 872 deserendo
1586 835 1767 872 confilium
1796 847 1895 873 tuum
1914 865 1924 882 ,
1962 837 1999 874 δὲ

1244 885 1354 932 impie
1390 886 1563 922 reddendo
1602 886 1810 935 supplicium
1853 901 1914 934 pro
1943 889 1999 924 be⁴

1244 935 1390 972 neficio.
1428 937 1556 984 Aliqui
1593 937 1735 977 dicunt,
1772 938 1864 985 quod
1892 940 1999 973 multi

1244 986 1502 1023 interficientur
1528 1001 1570 1022 ex
1598 987 1668 1026 eis,
1711 988 1766 1023 sed
1802 1001 1872 1023 non
1901 988 1998 1023 inve-

1241 1036 1338 1073 nitur
1365 1051 1506 1074 verum.
1548 1039 1595 1073 Et:
1621 1037 1761 1078 subdit,
1802 1038 1895 1085 quod
1924 1038 1998 1074 cito

1241 1086 1401 1135 sequetur
1422 1088 1581 1124 vindifi’ta
1602 1088 1642 1123 de
1662 1087 1752 1135 h0c3
1772 1089 1862 1124 unde
1882 1089 1992 1124 dicit:

1291 1159 1476 1165 —————
1504 1153 1554 1174 ma
1577 1150 1645 1184 poco
1665 1138 1761 1184 preffo

1239 1188 1321 1235 quia
1351 1188 1484 1225 scilicet
1512 1189 1620 1224 tertio
1647 1202 1737 1224 anno
1761 1202 1779 1223 a
1806 1188 1995 1235 praesenti.

1290 1240 1391 1282 Ella,
1412 1254 1471 1274 non
1492 1250 1548 1282 tu,
1569 1238 1694 1274 n’avmi
1714 1238 1789 1284 ressa
1809 1240 1842 1273 la
1858 1241 1994 1282 tempia.

1237 1288 1319 1336 quia
1346 1290 1555 1332 destruetur.
1597 1291 1630 1324 &
1673 1291 1745 1325 luet
1789 1303 1914 1337 poenas
1941 1289 1997 1325 di-

1236 1353 1344 1387 gnas:
1376 1344 1448 1375 Non
1476 1351 1540 1383 tu;
1566 1339 1658 1388 quali
1686 1340 1803 1380 dicat,
1841 1340 1927 1375 licet
1954 1349 1994 1376 tu

1235 1391 1401 1437 pellaris,
1444 1390 1529 1427 ficut
1558 1392 1625 1438 jam
1654 1391 1788 1426 dietum
1826 1390 1897 1430 est,
1939 1399 1994 1426 ta-

1234 1453 1313 1476 men
1341 1441 1468 1478 melius
1493 1443 1528 1477 &
1556 1441 1799 1478 honorabilius
1836 1450 1994 1490 pertran-

1232 1490 1332 1526 fibis.

1282 1541 1330 1573 Di
1349 1541 1412 1584 sua
1437 1541 1626 1581 bestialitate
1653 1560 1669 1566 -
1695 1560 1711 1566 —
1737 1561 1754 1567 -
1779 1560 1797 1566 -

1231 1588 1323 1624 Heie
1351 1589 1586 1638 Caeciaguida
1614 1589 1757 1625 damnat
1787 1588 1989 1624 fatuitatem

1229 1637 1457 1675 Circulorum
1476 1665 1487 1679 ‚
1527 1641 1561 1674 &
1589 1637 1752 1686 justificat
1779 1637 1989 1673 exeffionem

1231 1689 1399 1726 Auctoris
1427 1689 1566 1724 dicens:

1279 1760 1295 1765 -
1322 1759 1338 1765 -
1364 1760 1378 1765 -
1406 1760 1422 1765 -
1450 1740 1475 1772 il
1495 1739 1549 1781 luo
1565 1737 1693 1785 proceffb

1279 1790 1369 1822 Fari:
1387 1789 1421 1823 la
1443 1799 1546 1833 prava
1563 1816 1573 1833 ‚
1600 1808 1785 1816 -----

1228 1837 1321 1885 quasi
1358 1839 1477 1874 dicat:
1524 1839 1589 1875 Rei
1617 1837 1780 1886 probabit
1819 1846 1986 1879 eventus.

1228 1888 1310 1935 quia
1339 1889 1526 1925 bestialiter
1553 1889 1584 1924 se
1608 1889 1798 1937 gesserunt,
1827 1888 1987 1936 spernen-

1228 1948 1279 1974 tes
1337 1939 1416 1975 sana
1466 1939 1607 1975 consilia
1663 1938 1859 1988 sapientum
1885 1965 1894 1975 .
1939 1941 1987 1974 Et

1228 1989 1336 2024 dicit:

1275 2060 1292 2065 —
1318 2060 1334 2065 —
1361 2061 1378 2066 -
1404 2061 1420 2067 —
1445 2041 1474 2074 ,τὶ
1500 2040 1578 2075 ch'a
1604 2051 1633 2075 te
1650 2040 1705 2084 fia
1731 2039 1812 2076 bello

1276 2090 1400 2124 Avertt'
1422 2090 1508 2133 satta
1539 2100 1630 2135 parte
1655 2108 1883 2116 ------

1225 2139 1360 2174 scilicet
1386 2140 1576 2175 recedendo
1603 2139 1646 2174 ab
1672 2139 1744 2183 eis,
1779 2139 1814 2174 &
1850 2137 1981 2175 facien-

1226 2191 1270 2225 do
1298 2200 1357 2225 tua
1385 2190 1475 2225 fasta
1503 2189 1570 2226 fine
1597 2189 1692 2225 illis:

1275 2261 1462 2268 -----
1485 2251 1542 2285 per
1567 2251 1597 2274 te
1615 2238 1728 2285 steffb.

1226 2290 1332 2326 Unde
1375 2301 1480 2331 nota,
1522 2291 1615 2339 quod
1643 2289 1876 2337 pulcherrima
1905 2304 1980 2337 pars

1225 2340 1390 2388 sapientis
1410 2342 1476 2381 est,
1504 2341 1636 2376 nullius
1655 2341 1719 2376 effe
1739 2340 1870 2389 partis,
1896 2340 1981 2377 sicut

1224 2391 1388 2438 scriptum
1417 2392 1461 2427 est
1488 2392 1526 2428 in
1555 2391 1713 2427 Inferno.

1274 2446 1320 2476 Lo
1330 2442 1432 2489 primo
1446 2454 1498 2477 tuo
1514 2441 1649 2488 rifugio,
1673 2455 1689 2475 e
1704 2439 1728 2474 ’l
1744 2441 1845 2487 primo
1859 2440 1982 2483 ostello.

1223 2491 1348 2527 Di&us
1376 2492 1612 2541 Caeciaguida
1648 2500 1868 2540 praenarrato
1905 2491 1981 2527 exi·

1186 2555 1193 2590 Ι
1220 2543 1271 2579 lio
1299 2542 1492 2584 Auctoris,
1519 2555 1611 2578 nunc
1635 2542 1679 2578 ad
1703 2540 1981 2595 consolationem

1857 2602 1929 2635 ejus
