2216 3105
358 240 361 244 ·
402 227 488 268 733

690 212 1154 257 BENVENUTI
1188 212 1634 259 IMOLENSIS

1834 230 1921 283 73⁷6

342 270 428 312 quia
456 271 570 306 statim
593 270 754 320 sequutus
774 273 818 309 est
847 274 998 321 primum
1021 287 1103 310 con-
1147 276 1179 309 A
1217 272 1414 316 thicorum,
1443 276 1476 310 δε
1507 277 1647 313 Boetius
1675 277 1786 314 Libro
1812 280 1854 316 de
1876 282 1974 318 Con-

343 318 460 355 filium
489 319 641 358 Christi.
669 325 727 358 Ad
755 324 848 372 quod
876 338 981 369 nota,
1010 326 1102 372 quod

343 381 497 417 quatuor
524 371 603 408 sunt:
629 373 784 410 Confilia
816 375 982 411 Domini.
1028 375 1104 411 Pri-

344 428 443 457 mum
471 423 669 460 Humilitas
697 423 734 460 &
764 426 1025 474 Mansuetud03
1054 425 1104 461 se-

347 473 497 508 cundum
519 474 691 524 Castitas;
720 476 864 511 tertium
894 478 1101 524 Paupertas;

345 534 509 570 quartum
551 525 690 561 Caritas
718 539 797 574 erga
835 527 1022 566 inimicos,
1065 525 1103 562 δε

346 574 606 622 persequutores
635 575 782 610 nostros.
811 576 925 611 Modo
946 577 1022 611 heic
1050 578 1103 612 lo-

345 624 467 671 quitur
502 625 543 661 de
584 625 721 674 primo,
767 627 860 672 quod
897 626 1032 661 indicat
1059 627 1104 662 li-

345 683 419 710 tera
447 675 609 722 sequens.
638 676 739 712 Unde
766 676 901 712 subdit:
931 676 1004 725 ipse
1029 679 1103 712 Do-

345 737 498 761 mlnlcus

394 774 497 821 Speffl‘
515 775 599 820 fiate
619 775 659 819 fu
685 776 780 811 tacito
806 791 821 810 e
846 777 927 819 desto

395 828 537 861 Tro-vato
565 827 597 860 ἱη
625 838 708 862 terra
733 829 777 862 da
802 829 836 863 la
856 828 918 872 sua
944 827 1074 862 Nutrice
1085 842 1104 870 ;

345 875 503 920 scilicet,
544 875 612 912 fine
641 877 808 925 planitia,
845 878 928 926 quia
969 878 1105 914 scilicet

347 940 418 962 non
445 927 618 964 ceciderat
644 927 845 968 casualiter,
887 928 972 964 ficut
1008 928 1104 977 saepe

348 977 436 1013 solet
481 978 635 1014 accidere
675 978 891 1014 infantibus:
940 993 956 1014 e
999 979 1104 1021 desto,

347 1027 452 1072 idest,
492 1030 612 1077 vigil,
654 1042 725 1065 non
766 1030 970 1069 dormiens,
1020 1029 1105 1065 ficut

349 1078 538 1126 aliquando
555 1080 652 1128 pueri
669 1080 918 1116 inveniuntur.
935 1080 1101 1116 Etdicit:

399 1132 491 1164 Come
514 1129 650 1175 diceffe:
678 1133 709 1164 Io
731 1131 786 1175 son
810 1144 927 1165 venum
946 1146 966 1165 a
985 1132 1104 1177 questo·

348 1179 506 1224 scilicet,
542 1181 584 1216 ad
626 1180 724 1216 istum
753 1181 876 1216 statum
905 1182 1104 1216 Humilita—

349 1231 414 1266 tis.
443 1232 551 1267 Velut
578 1230 602 1266 sl
629 1231 760 1267 diceret
789 1231 849 1267 fibi
877 1232 949 1280 ipse
979 1232 1104 1267 Domi-

348 1282 467 1317 nicus:
511 1285 610 1316 Terra
634 1295 689 1321 es,
730 1283 774 1316 (9·
799 1285 832 1316 in
860 1294 973 1317 terram
999 1296 1105 1317 rever-

348 1334 446 1368 teris.

398 1387 423 1417 O
447 1387 545 1428 padre
566 1384 622 1428 sm
644 1405 834 1411 -----

349 1434 439 1469 Heic
477 1434 615 1470 AuC'tor
663 1434 876 1471 confiderans
926 1434 1104 1470 mirabilia

348 1484 452 1520 initia
494 1498 637 1533 operum
678 1485 889 1529 Dominid,
931 1487 1105 1521 exclamat

348 1548 425 1570 cum
456 1535 687 1570 admiratione
723 1535 764 1570 ad
806 1545 984 1583 parentes,
1025 1536 1103 1583 qui-

348 1586 409 1620 bus
437 1586 556 1621 datum
585 1585 629 1620 est
657 1585 888 1621 Dominicum
925 1587 1031 1621 talem
1058 1584 1102 1620 fi-

347 1636 436 1670 lium
465 1648 646 1684 generare,
674 1635 812 1670 dicens:

397 1690 422 1719 O
444 1689 545 1731 padre
565 1686 622 1729 suo
647 1696 824 1719 veramente
851 1686 978 1720 Felice!

347 1736 428 1783 quia
457 1746 600 1770 vocatus
637 1735 680 1770 est
716 1737 817 1771 Felvx
856 1737 1019 1771 nomine.
1055 1737 1101 1770 Et

341 1786 412 1826 fuit
441 1790 521 1821 vere
556 1785 643 1820 felix
679 1798 751 1820 non
787 1785 897 1819 solnm
934 1785 1100 1828 nomine,

346 1836 400 1872 sed
424 1837 461 1871 ὅ(
489 1849 546 1878 re,
571 1848 644 1870 non
669 1834 818 1870 fortuita
840 1835 1010 1870 felicitate
1032 1845 1099 1870 ter-

344 1900 449 1929 rena,
477 1885 530 1920 sed
558 1886 639 1920 vera
666 1886 698 1919 &
726 1886 883 1920 aeterna.

394 1942 419 1970 O
446 1941 550 1971 madre
570 1936 632 1980 sua
656 1947 833 1970 veramente
854 1936 1050 1970 Giovanna!

343 2001 412 2023 non
441 1987 610 2030 nomine,
646 1985 701 2020 sed
727 1999 783 2021 re.
819 1986 976 2029 Johanna
1004 1987 1097 2020 enirn

343 2039 592 2086 interpretatur
611 2036 721 2084 gratia
742 2037 864 2083 plena.
886 2036 970 2072 Ideo
986 2036 1096 2072 dicit:

392 2092 432 2123 se
460 2089 663 2135 interpretata
686 2087 747 2121 val
772 2100 848 2121 come
868 2086 900 2128 fi
922 2087 1010 2122 dice.

343 2142 389 2175 Et
416 2138 551 2173 subdit:

394 2192 464 2224 Non
492 2200 545 2234 per
570 2189 600 2222 lo
626 2189 747 2222 Mondo
770 2209 959 2215 -----

345 2240 436 2275 Heie
472 2241 718 2275 Bonaventura
758 2238 923 2273 describit
950 2237 1097 2274 studium

347 2290 552 2333 Dominici,
593 2289 687 2337 quod
725 2287 810 2324 fecit
837 2290 878 2323 ad
907 2288 1012 2324 finem
1043 2302 1102 2324 ve-

346 2353 400 2374 rae
437 2340 618 2375 felicitatis
664 2350 843 2383 aeternae,
895 2338 933 2375 &
961 2352 1031 2374 non
1058 2338 1100 2373 ad

346 2389 451 2425 finem
479 2390 709 2431 divitiarum,
756 2389 926 2431 honoris,
977 2399 1101 2436 poten-

345 2439 438 2482 tiae,
463 2441 497 2474 &
526 2441 680 2487 gloriae,
707 2441 739 2475 δ(
761 2438 976 2486 voluptatis:
1007 2439 1100 2486 quod

347 2490 581 2526 communiter
601 2489 790 2537 sequuntur
813 2489 994 2532 homines,
1016 2489 1101 2524 sicut

345 2539 481 2589 egregie
508 2540 631 2588 probat
667 2540 873 2576 Aristoteles
909 2539 1022 2576 Libro
1051 2541 1099 2575 Ε·
1125 2527 1131 2581 Ι

1125 2268 1134 2284 v

1188 323 1408 367 ,solatione.
1445 328 1546 363 Dicit
1582 342 1686 377 ergo:
1725 330 1759 364 &
1795 331 1858 366 ilie
1900 335 1975 368 Do-

1217 375 1368 411 minicus

1266 447 1284 452 -
1309 447 1327 453 -
1352 447 1369 453 -
1394 448 1411 454 -
1433 442 1516 474 gran
1545 432 1656 464 Dottor
1677 430 1708 472 fi
1728 431 1777 475 feo
1793 459 1802 473 ‚

1217 474 1327 516 idest,
1354 476 1464 514 sanstus
1491 479 1536 514 est
1563 480 1600 515 in
1628 480 1720 517 sacra
1749 482 1970 533 Theologia:

1268 529 1306 562 In
1330 529 1439 574 piccio!
1465 540 1564 576 tempo
1590 551 1777 559 -----

1219 589 1278 624 per
1304 577 1392 622 hoc,
1429 580 1522 625 quod
1559 580 1631 626 ipse
1667 583 1877 620 Dominicus
1914 585 1974 621 ha-

1221 627 1296 662 buit
1324 627 1504 663 scientiam
1533 630 1680 666 infusam
1708 646 1726 667 a
1755 636 1850 670 Deo.
1880 637 1974 671 Nam

1221 689 1363 725 magnus
1393 678 1527 713 Dt-‹Stor
1554 693 1622 714 non
1651 682 1760 728 potest
1785 685 1863 732 quis
1889 687 1974 726 effe,

1164 727 1167 729 ’
1220 727 1281 761 nifi
1310 728 1347 763 in
1385 740 1512 776 magno
1549 738 1727 777 tempore,
1764 743 1804 767 ut
1839 734 1976 771 dietum

1219 776 1264 812 est
1304 777 1342 812 in
1378 779 1536 825 CapituL
1573 778 1674 826 hujus
1717 782 1885 820 Paradifi.
1928 787 1975 822 Et

1221 829 1300 863 vere
1328 827 1396 863 fuit
1423 842 1568 876 magnus
1596 831 1781 880 Magister:

1270 880 1334 912 Tal
1360 881 1411 912 che
1434 879 1463 919 [ἱ
1498 880 1570 924 mv'se
1594 896 1616 916 a
1641 883 1751 917 circuir
1789 883 1824 918 la
1851 885 1974 932 Vigna,

1219 927 1353 964 scilicet
1367 957 1375 971 ,
1400 929 1520 964 Fidem
1542 931 1788 973 Cafflolicam,
1810 947 1897 982 quae
1921 937 1975 971 in-

1218 978 1268 1013 fra
1296 979 1426 1014 dicitur
1452 982 1610 1017 Hortus:

1268 1033 1333 1063 Che
1359 1030 1432 1072 tosto
1459 1030 1636 1072 imbianca,
1663 1054 1848 1062 -----

1217 1079 1320 1119 idest,
1348 1080 1492 1122 arescit,
1536 1083 1628 1130 quod
1655 1097 1698 1120 ex
1726 1085 1834 1122 viridi
1863 1086 1973 1122 effici-

1215 1139 1274 1166 tur
1299 1131 1376 1166 alba
1393 1144 1403 1166 :

1267 1202 1455 1209 -----
1475 1183 1509 1227 se
1529 1182 1554 1217 ’l
1582 1184 1716 1232 Vignajo
1743 1188 1759 1219 ὲ
1786 1199 1833 1220 reo
1850 1214 1857 1222 .

1187 1203 1320 1271 ¹³idest,
1358 1232 1379 1267 fi
1421 1233 1528 1269 homo
1556 1234 1600 1269 est
1627 1249 1775 1284 pravus.
1820 1239 1866 1272 Et
1906 1237 1972 1274 hoc

1217 1281 1302 1318 fecit
1342 1296 1411 1318 non
1441 1284 1481 1319 ad
1524 1284 1629 1321 finem
1662 1287 1874 1324 divitiarum
1915 1289 1971 1325 vel

1217 1332 1379 1369 honoris.
1408 1334 1514 1370 Unde
1541 1336 1650 1372 dicit:
1952 1333 1955 1335 ’

1266 1387 1339 1419 Non
1362 1396 1419 1428 per
1443 1386 1473 1419 lo
1499 1388 1641 1426 Μοηίίο,
1668 1409 1685 1414 -
1710 1409 1728 1415 -
1755 1409 1771 1415 -
1795 1410 1812 1416 ·-

1214 1433 1297 1470 idest
1315 1462 1324 1478 ‚
1352 1448 1422 1469 non
1452 1449 1512 1483 pro
1538 1436 1711 1473 felicitate
1745 1439 1941 1475 mundana:

1265 1505 1282 1510 -
1308 1505 1324 1510 —
1349 1505 1367 1509 -
1391 1505 1409 1510 ·-
1433 1497 1488 1531 per
1514 1487 1563 1519 cui
1589 1490 1635 1519 ηιὸ
1661 1487 1856 1532 s'affanna.

1213 1533 1296 1568 idest
1313 1561 1322 1575 ,
1352 1547 1413 1581 pro
1440 1547 1510 1581 quo
1538 1547 1629 1570 nunc
1656 1536 1854 1573 laboratur:

1264 1584 1391 1618 Diretro
1415 1588 1459 1618 ad
1484 1584 1642 1629 Ostiense,
1668 1607 1684 1614 -
1710 1607 1726 1613 -
1752 1608 1768 1613 -
1795 1609 1811 1614 -

1217 1647 1274 1682 per
1301 1634 1367 1668 hoe
1395 1644 1496 1669 notat
1524 1636 1743 1671 Decretalia.
1771 1637 1855 1672 Fuit
1875 1639 1971 1674 enim

1214 1684 1375 1719 Ostienfis
1404 1684 1545 1730 quidam
1574 1683 1801 1725 Cardinalis,
1843 1688 1904 1735 qui
1933 1702 1972 1724 ea

1216 1735 1385 1781 collegit.
1414 1736 1460 1769 Et
1487 1736 1566 1769 vere
1595 1748 1687 1770 nunc
1715 1737 1868 1772 maxima
1896 1752 1971 1786 pars

1215 1784 1438 1818 studentium
1491 1784 1608 1820 tendit
1660 1786 1701 1821 ad
1749 1788 1971 1834 Decretales‚

1215 1832 1299 1868 sicut
1326 1833 1486 1869 videmus
1513 1834 1555 1870 de
1575 1834 1687 1871 fa&0.
1717 1838 1792 1872 Nec
1819 1838 1971 1883 mirum,

1215 1897 1322 1931 quum
1365 1886 1496 1920 multos
1547 1884 1725 1921 videamus
1769 1887 1971 1928 ignorantes

1215 1935 1518 1978 Grammaticam‚
1552 1945 1594 1971 ut
1635 1936 1676 1971 de
1718 1938 1841 1974 ceteris
1869 1940 1972 1976 Arti-

1217 1986 1277 2020 bus
1313 1984 1404 2020 nihil
1438 1985 1578 2030 dicam,
1615 1986 1677 2033 qui
1714 1988 1972 2036 consequuntur

1215 2035 1369 2070 maxima
1400 2035 1567 2071 beneficia
1594 2037 1625 2071 8<
1655 2036 1867 2084 dignitates,
1908 2039 1972 2088 qui

1215 2085 1330 2120 sciunt
1357 2087 1506 2133 aliegare
1533 2087 1616 2121 duas
1645 2089 1869 2125 Decretales:

1265 2157 1281 2162 -
1308 2157 1323 2162 -
1349 2157 1366 2163 -
1392 2157 1408 2162 -
1436 2134 1481 2174 &⁹
1509 2150 1529 2171 a
1554 2138 1701 2173 Taddeo.

1217 2188 1280 2221 Per
1319 2186 1386 2221 hoe
1425 2196 1528 2222 notat
1564 2188 1804 2224 >M'edicinalia
1827 2217 1837 2225 .
1887 2190 1971 2227 Fuit

1215 2238 1309 2272 enim
1346 2237 1553 2273 Thaddaeus
1590 2237 1754 2275 Medicus
1799 2239 1970 2281 famosus,

1216 2297 1459 2323 conterraneus
1500 2288 1690 2333 Αυξῖοτὶε,
1732 2290 1792 2338 qui
1821 2292 1910 2339 legit
1935 2293 1970 2327 δε

1216 2338 1346 2385 scripslt
1374 2339 1576 2383 Bononiae,
1604 2341 1637 2374 8(
1664 2350 1807 2376 vocatus
1828 2341 1872 2376 est
1894 2343 1971 2389 plu-

1217 2387 1332 2435 squam
1370 2390 1660 2425 commentator.
1700 2392 1748 2425 Et
1787 2390 1899 2427 faetus
1925 2392 1972 2428 est

1215 2438 1401 2474 ditiffimus
1414 2467 1423 2481 ,
1443 2440 1556 2475 immo
1577 2440 1708 2476 ditavit
1727 2443 1969 2478 Hortulanum

1217 2487 1332 2524 suurn.
1370 2490 1477 2525 Vixit
1510 2500 1627 2526 autern
1655 2493 1756 2527 annis
1782 2518 1791 2527 .
1817 2519 1827 2528 .
1855 2519 1864 2528 .
1892 2520 1900 2528 .
1930 2492 1969 2528 &

1216 2549 1372 2574 mortuus
1400 2540 1444 2575 est
1470 2552 1584 2576 morte
1610 2541 1813 2589 repentina,
1853 2541 1889 2576 δε
1919 2542 1968 2577 se-

1840 2593 1915 2638 pul-
