2216 3105
283 205 368 248 405

577 184 878 236 COMMENT.
910 193 978 236 ΙΝ
1004 192 1133 236 DAN
1141 191 1230 234 TIS
1256 191 1497 234 COMOED.

1702 200 1788 247 406

229 255 287 302 plo
311 253 416 287 ‘claro
452 251 654 300 contingere
689 250 727 287 in
763 251 836 296 ipsa
873 253 981 288 Curia
1014 259 1046 293 A
1082 250 1279 299 responsum
1308 251 1405 285 illius
1432 249 1640 292 nebulonis,
1677 251 1842 286 dicebant

229 306 384 339 Romana
413 303 518 337 Poeta
544 301 751 337 noviffimus
776 302 980 338 Petrarcha.

227 351 355 389 Scribit
374 351 468 387 enim
493 352 586 400 quod
611 361 790 400 tempore,
818 366 888 400 quo
908 362 981 388 erat

228 402 265 439 in
292 401 498 446 Avinione,
537 402 606 438 duo
633 403 674 437 de
701 401 952 438 Cardinalibus
971 428 980 441 ‚

226 453 264 488 in
301 452 427 499 quibus
467 452 562 488 orbis
603 461 739 491 terrae,
780 454 814 487 &
855 453 979 489 ostium

226 505 360 537 Domus
389 502 456 538 Dei
483 502 659 542 vertitur,
696 503 801 538 semel
828 513 981 539 reverte-

227 554 352 588 bantur
378 566 397 588 a
423 553 556 600 palatio
593 553 729 589 Summi
773 554 979 593 Pontificis‚

225 602 341 650 stipati
377 603 479 638 dens&
514 603 588 639 acie
623 603 856 640 famulorum.
899 604 981 640 Ma-

225 666 292 701 gna
328 663 444 688 autem
485 655 585 690 turba
629 654 832 690 miserorum
876 668 980 703 expe—

225 703 400 739 &antium
436 703 542 740 stabat
579 704 620 739 ad
658 715 817 748 portam,
854 706 980 752 quibus

225 754 290 789 illa
317 753 480 799 Civitas,
507 755 627 790 odiosa
655 757 753 794 Deo,
781 755 913 804 semper
937 755 981 791 est

226 805 328 852 plena
356 805 528 853 perdendo
555 801 630 854 spes
657 804 876 845 vaniffimas,
905 807 981 842 ani-

226 867 319 890 mam
337 882 346 898 ,
393 856 527 898 vitam,
573 856 718 891 divitias
735 881 744 895 ,
802 858 836 891 &
877 869 981 891 omne

226 913 384 952 ternpus.
410 906 484 950 Qui
514 905 590 941 vifis
612 906 866 953 prote&oribus
888 906 955 941 suis
973 934 981 950 ,

227 954 340 990 immo
367 957 482 991 verius
512 956 769 1004 proditoribus,
797 957 834 992 in
856 956 981 1004 quibus

226 1004 319 1048 spem
365 1005 557 1045 habebant,
604 1016 792 1054 coeperunt
833 1007 983 1042 circum-

227 1055 390 1103 strepere,
418 1057 451 1090 &
472 1056 616 1104 quisque
637 1067 772 1105 petere,
801 1070 888 1104 quae
912 1056 983 1092 for-

227 1114 332 1143 tuna,
360 1104 397 1141 &
425 1107 503 1154 quis
531 1107 633 1142 status
661 1121 774 1143 rerum
802 1108 883 1142 esset
908 1107 982 1143 sua-

226 1169 303 1191 rum
342 1169 443 1203 penes
487 1157 721 1193 Pontificem.
764 1160 868 1193 Tunc
896 1171 982 1193 unus

227 1206 493 1251 cardinalium,
534 1221 604 1243 non
646 1217 800 1243 mutatus
843 1208 880 1243 in
918 1208 983 1243 ali-

226 1269 319 1303 quo,
361 1257 399 1291 in
436 1271 471 1292 re
507 1257 641 1302 subita,
680 1268 859 1305 tamquam
897 1258 981 1302 ille,

225 1306 286 1353 qui
322 1307 391 1354 jam
429 1307 558 1342 dudum
600 1308 729 1343 talibus
770 1308 981 1352 assueverat,

223 1369 294 1390 non
345 1356 457 1392 taetus
498 1358 615 1404 aliqud
657 1358 865 1393 verecundia
900 1358 981 1401 sua,

224 1407 280 1441 vel
331 1406 468 1441 miseriei
517 1408 722 1444 miserorum
743 1435 753 1450 ‚
806 1408 981 1442 mirabilis

222 1456 483 1492 mendaciorum
512 1457 659 1496 artifex,
697 1457 815 1504 coepit
842 1457 981 1505 respon-

222 1506 300 1541 dere
328 1505 492 1554 singulis,
520 1507 605 1554 quid
635 1507 705 1554 spei
731 1507 894 1547 haberet,
921 1517 980 1543 aut

223 1556 307 1603 quid
346 1558 436 1604 Papa
478 1557 701 1605 respondisset
737 1557 837 1603 super
872 1571 980 1607 nego-

225 1607 279 1641 tio
308 1605 388 1645 suo,
415 1609 448 1642 8<
477 1607 520 1642 sic
548 1607 663 1643 fronte
684 1608 882 1644 meretricia
902 1622 980 1644 om-

225 1670 283 1691 nes
311 1670 328 1691 a
359 1656 388 1690 se
415 1657 640 1693 dimittebat.
677 1661 838 1704 Quorum
868 1659 978 1706 aliqui

223 1706 427 1741 recedebant
454 1707 542 1742 facie
577 1708 706 1751 hilari,
743 1709 853 1756 aliqui
891 1710 978 1744 tristi

224 1769 286 1803 pro
322 1755 493 1802 qualitate
533 1757 700 1805 responsi.
746 1760 849 1793 Tunc
892 1761 980 1795 alter

225 1805 426 1843 Cardinalis
455 1806 642 1843 nobilioris
669 1818 833 1848 naturae,
860 1810 893 1843 &
919 1823 979 1844 ve-

223 1856 437 1893 recundioris
465 1858 597 1897 animi,
623 1860 656 1893 3<
686 1859 769 1906 qui,
805 1858 867 1894 nifi
895 1859 978 1895 fuis—

223 1906 271 1941 set
298 1907 338 1941 de
375 1907 440 1942 illo
482 1909 668 1956 Collegio,
711 1909 874 1957 potuisset
914 1910 977 1945 effe

223 1957 279 1991 vir
306 1958 441 2001 bonus,
484 1970 690 1994 convertens
729 1960 761 1995 se
800 1960 840 1994 ad
869 1962 976 1995 colle-

224 2019 324 2054 gam,
353 2007 466 2054 jocose
492 2009 586 2044 dixit
613 2010 666 2045 ei:
712 2013 838 2045 Numne
863 2021 893 2044 te
916 2022 977 2057 pu-

223 2062 276 2090 det
301 2057 463 2101 ludtficare
488 2059 557 2101 istos
583 2061 740 2100 credulos,
781 2060 827 2098 ὡ
853 2072 907 2106 pro
933 2062 976 2095 li-

223 2107 288 2141 bito
313 2117 365 2140 tuo
383 2107 506 2154 fingere
525 2110 665 2155 responsa
685 2109 868 2154 Pontifici-r,
889 2125 975 2158 quem

215 2156 298 2197 ficut
326 2158 408 2201 scis,
445 2172 504 2192 non
539 2160 641 2203 foliam
675 2161 786 2203 hodie,
819 2161 876 2205 sed
905 2161 975 2207 jam

221 2208 331 2241 multis
356 2208 466 2242 diebus
492 2209 603 2255 elapsis
630 2224 690 2244 non
724 2211 882 2257 potuimus
920 2212 974 2245 ὐἱ-

219 2258 324 2291 dere?
350 2257 417 2293 Ille
444 2261 526 2294 vero
554 2260 766 2296 Baratterius
794 2269 974 2297 veteranus

219 2307 417 2355 respondit:
456 2313 552 2344 Immo
583 2311 689 2356 potius
723 2321 753 2345 te
777 2313 895 2357 pudeat
921 2311 974 2357 effi

218 2368 284 2392 tam
319 2360 444 2393 tudam
479 2361 628 2407 ingenio,
668 2371 704 2395 ut
730 2372 818 2396 tanto
845 2372 974 2408 tempore

218 2422 313 2442 mores
339 2410 454 2444 Curiae
477 2424 536 2444 non
554 2412 692 2458 potueris
709 2411 868 2457 didiciffi’.
890 2415 972 2458 Quo

217 2459 359 2498 audito,
387 2459 426 2495 &
453 2475 573 2496 omnes
601 2461 779 2498 audientes
807 2462 844 2498 in
864 2463 970 2498 risum

216 2520 500 2561 prorumpentes,
545 2513 580 2548 St
624 2512 804 2549 laudantes
850 2514 971 2550 nobile

1013 1166 1046 1203 C

1082 301 1182 336 istum
1211 300 1274 335 effe
1304 300 1419 335 virum
1461 300 1733 348 sagacissimum,
1777 301 1839 348 qui

1082 351 1256 386 didicisset
1283 359 1355 385 tam
1385 359 1520 397 promte
1549 351 1690 385 mentiri
1720 353 1752 385 &
1774 352 1840 386 fal-

1057 402 1172 447 vlere.
1210 400 1285 448 Ipse
1322 403 1406 436 vero
1445 400 1629 435 Petrarcha
1659 401 1840 447 praesens,

1082 451 1165 486 haec
1193 451 1357 493 audiens,
1385 450 1568 486 conversus
1596 450 1640 485 est
1668 451 1704 485 in
1726 450 1840 497 stupo-

1081 515 1181 544 rem,
1222 503 1256 536 &
1293 501 1484 537 inclinavit
1521 510 1624 548 caput
1661 514 1730 540 uon
1759 513 1840 536 cum

1083 551 1213 587 minori
1259 551 1504 598 indignatione
1554 553 1588 586 ὃ(
1638 550 1840 590 iracundia,

1057 615 1058 619 ¹
1082 603 1187 650 quam
1215 602 1292 638 heic
1321 602 1501 651 Vergilius
1529 601 1667 637 detesto
1699 602 1840 637 menda—

1058 685 1059 692 ,
1083 653 1139 688 cio
1166 651 1396 688 Nialacodae.

1133 706 1164 738 E
1186 704 1210 737 'l
1238 706 1335 737 frate
1361 722 1548 730 -----
1569 725 1592 746 ,-

1082 753 1174 788 Heic
1204 753 1340 788 Auc‘tor
1366 753 1535 793 ostendit,
1576 753 1730 801 qualiter
1755 756 1840 788 Fra-

1084 813 1135 838 ter
1162 803 1223 839 ille
1251 804 1415 852 probavit
1443 804 1627 852 Vergilio,
1655 803 1748 851 quod
1769 817 1841 839 non

1083 854 1229 889 debebat
1266 854 1370 889 fidere
1412 854 1589 897 Diabolo‚
1630 855 1692 902 qui
1737 867 1842 889 num-

1083 918 1187 951 quam
1215 904 1304 939 dicit
1333 917 1474 940 verum.
1504 904 1604 940 Dicit
1631 917 1738 952 ergo:
1770 903 1842 938 E’t

1083 957 1202 998 Frate,
1230 954 1364 989 scilicet
1385 955 1612 999 Catellanus‚
1641 955 1730 990 dicit
1752 957 1839 990 Ver—

1083 1004 1172 1053 gilio
1200 1005 1424 1053 indignanti:

1133 1076 1150 1081 -
1176 1076 1192 1082 -
1218 1076 1234 1081 -
1261 1076 1276 1081 -
1303 1055 1332 1090 Γ
1348 1056 1404 1090 ud>
1426 1055 1486 1102 gia}
1510 1055 1609 1090 dir'a
1635 1056 1780 1102 Bologna
1796 1083 1806 1099 ‚

1083 1119 1101 1140 a
1129 1107 1231 1145 loco,
1269 1105 1351 1153 quia
1388 1106 1548 1141 Bononia
1575 1106 1620 1141 est
1647 1106 1684 1141 in
1714 1106 1840 1149 Italia,

1082 1158 1200 1191 Mater
1227 1156 1438 1195 studiorum,
1465 1157 1500 1191 δε
1528 1156 1649 1192 nutrix
1676 1156 1841 1192 omniurn

1056 1214 1057 1227 ¹
1083 1206 1314 1241 Scientiarum
1326 1232 1336 1241 .

1132 1257 1195 1291 Del
1231 1257 1355 1291 Dia-vol
1396 1257 1476 1292 vitii
1516 1256 1596 1304 affat’
1613 1284 1625 1302 ,
1663 1255 1725 1292 tra’
1750 1257 1840 1304 quali

1183 1308 1260 1346 udi,

1081 1355 1216 1392 scilicet
1253 1370 1272 1392 a
1311 1357 1529 1406 Legentibus
1556 1359 1591 1393 δε
1628 1357 1836 1394 Praedican·

1081 1406 1176 1441 tibus
1193 1434 1203 1449 ,

1130 1455 1265 1503 Ch’egli
1290 1458 1307 1490 ὲ
1333 1456 1508 1504 bugt‘ardcv,
1535 1472 1551 1492 e
1573 1461 1670 1506 padre
1691 1459 1729 1494 di
1756 1473 1842 1494 men-

1183 1519 1311 1553 zogna:

1080 1557 1179 1605 juxta
1207 1557 1323 1592 illud:
1354 1557 1512 1594 Diabolus
1537 1559 1580 1602 est
1605 1562 1764 1600 mendax,
1791 1559 1839 1599 &⁴

1075 1619 1168 1655 pater
1194 1608 1368 1643 mendacii.

1181 1661 1242 1693 Ad
1269 1664 1364 1694 Cant.
1393 1663 1512 1695 XXIV.
1541 1661 1623 1706 Vess.
1654 1674 1735 1708 124.

1132 1709 1208 1743 Vita
1234 1708 1345 1751 bestia!
1371 1710 1415 1743 mi
1438 1712 1568 1757 piaeque
1586 1726 1600 1745 e
1621 1725 1679 1746 non
1700 1725 1838 1748 amana.

1082 1761 1200 1802 Nota,
1229 1760 1321 1807 quod
1350 1759 1409 1794 iste
1436 1760 1505 1796 fuit
1533 1763 1612 1797 vere
1640 1763 1755 1797 mulus
1776 1776 1837 1797 na-

1081 1810 1264 1853 turaliter,
1311 1808 1348 1844 ἃ
1395 1810 1598 1855 moraliter,
1645 1813 1728 1858 quia
1770 1812 1839 1848 fuit

1081 1859 1214 1908 spurius
1227 1887 1236 1903 ,
1256 1869 1357 1895 natus
1375 1860 1416 1895 de
1436 1860 1552 1909 spurio
1566 1888 1575 1896 .
1598 1864 1722 1898 Mulus
1743 1863 1839 1898 enim

1082 1910 1234 1945 nascitur
1260 1924 1303 1945 ex
1339 1910 1505 1946 damnato
1542 1912 1661 1956 coitu,
1702 1912 1839 1949 scilicet

1081 1974 1123 1996 ex
1152 1974 1239 2007 equa
1265 1962 1299 1995 δε
1327 1960 1452 2009 afin03
1490 1960 1530 1996 &
1566 1963 1642 2010 plus
1683 1962 1839 2010 sequitur

1081 2010 1233 2050 asinum,
1260 2012 1366 2058 quam
1394 2024 1517 2058 equam
1533 2037 1545 2051 ,
1571 2013 1659 2048 licet
1685 2027 1838 2049 vocave-

1080 2062 1128 2096 rit
1156 2061 1189 2096 se
1215 2070 1377 2109 nepotem
1407 2062 1499 2109 Equi
1537 2075 1654 2098 coram
1694 2067 1837 2100 Leone.

1081 2111 1137 2146 Est
1163 2111 1268 2146 etiam
1299 2111 1429 2147 animal
1457 2112 1602 2152 durum,
1631 2123 1750 2161 aptum
1786 2116 1838 2150 la-

1082 2162 1243 2201 boribus,
1271 2160 1309 2197 &
1331 2162 1554 2205 verberibus,
1574 2164 1837 2212 retrogradum,

1081 2212 1262 2260 pertinax.
1300 2215 1346 2247 Et
1373 2213 1454 2248 talis
1491 2223 1564 2248 erat
1590 2214 1650 2249 iste
1679 2214 1734 2250 fur
1760 2229 1838 2250 om·—

1080 2264 1182 2298 ni'ous
1210 2262 1375 2298 infestus.
1413 2265 1534 2299 Mulus
1575 2264 1619 2299 est
1646 2265 1837 2301 irrationa—

1081 2313 1162 2348 bilis
1189 2314 1222 2348 δε
1251 2313 1526 2362 incorrigibilis.
1569 2317 1622 2350 De
1649 2328 1719 2362 quo
1747 2316 1838 2353 dicit

1081 2364 1254 2412 Propheta
1275 2364 1313 2399 in
1335 2364 1500 2399 Psalmis:
1531 2366 1641 2399 Nolite
1660 2366 1737 2410 fieri
1754 2366 1838 2407 ficut

1078 2427 1171 2460 equus
1199 2415 1241 2448 (9'
1267 2415 1391 2453 mulus,
1429 2416 1461 2448 in
1489 2414 1603 2462 quibus
1629 2429 1689 2450 non
1716 2417 1758 2459 est
1785 2417 1837 2451 in-

1077 2463 1221 2499 tellec'lus
1256 2464 1327 2503 dvc.
1364 2464 1502 2500 Deinde
1541 2465 1706 2502 describit
1741 2466 1775 2502 se
1813 2479 1835 2502 a

1078 2513 1222 2551 nornine
1248 2515 1393 2564 proprio
1419 2514 1559 2552 dicens:

1747 2566 1786 2601 si
