2216 3105
295 199 372 240 325
586 149 888 225 COMMENT.
919 183 985 225 IN
1013 183 1240 226 DANTIS
1267 185 1509 228 COMOED.
1722 205 1768 243 3:
1779 198 1804 232 6

233 243 303 278 sum
333 240 526 277 Senenfium
556 239 761 286 separatim,
800 241 985 288 posuerunt
1031 243 1074 277 A

232 293 369 329 insidias
397 293 505 326 CCC.
540 291 698 338 equitum
727 293 759 326 ἃ
789 291 890 326 MM.
929 305 987 338 pe-

233 342 344 377 ditum
367 342 406 376 ad
436 341 560 376 vadum
593 341 610 359 *
636 342 749 376 Plebis
777 342 831 376 del
853 343 957 389 Topo
977 369 986 384 ‚

233 393 292 429 ubi
336 391 496 427 Senenses
537 392 636 427 ibant
673 392 901 428 inordinate.
942 394 986 426 Et

233 442 385 479 breviter
409 441 647 490 aggredientes
668 442 828 477 senenses
855 442 988 490 impro-

233 493 353 532 vidus,
383 493 568 541 posuerunt
588 506 645 528 eos
673 492 826 528 faciliter
847 492 883 527 in
904 505 987 527 con-
1030 517 1035 522 -

233 543 391 582 stisiam,
428 544 461 577 &
501 543 764 578 trucidaverunt
801 546 891 578 ultra
919 552 989 578 tre—

233 603 372 629 centum
401 593 442 628 de
470 592 696 637 melioribus,
726 592 763 628 &
784 594 825 628 de
852 593 989 628 civibus

233 644 458 683 Senenfibus,
494 645 528 679 &
557 643 735 679 nobilibus
764 644 849 678 viris
877 643 989 678 Mari-

233 694 361 731 timae.
399 697 444 730 Et
481 693 523 729 fic
552 694 694 729 Aretini
725 694 845 729 vastati
881 707 899 729 a
934 696 991 729 se-

234 744 391 780 nenfibus
419 745 455 780 in
484 745 604 783 rebus,
633 744 849 779 vastaverunt
871 757 928 779 eos
954 744 990 779 in

234 794 408 844 personis'.
445 797 498 830 Ex
536 808 605 843 quo
643 794 810 830 conflie'tu
847 794 990 830 Aretini

235 845 376 882 fuerunt
404 846 554 880 multum
583 844 725 880 resumti
743 872 751 880 .
789 844 851 880 Sed
889 844 992 880 laeti-

235 895 285 931 tia
314 895 372 931 ista
410 896 477 931 fuit
507 895 620 931 brevis
648 895 736 943 parti
766 895 992 930 Gibellinae.

237 946 416 992 Quoniam
455 959 546 981 anno
584 945 740 992 sequenti
768 945 910 980 Aretini
940 958 993 980 re-

237 1006 401 1044 ceperunt
431 997 625 1031 terribilem
654 997 757 1030 illum
787 994 991 1030 confliEtum

238 1046 328 1093 apud
358 1046 563 1087 Biblenam,
593 1045 629 1080 in
658 1059 728 1092 quo
755 1045 887 1081 mortui
916 1045 993 1080 sunt

238 1097 307 1132 duo
336 1096 502 1144 praediffii
530 1096 654 1131 strenui
685 1099 822 1135 Duces,
860 1095 994 1130 scilicet

238 1147 431 1193 Episcopus
459 1147 649 1186 Aretinus,
678 1145 715 1181 &
745 1148 925 1181 Bonconte
954 1146 993 1181 de

237 1197 497 1236 Montefeltro,
534 1197 575 1231 de
611 1197 736 1244 quibus
774 1198 873 1245 plene
901 1196 993 1231 dice—

237 1258 294 1283 tur
333 1247 441 1282 Cant.
471 1250 514 1281 V.
545 1247 763 1293 Purgatorii.
800 1247 914 1282 blodo
952 1247 993 1282 ad

237 1296 470 1353 propositum.
499 1299 539 1330 In
567 1296 631 1330 isto
659 1297 826 1332 confflem
854 1299 993 1335 Lanus,

237 1347 369 1383 nobilis
397 1345 534 1394 juvenis
561 1345 735 1389 Senenfis,
772 1347 832 1393 qui
867 1347 994 1382 ditiffi·

238 1411 315 1433 mus
336 1409 500 1445 magnum
522 1396 774 1443 patrimonium
801 1397 896 1432 suum
919 1398 994 1432 bre-

238 1448 275 1483 vi
305 1458 461 1495 tempore
496 1446 749 1490 consumserat,
787 1447 925 1495 ingeffit
963 1447 994 1482 se

237 1497 358 1539 sponte
396 1497 432 1532 in
471 1498 719 1545 proeliantium
756 1499 922 1545 globum,
959 1499 992 1533 &

236 1548 288 1584 ibi
319 1547 459 1583 fortiter
486 1560 640 1595 pugnans
667 1548 799 1583 occisus
827 1548 891 1584 est.

259 1626 274 1629 e
476 1602 537 1632 Ad
563 1599 644 1641 Vers.
675 1609 755 1645 133.

288 1653 314 1682 Ο
341 1648 495 1693 (ῗῐασορο,
523 1649 632 1686 dicen,
659 1655 701 1682 da
727 1649 969 1686 Sant’Andrea

338 1699 403 1732 Che
422 1697 445 1732 ι’
460 1699 475 1730 ὲ
491 1698 622 1743 giovato
637 1699 673 1731 a't'
687 1712 732 1732 me
746 1700 817 1742 fare
831 1701 994 1744 schermo?

236 1746 324 1783 Idest
352 1749 511 1792 clypeum
542 1746 579 1782 δε
607 1750 844 1794 reparaculum
873 1761 993 1786 contra

237 1811 336 1834 canes
350 1823 359 1836 ,
383 1797 622 1832 abscondendo
643 1806 677 1833 te
692 1797 729 1833 in
747 1798 874 1847 cespite
895 1814 993 1836 meo,

237 1848 341 1894 Quasi
379 1847 498 1896 dicat3
541 1847 644 1883 Nihil
681 1848 748 1884 tibi
787 1849 919 1896 profuit
955 1850 992 1886 ὃ(

238 1912 402 1947 magnum
430 1898 595 1933 damnum
624 1898 713 1934 mihi
742 1899 860 1936 dedisti
887 1899 924 1936 ἃ
945 1902 994 1937 fe-

239 1949 335 1989 cisti,
362 1951 395 1984 δε
426 1949 541 1984 nescio
568 1962 694 1996 quare:

342 2001 405 2034 Che
422 2000 506 2045 colpa
524 2000 590 2033 bo
579 2013 607 2034 to
621 2001 659 2034 de
675 2000 708 2034 la
725 2010 779 2036 tua
794 2002 868 2037 vita
885 2015 955 2037 rea
953 2006 968 2026 ³

237 2049 342 2095 Quasi
370 2050 483 2085 dicat:
527 2049 562 2085 Si
590 2049 742 2098 abjecisti
771 2062 851 2096 tua,
889 2067 993 2100 quare

237 2100 345 2136 debeo
373 2113 436 2144 eqo
466 2099 536 2147 pati
559 2113 702 2145 poenam
726 2115 788 2149 pro
806 2102 862 2138 te?
894 2106 994 2139 Non-

238 2164 281 2186 ne
319 2149 447 2184 sufficit
488 2149 577 2184 mihi
623 2163 732 2198 poena
770 2152 871 2189 mea?
918 2157 994 2201 Ego

237 2201 331 2237 enim
361 2199 469 2248 abjeci
500 2199 620 2245 sponte
646 2201 731 2240 effe,
768 2202 806 2239 ὃς
834 2213 872 2239 tu
900 2205 993 2249 abje-

239 2250 313 2286 cisti
342 2264 418 2289 aes,
448 2249 540 2296 quod
569 2250 749 2287 conservat
776 2253 887 2300 ipsum
913 2256 996 2291 effe.

238 2304 331 2350 Ergo
359 2301 397 2336 ad
429 2300 537 2347 quid,
579 2314 686 2348 quum
725 2310 764 2337 tu
792 2316 919 2351 pauper
946 2319 998 2341 te-

238 2365 353 2388 curras
381 2350 421 2386 ad
453 2350 737 2397 paunerrimum?
779 2355 873 2399 Quia
910 2355 930 2390 fi
959 2364 997 2391 tu

237 2401 378 2451 privasti
409 2410 443 2436 te
465 2400 669 2442 substantia,
697 2416 761 2452 ego
783 2404 919 2451 privavi
945 2420 998 2442 me

238 2453 333 2489 vita.
371 2452 435 2488 Sed
463 2464 505 2487 ne
532 2451 714 2488 dimittam
742 2455 877 2503 aliquid
904 2457 999 2493 indi-

1077 1174 1078 1178 ,
1108 1159 1354 1195 provocaretur
1381 1149 1463 1185 fibi.

1106 242 1271 282 scuffum,
1315 244 1415 279 debes
1445 244 1489 278 sci
1496 258 1551 288 re,
1592 246 1684 293 quod
1721 247 1780 282 iste
1807 250 1863 290 Ja-

1106 293 1210 327 cobus
1237 293 1288 327 ita
1315 295 1483 329 laceratus
1505 308 1522 329 a
1543 296 1706 336 canibus,
1733 297 1801 333 fuit
1821 299 1863 332 de

1106 342 1242 386 potenti
1270 342 1434 379 Civitate
1475 346 1628 384 Paduae,
1670 348 1725 382 vir
1761 348 1863 383 nobi-

1105 393 1169 432 lis,
1206 393 1248 428 de
1284 395 1429 436 Capella
1458 395 1574 430 Sanfifi
1618 397 1802 436 Andreae,
1844 411 1863 432 a

1105 456 1169 490 qua
1208 443 1534 480 denominationem
1573 445 1712 481 sumslt.
1743 450 1863 482 Homo

1105 494 1246 541 quidem
1284 494 1471 530 ditiffimus
1507 496 1666 531 omnium
1706 498 1864 545 prixito-

1105 557 1180 578 rum
1210 544 1286 580 suae
1315 546 1445 593 patriae
1472 546 1508 581 in
1547 548 1700 595 campis,
1743 548 1863 591 villis,

1106 595 1283 642 pecuniis,
1311 596 1540 632 animalibus.
1569 598 1643 643 Qui
1669 598 1863 632 inaestima-

1107 646 1212 679 bilem
1249 646 1467 702 opulentiam
1510 647 1717 683 divitiarum
1748 648 1864 696 prodi—

1106 696 1232 743 galiter
1243 720 1253 734 ‚
1276 696 1388 732 immo
1409 707 1568 744 proterve
1590 696 1628 733 ἃ
1650 698 1768 734 insane
1788 712 1863 746 per-

1106 746 1196 780 didit
1225 744 1263 781 &
1291 747 1494 783 consumsit.
1533 751 1649 788 Nam,
1677 758 1715 784 ut
1742 747 1863 785 audivi

1107 809 1124 830 a
1166 795 1232 831 fide
1269 797 1383 845 dignis
1427 798 1468 834 de
1510 800 1619 834 Terra
1661 798 1739 839 sua,
1780 799 1864 835 fecit

1109 847 1236 881 multas
1281 848 1440 883 ridendas
1490 850 1664 884 vanitates
1690 877 1698 885 .
1748 849 1862 886 Semel

1107 909 1214 953 quum
1251 910 1320 932 non
1359 899 1467 946 posset
1504 899 1678 939 dormire,
1722 900 1863 935 manda-

1108 948 1182 985 vit,
1211 958 1249 982 ut
1278 958 1497 994 portarentur
1525 951 1637 996 plures
1667 952 1779 998 petiae
1807 950 1864 985 Pi-

1107 997 1217 1043 golati
1254 999 1420 1046 Ciperani
1459 999 1542 1035 fasti
1584 1013 1662 1035 cum
1692 1002 1789 1039 cola,
1827 999 1863 1035 ἃ

1107 1048 1340 1084 lacerarentur
1367 1063 1384 1083 a
1412 1049 1645 1085 familiaribus
1686 1051 1722 1086 in
1752 1065 1866 1086 carne-

1106 1111 1164 1136 ra,
1205 1108 1244 1133 ut
1280 1099 1321 1133 ad
1358 1099 1461 1135 illum
1505 1101 1682 1136 stridorem
1725 1101 1864 1136 somnus

1504 1150 1588 1186 Ideo
1616 1151 1753 1186 Aufiior
1780 1151 1865 1186 facit

1107 1198 1218 1245 ipsum
1247 1214 1265 1235 a
1293 1199 1435 1235 canibus
1463 1201 1629 1245 lacerari,
1658 1215 1726 1236 non
1751 1202 1791 1237 ad
1813 1201 1865 1236 so-

1108 1249 1264 1289 latium,
1307 1249 1360 1284 sed
1406 1250 1447 1285 ad
1494 1250 1729 1299 supplicium.
1780 1252 1866 1287 Alia

1108 1309 1223 1334 autem
1252 1301 1329 1336 vice
1357 1313 1463 1346 quum
1493 1300 1559 1336 iret
1586 1302 1628 1337 de
1657 1303 1770 1338 Padua
1796 1305 1866 1336 Ve-

1108 1350 1220 1385 netias
1256 1364 1316 1396 per
1352 1350 1479 1385 flumen
1510 1353 1656 1387 Brentae
1703 1353 1740 1388 in
1782 1352 1864 1387 navi

1108 1413 1185 1434 cum
1215 1401 1295 1436 aliis
1325 1400 1507 1445 juvenibus
1550 1401 1674 1441 sociis,
1715 1416 1864 1450 quotum

1108 1450 1219 1496 aliqui
1257 1451 1459 1498 pulsabant,
1501 1452 1612 1498 aliqui
1650 1455 1864 1492 cantabant,

1108 1500 1165 1535 iste
1195 1499 1333 1539 fatuus,
1362 1513 1404 1535 ne
1432 1500 1522 1536 solus
1551 1503 1727 1538 videretur
1754 1504 1866 1539 inuti-

1109 1552 1152 1585 lis
1181 1549 1218 1585 ἃ
1246 1551 1399 1589 otiosus,
1437 1552 1553 1599 coepit
1581 1553 1735 1601 accipere
1765 1568 1866 1610 pecu-

1108 1601 1226 1640 niam,
1238 1603 1270 1636 8<
1284 1601 1443 1637 denarios
1459 1602 1656 1650 singulatim
1669 1604 1864 1651 dejicerem

1109 1665 1232 1699 aquam
1274 1666 1350 1687 cum
1396 1665 1524 1700 magno
1569 1653 1636 1688 risu
1680 1655 1865 1689 omnium.

1109 1702 1171 1737 Sed
1208 1716 1251 1737 ne
1287 1702 1508 1738 discurrendo
1537 1717 1595 1751 per
1623 1704 1703 1743 ista,
1748 1705 1866 1740 videar

1109 1752 1176 1787 tibi
1205 1753 1315 1801 magis
1340 1754 1523 1789 verborum
1549 1755 1733 1802 prodigus,
1761 1768 1865 1803 quam

1109 1802 1181 1850 ipse
1209 1816 1457 1846 nummorum,
1494 1805 1599 1839 xenio
1637 1806 1790 1841 breviter
1825 1805 1865 1840 ad

1111 1866 1270 1900 magnam
1318 1854 1553 1893 violentiam,
1604 1868 1707 1901 quam
1749 1855 1867 1891 insane

1110 1902 1193 1938 fecit
1222 1903 1257 1939 in
1288 1904 1376 1939 bona
1413 1904 1489 1939 sua.
1532 1907 1652 1949 Quum
1694 1907 1787 1942 enim
1817 1907 1865 1941 le-

1111 1954 1179 1988 mel
1200 1954 1280 1989 esset
1301 1954 1337 1989 in
1358 1968 1434 1989 rure
1455 1954 1513 1990 suo
1527 1979 1536 1992 ,
1562 1956 1720 1996 audivit,
1746 1970 1867 2004 quem—

1110 2004 1187 2039 dam
1226 2004 1431 2052 Magnatem
1469 2018 1547 2040 cum
1585 2006 1756 2042 comitiva
1796 2020 1868 2042 ma-

1110 2066 1176 2101 gna
1215 2055 1401 2090 Nobilium
1442 2055 1493 2090 ire
1529 2055 1569 2091 ad
1607 2057 1788 2112 prandium
1818 2057 1867 2092 se-

1111 2117 1210 2139 cum.
1238 2107 1284 2139 Et
1311 2105 1392 2152 quia
1415 2118 1484 2140 non
1506 2115 1578 2141 erat
1601 2107 1867 2155 provi1us,nec

1112 2163 1248 2202 poterat
1276 2155 1312 2190 in
1342 2156 1541 2192 breviffimo
1569 2159 1737 2200 tempmis
1757 2158 1870 2207 spatio

1113 2205 1316 2253 providere,
1351 2205 1535 2242 secunaum
1565 2208 1657 2255 quod
1687 2208 1762 2244 suae
1791 2222 1870 2255 pro-

1112 2255 1290 2304 digalitati
1313 2256 1496 2293 videbatur
1516 2272 1604 2293 conx
1609 2272 1726 2303 en1re
1754 2259 1870 2295 subito

1112 2320 1223 2354 egre-g
1217 2320 1248 2341 a
1276 2308 1410 2342 cautela
1437 2307 1512 2343 usus
1541 2308 1605 2344 est.
1651 2312 1743 2345 Nam
1785 2309 1869 2345 fecit

1110 2356 1222 2392 statim
1262 2357 1360 2393 mitti
1389 2358 1504 2407 ignem
1534 2359 1570 2394 in
1609 2361 1728 2396 omnia
1765 2370 1868 2408 tugu-

1109 2407 1160 2442 ria
1189 2408 1308 2443 Villae
1336 2407 1413 2443 suae
1451 2409 1531 2444 satis
1567 2420 1647 2458 apta
1675 2411 1865 2448 incendio,

1109 2457 1192 2506 quia
1221 2472 1263 2494 ex
1284 2458 1415 2507 paleis,
1442 2459 1598 2508 stipulis,
1627 2459 1666 2496 &
1686 2460 1864 2498 cannulis,

1730 2523 1816 2558 qua—

238 2565 255 2582 ⁸
277 2568 405 2601 Dicitur
427 2578 508 2600 nunc
530 2567 688 2601 communi
711 2569 879 2610 vocabulo,
900 2571 989 2604 Pieve
1010 2572 1042 2603 al
1063 2577 1177 2613 Toppo.
