2216 3105
422 241 506 280 719

410 305 598 312 -----
617 286 718 333 senza
745 289 879 333 invito,-

363 333 446 378 quia
475 335 592 372 nullus
620 338 804 386 requisivit
830 354 905 376 eam
934 340 975 377 de
1003 354 1120 377 amore

360 394 423 429 per
449 392 587 422 tantum
615 397 775 437 tempus.
812 391 876 426 Sed
904 390 981 427 heic
1010 401 1118 431 nota,

361 434 454 481 quod
484 437 623 473 Austor
649 439 791 476 videtur
817 441 932 477 dicere
968 440 1118 481 falsum,

361 484 444 532 quia
473 487 578 523 multi
615 490 731 525 Sanffli
773 493 889 527 Patres
917 490 955 528 δῖ.
983 491 1120 527 Eremi-

362 544 418 570 rae
455 536 656 574 dilexerunt
694 542 959 588 Paupertatem,
996 541 1034 578 &
1062 542 1121 577 de-

362 584 549 633 spexerunt
599 589 767 625 mundum
815 601 955 638 propter
1005 591 1118 635 Jesum

361 636 537 672 Christum
565 640 599 674 8<
638 640 835 687 antiquitus
870 645 904 676 ὅ(
942 641 1119 677 moderni-

362 696 436 725 τες,
473 686 558 724 ficut
586 690 820 730 Benedi&us‚
857 692 891 725 &
919 692 1117 732 Macarius,

363 737 577 781 Rex-nardus,
605 737 642 774 &
673 740 886 780 Damianus,
924 741 966 776 de
992 742 1118 788 quibus

362 786 499 821 dicetur
533 787 624 824 infra
661 789 701 825 in⁴
735 789 802 826 hoc
829 791 950 838 eodem
979 792 1117 835 Libro.

361 836 651 884 Respondendum
673 839 716 875 est
737 841 909 885 breviter,
926 842 1019 889 quod
1039 843 1119 878 nul-

359 887 414 922 ius
443 898 579 923 tantum
604 888 641 925 ἅ
669 889 707 926 in
735 900 851 926 totum
873 892 1007 927 amavit
1029 895 1117 928 Pau-

358 947 529 984 pertatem
558 949 630 974 tam
661 940 835 988 pet-feste,
874 951 946 977 tam
974 955 1116 991 genera-

358 987 461 1027 liter,
490 998 560 1024 tam
592 992 769 1027 volenter.

408 1040 460 1073 Ne}
486 1040 575 1083 walse
601 1042 674 1074 miir
701 1063 928 1070 ——————

358 1088 451 1124 Hele
479 1089 616 1126 Αυξὶοῑ
652 1092 692 1127 ad
730 1094 938 1141 arguendam
977 1107 1113 1129 caecam

357 1139 542 1175 hominnm
573 1142 825 1188 cupiditatem,
862 1144 1010 1179 ostendit
1047 1145 1115 1180 mi-

358 1190 484 1225 rabiles
512 1191 653 1227 effefius
684 1194 922 1241 Paupertatis‚
950 1208 1037 1237 quae
1064 1194 1114 1230 fe-

357 1240 407 1275 cit
435 1240 615 1277 hominem
653 1244 912 1291 quodammodo
949 1245 1112 1293 felicem3

358 1290 439 1338 quia
468 1290 553 1327 facit
581 1306 658 1328 eum
688 1295 818 1330 laetum
840 1296 872 1330 δί
900 1295 1114 1343 intrepidum

358 1351 476 1377 contra
517 1356 657 1379 omnem
710 1344 870 1380 fortunae
916 1346 1088 1394 impeturn
1107 1373 1114 1381 .

356 1392 462 1437 Quod
491 1394 614 1438 probat
647 1408 706 1442 per
733 1397 932 1443 exemplum
971 1410 1114 1442 pauper-

356 1443 426 1478 culi
456 1442 659 1491 piscatoris,
687 1446 748 1492 qui
771 1459 840 1481 non
861 1447 1005 1493 expavit
1025 1449 1114 1481 Cae—

356 1492 462 1527 sarem
492 1503 576 1529 tunc
614 1496 783 1543 temporis
820 1497 1112 1532 terribillimurn.

354 1543 412 1578 Ad
452 1544 548 1591 cujus
586 1546 802 1580 evidentiam
840 1546 884 1580 est
922 1547 1111 1593 praescien-

354 1593 464 1632 dum,
502 1594 593 1641 quod
631 1594 760 1631 Caesar
785 1622 795 1638 ,
837 1596 918 1630 dum
956 1597 1038 1632 effet
1074 1597 1111 1631 in

356 1643 504 1678 Graecia
545 1654 666 1680 contra
710 1646 947 1693 Pompejum,
989 1646 1111 1682 avidus

355 1706 515 1741 pugnae,
554 1708 640 1742 quae
669 1695 820 1730 faciebat
849 1710 908 1742 pro
937 1710 977 1732 eo
995 1724 1005 1739 ‚
1040 1698 1111 1731 im—

355 1745 530 1790 patienter
567 1744 676 1780 ferens
714 1746 901 1785 accessum,
939 1746 1001 1792 qui
1039 1756 1111 1781 erat

355 1807 433 1828 cum
464 1802 559 1840 parte
587 1795 760 1830 exercitus
788 1795 862 1834 sui,
892 1805 1021 1831 temere
1050 1809 1110 1831 ex-

354 1842 470 1891 posuit
498 1843 530 1878 se
558 1843 716 1880 fortunae
741 1847 807 1880 δίε.

407 1896 470 1927 Ma
486 1893 586 1936 percb'
599 1895 627 1928 io
643 1909 701 1929 non
717 1897 846 1942 proceda
865 1906 971 1940 troppo
990 1896 1090 1940 chiuso
1100 1920 1110 1935 ‚

354 1944 446 1980 Heic
467 1944 624 1980 Thomas
652 1947 810 1994 propalat
836 1960 964 1982 nomen
992 1960 1110 1981 arnan-

354 1995 400 2030 tis
429 1993 465 2030 δεῖ
494 2004 649 2035 amatae,
684 2010 725 2031 ne
755 1996 913 2032 videatur
949 1996 1111 2044 procede-

356 2058 391 2081 re
419 2045 527 2080 nimis
554 2045 717 2082 obscure.
746 2047 847 2082 Unde
875 2047 988 2082 dicit:

405 2096 525 2130 Prendi
548 2097 667 2131 oramat'
687 2098 737 2131 nel
757 2098 817 2131 mio
840 2098 950 2141 parlar
967 2098 1083 2143 diffuso
1093 2111 1112 2140 ς

356 2145 491 2181 scilicet
511 2173 521 2190 ,
564 2147 646 2194 quia
687 2148 757 2196 jam
799 2149 910 2183 multa
952 2148 1028 2183 dixi
1069 2148 1111 2183 de

356 2196 448 2232 istis:

404 2248 572 2292 Frarzcesco
612 2263 625 2283 e
666 2252 805 2284 Ρουενῖἇ
843 2260 897 2296 per
936 2249 1032 2296 questi
1071 2263 1108 2283 a·

455 2309 555 2332 mann
571 2325 579 2334 .

357 2348 556 2384 franciscus
584 2349 628 2384 est
663 2363 791 2386 nomen
828 2358 1027 2395 competens
1054 2349 1110 2384 vi-

355 2411 413 2433 ro.
446 2399 567 2434 Dictus
588 2400 632 2434 est
659 2402 751 2436 enim
775 2401 997 2443 franciscus,
1025 2413 1109 2447 qua—

355 2448 379 2483 fi
408 2452 578 2487 Francus,
607 2451 709 2491 idest,
738 2452 827 2486 liber
854 2452 896 2486 ab
923 2450 1021 2486 omni
1050 2464 1109 2486 cu-

354 2499 503 2548 piditate
531 2510 745 2537 terrenorum
774 2501 812 2538 &
842 2501 1009 2537 servitute
1031 2514 1109 2549 pec-

355 2560 531 2587 catorum.
560 2552 744 2599 Paupertas
771 2553 878 2589 etiam
907 2551 951 2588 est
977 2564 1105 2587 nomen

705 228 1174 274 BENVENUTI
1207 229 1653 276 IMOLENSIS

1851 254 1936 293 720

1157 291 1192 326 A
1234 302 1448 339 congruum.
1487 292 1632 329 Dicitur
1667 291 1763 328 enirn
1802 295 1989 340 Paupertas

1233 353 1251 375 a
1279 354 1412 388 pauco,
1445 343 1535 378 unde
1564 355 1746 391 paupertas
1773 344 1818 379 est
1846 345 1962 382 sobria
1979 370 1991 386 ,

1233 399 1443 439 temperata,
1470 394 1600 433 libera,
1628 396 1662 429 8<
1690 394 1874 443 expedita.

1282 445 1333 476 La
1357 443 1404 477 lor
1428 445 1588 478 concordia
1613 465 1802 471 -----

1232 492 1323 527 Heic
1359 493 1515 529 Thomas
1551 495 1668 543 tangit
1708 496 1836 531 laetam
1874 495 1987 531 vitam

1231 541 1398 582 istorum,
1427 544 1621 580 amantium
1653 547 1920 593 Paupertatem,
1949 548 1985 581 &

1176 602 1178 605 ’
1232 592 1490 628 continentium
1519 607 1597 629 cum
1626 595 1774 631 effeffm.
1806 596 1906 632 Dicit
1934 609 1986 632 er·

1151 1661 1198 1727 ΠΙ

1230 655 1294 690 go:
1333 644 1373 677 la'
1401 644 1448 676 lor
1473 645 1654 688 concordia,
1691 646 1775 693 quia
1803 646 1986 682 concordi—

1231 701 1283 727 ter
1309 691 1566 729 conveniebant
1601 693 1727 733 simul,
1763 696 1844 742 quia
1879 699 1986 732 Fran-

1231 741 1338 776 ciscus
1376 742 1461 776 bene
1498 742 1739 778 conformabat
1776 745 1808 779 se
1836 747 1985 792 Pauper—

1229 791 1295 826 tati
1317 790 1354 827 ὗε
1377 805 1505 838 pauco,
1534 794 1775 840 &Paupertas
1799 795 1883 829 bene
1905 808 1986 830 con—

1228 841 1390 877 veniebat
1409 841 1609 878 humilitati
1631 844 1723 891 ejus.
1747 843 1853 879 Unde
1874 844 1984 881 dicit:

1278 913 1293 918 -
1321 913 1337 918 —
1363 914 1379 918 -
1405 913 1420 918 —
1448 907 1462 925 e
1489 894 1535 926 lor
1561 894 1633 927 lieri
1656 894 1850 937 lambenti,

1228 941 1309 988 quia
1338 942 1569 989 precabantur
1597 943 1656 978 fibi
1685 944 1838 979 invicem
1868 946 1982 982 laete.

1230 994 1320 1027 Nam
1344 994 1530 1040 Paupertas
1553 993 1700 1029 faciebat
1723 996 1852 1029 laetum
1876 998 1983 1030 Fran—

1227 1041 1382 1081 cistum,
1418 1044 1450 1078 ἃ
1482 1044 1680 1079 Franciscus
1717 1044 1864 1080 faciebat
1896 1047 1983 1081 Pau-

1227 1102 1395 1140 pertatem
1428 1093 1538 1129 videri
1568 1095 1726 1143 laetam3
1756 1096 1790 1130 8<
1818 1095 1928 1130 dicit:

1277 1147 1380 1178 Amor
1406 1165 1721 1171 --------

1226 1192 1329 1234 idest,
1359 1194 1522 1230 Caritas:

1275 1265 1460 1271 —————
1489 1259 1503 1278 e
1530 1246 1744 1292 maravigt'ia,
1772 1267 1788 1272 —
1815 1267 1831 1272 -
1856 1267 1874 1273 -
1899 1268 1915 1273 -
1942 1268 1957 1274 ν

1227 1293 1329 1333 idest,
1359 1295 1597 1331 mirabiliter:

1275 1365 1289 1370 —
1319 1366 1334 1372 ο
1361 1367 1377 1371 -
1403 1367 1418 1372 -
1446 1360 1461 1380 e
1486 1347 1569 1380 dolce
1591 1347 1755 1393 sguardo,

1225 1394 1331 1436 idest,
1360 1395 1471 1431 dulcis
1500 1397 1780 1443 contemplatio:

1276 1448 1400 1479 Facean
1429 1445 1500 1489 effer
1526 1448 1634 1493 cagion
1662 1447 1698 1481 di
1720 1446 1841 1491 penster
1869 1448 1982 1490 santi.

1225 1494 1306 1529 idest
1324 1522 1333 1535 ,
1362 1495 1572 1542 praestabant
1599 1495 1658 1529 fibi
1689 1496 1822 1530 causam
1839 1520 1849 1534 ,
1887 1497 1979 1541 quod

1225 1557 1293 1578 non
1323 1546 1493 1591 cogitaret
1519 1544 1579 1578 nifi
1611 1544 1748 1592 saneiag
1778 1546 1808 1579 8<
1838 1555 1876 1580 ut
1898 1548 1981 1580 San-

1224 1594 1298 1628 &us
1318 1594 1493 1629 videretur
1512 1608 1528 1628 a
1546 1594 1706 1641 quolibet
1725 1596 1864 1630 vidente
1880 1608 1958 1630 eum
1971 1623 1980 1631 .

1225 1645 1306 1679 Ideo
1333 1644 1447 1679 statim
1475 1644 1599 1679 habuit
1636 1644 1841 1679 seclatores.
1880 1645 1980 1680 Unde

1225 1694 1399 1741 sequitur:

1273 1749 1379 1778 Tanto
1406 1745 1458 1778 che
1483 1743 1509 1777 Ἰ
1534 1744 1714 1779 venerabile
1741 1745 1904 1778 Bernardo
1919 1769 1929 1784 ,

1226 1793 1356 1838 primus
1385 1796 1504 1829 Frater
1532 1795 1680 1837 Minor,
1718 1795 1779 1841 qui
1818 1793 1981 1842 sequutus

1223 1844 1267 1879 est
1304 1845 1449 1880 Beatum
1488 1844 1734 1880 Franciscum.
1773 1844 1874 1880 Unde
1909 1859 1981 1881 non

1224 1894 1403 1942 intelligas
1430 1894 1471 1929 de
1501 1896 1673 1930 Bernardo
1704 1894 1856 1929 D06³mre
1874 1922 1884 1938 ,
1922 1895 1981 1931 de-

1226 1954 1312 1980 voto
1352 1946 1550 1986 Dominae,
1588 1943 1642 1979 de‘
1667 1957 1736 1992 quo
1773 1945 1905 1980 dicitur
1940 1945 1979 1981 in

1224 1995 1292 2031 fine
1320 1995 1421 2041 hujus
1448 1994 1572 2030 Libri:

1274 2045 1312 2079 Si
1332 2046 1439 2090 ftalqb
1462 2046 1593 2088 prima,
1621 2067 1810 2073 -----

1224 2095 1333 2137 idest,
1371 2095 1502 2141 primus
1540 2095 1656 2130 induit
1683 2095 1841 2131 habitum
1871 2100 1979 2132 Fran-

1225 2146 1334 2181 cisci.
1373 2147 1465 2180 Nam
1505 2147 1640 2181 Fratres
1677 2146 1851 2181 Francisci
1891 2147 1983 2182 inter

1224 2196 1291 2231 alia
1319 2195 1544 2231 incommoda
1571 2195 1628 2231 sua
1654 2196 1823 2232 incedunt
1852 2196 1978 2232 discal—

1225 2246 1309 2282 ciati
1328 2258 1337 2281 z

1275 2318 1290 2323 -
1317 2318 1333 2323 -
1359 2318 1375 2323 -
1400 2318 1417 2323 —
1443 2310 1459 2331 e
1483 2296 1584 2331 dictro
1610 2312 1629 2332 a
1655 2307 1747 2333 tanta
1769 2308 1845 2342 pace

1274 2347 1364 2392 Corse
1380 2375 1390 2391 ‚
1417 2368 1730 2374 --------

1225 2397 1327 2437 idest,
1356 2398 1396 2432 ad
1425 2397 1703 2446 participandum
1733 2397 1774 2433 de
1802 2406 1899 2433 tanta
1920 2412 1980 2444 pa—

1227 2462 1264 2484 ce
1291 2447 1402 2483 animi
1420 2475 1429 2489 ,
1466 2458 1594 2494 quanta
1633 2448 1777 2496 praestat
1804 2448 1864 2484 ista
1892 2451 1981 2484 Pau-

1228 2508 1363 2548 pertas.
1391 2501 1438 2533 Et
1464 2498 1575 2534 dicit:

1198 2529 1202 2570 l
1278 2570 1292 2575 -
1310 2568 1327 2575 ·-
1344 2570 1358 2574 -
1383 2564 1398 2583 e
1419 2554 1561 2584 correim'o
1582 2549 1636 2595 gls⁸
1654 2560 1756 2592 parve
1782 2548 1855 2593 effir
1877 2548 1987 2582 tarda.

1835 2596 1929 2644 quast
