2216 3105
274 229 367 280 545·
559 210 861 254 coMMENT.
892 212 958 254 m
985 209 1211 254 DANTJS
1239 207 1479 251 COMOED.
1699 215 1781 262 546

207 274 389 310 mandavxt
405 294 416 310 ι

207 334 264 361 tur
289 321 523 370 insepultum.
565 319 628 356 Sed
656 319 716 355 iste
743 320 963 356 Turricellus

208 375 248 409 de
275 372 348 409 sero
369 370 570 407 fhumiliter
595 369 734 406 acceffit
769 369 811 405 ad
839 371 965 406 Comi-

208 434 279 460 tem
292 451 302 467 ,
322 424 356 458 8<
377 423 477 458 velut
495 421 637 470 quidam
660 431 822 457 externus
835 448 845 464 ‚
861 434 964 468 quem

208 474 390 522 negotium
427 485 498 508 non
535 481 719 521 tangeret,
762 471 857 506 dixit
898 471 965 507 fine

208 523 385 567 lacrimis,
425 522 493 559 fine
533 522 655 560 dolore
681 523 715 557 δε
744 521 839 571 figno
866 522 965 557 dolo-

208 574 255 611 ris
282 574 424 622 aliquo:
468 577 585 617 Certe,
631 572 792 612 Domine,
834 571 904 618 effer
929 576 969 607 de

208 626 317 660 honore
341 624 462 668 vestro,
503 627 586 672 quod
618 634 738 669 pauper
775 624 830 658 ille
856 623 968 666 occisus

202 675 410 720 sepeliretur,
455 689 493 710 ne
528 675 593 719 estta
631 675 761 709 canibus
806 674 970 708 crudelvter

210 725 436 772 relinquatur:
480 726 585 761 Tunc
630 726 760 760 Comes
800 737 970 769 recogno-

211 774 306 811 scens
333 788 435 818 eum,
461 774 668 823 stupefaZstus
695 774 818 823 dixit;
862 776 970 817 Vade,

211 826 287 872 quia
307 825 467 870 patientia
486 835 542 860 tua
560 824 663 860 vincit
683 826 832 860 duritiem
851 838 969 860 meam.

211 877 259 911 Et
301 875 473 911 continuo
516 875 739 912 Marciuccus
784 875 855 911 ivit
879 899 889 914 ‚
931 873 969 910 &

212 924 360 962 tradidit
387 924 503 962 filium
532 926 746 972 sepulturae.
789 924 890 961 Dicit
917 938 970 960 er-

211 988 283 1025 go:
322 978 354 1010 E
381 977 452 1022 quel
476 980 521 1012 da
546 977 643 1021 Ptja,
681 976 820 1025 supple,
860 974 968 1012 etiam

212 1026 358 1074 rogabat
383 1039 463 1075 me;

263 1076 328 1110 Che
348 1077 383 1120 fe
406 1087 500 1121 parer
525 1078 555 1111 Io
582 1077 662 1112 buon
683 1081 851 1123 Marzucco
869 1077 968 1120 sorte,

213 1125 252 1162 in
280 1136 393 1162 morte
421 1125 489 1162 filii
518 1127 590 1172 ejus
617 1127 740 1163 occifi.
779 1130 826 1163 Et
851 1126 970 1174 loqui-

214 1186 272 1212 tur
312 1176 353 1212 de
380 1176 590 1214 fortitudine
618 1191 697 1214 vera
725 1178 857 1217 animi,
899 1190 971 1211 non

214 1226 397 1276 corporis;
440 1227 522 1275 quia
563 1230 643 1264 vere
685 1228 743 1264 hic
780 1238 877 1276 pater
903 1226 973 1262 fuit

213 1275 316 1312 fortis
342 1278 376 1312 &
405 1278 587 1323 constans,
615 1292 685 1313 non
715 1278 830 1315 minus
866 1290 970 1326 quarn

212 1329 443 1375 Anaxagoras
486 1328 739 1376 PhilosophuS,
789 1329 852 1377 qui
892 1327 971 1364 obi-

212 1385 288 1413 tum
317 1376 385 1412 filii
414 1376 534 1413 animo
562 1379 712 1426 patienti
740 1380 846 1415 tulit.

266 1427 342 1462 Vidi
367 1430 465 1462 Come
491 1428 563 1472 Orso
590 1449 820 1456 ------

212 1477 306 1513 Heic
344 1479 449 1512 Poeta
477 1478 640 1513 nominat
675 1478 784 1514 alium
813 1480 970 1515 nobilem

212 1526 375 1574 spiritum
427 1526 521 1562 inter
565 1537 748 1577 rogantes.
790 1529 854 1566 Iste
896 1529 973 1566 Co-

212 1591 285 1613 mes
314 1576 425 1613 Ursus
462 1576 532 1613 fuit
558 1577 654 1615 filius
691 1579 849 1616 Comitis
878 1583 972 1617 Nea-

213 1628 370 1676 pulionis
412 1629 454 1664 de
499 1629 695 1678 Acerbaja,
744 1630 805 1678 qui
853 1633 973 1668 acerbe

214 1678 283 1714 fuit
323 1678 527 1714 interfess'tus
563 1681 662 1716 velut
699 1680 794 1716 ursus
822 1682 973 1720 traEiatu

216 1727 375 1763 Comitis
404 1728 546 1763 Alberti
574 1729 615 1764 de
642 1729 825 1778 Mangona
852 1732 974 1768 conso—

219 1776 334 1813 brini.
371 1777 445 1823 Qui
475 1776 607 1816 Ursus,
634 1780 718 1826 quia
746 1780 802 1816 vir
828 1783 947 1818 valens
964 1808 974 1822 ‚

219 1827 363 1875 ponitur
389 1842 407 1864 a
437 1829 541 1863 Poeta
582 1828 619 1863 in
664 1831 898 1880 Purgatorio;
940 1834 972 1868 δε

217 1877 281 1913 ille
319 1878 478 1925 proditor
513 1878 646 1914 dicitur
672 1880 737 1915 effe
768 1880 805 1916 in
834 1882 976 1918 Inserno

218 1927 256 1964 in
284 1928 395 1964 Caina
412 1956 421 1965 .
458 1931 505 1964 Et
532 1929 726 1965 nominatis
753 1931 824 1967 istis
851 1933 976 1968 Tulcis

218 1978 261 2014 de
307 1979 433 2024 Italia,
481 1982 586 2015 Poeta
629 1980 758 2018 ultimo
804 1982 979 2018 subneflit

220 2030 404 2075 quemdam
434 2030 590 2066 nobilem
619 2030 782 2078 spiritum
817 2033 859 2069 de
893 2035 978 2069 Gal-

220 2078 268 2113 lia
290 2103 301 2118 ‚
328 2079 472 2127 indigne
499 2080 709 2116 infamatum
738 2083 772 2117 8(
799 2082 953 2120 occisum
971 2111 980 2119 .
1025 2089 1054 2122 E

220 2128 279 2163 Ad
319 2129 418 2176 cujus
455 2131 697 2180 cognitionem
738 2132 839 2169 debes
868 2133 979 2173 scire,

220 2179 314 2225 quod
343 2178 484 2226 spiritus
512 2180 571 2217 iste
598 2180 668 2217 fuit
693 2181 836 2229 quidam
865 2185 980 2219 Galli-

221 2242 280 2264 cus
319 2239 461 2266 vocatus
500 2234 620 2267 Petrus
656 2231 697 2267 de
733 2233 766 2267 la
804 2233 976 2278 Broccia,

221 2278 369 2315 intimus
410 2279 641 2318 Confiliarius
691 2283 725 2317 8<
767 2284 976 2320 Secretarius

224 2329 382 2378 Philippi
413 2333 529 2368 Pulcri
559 2332 663 2381 Regis
692 2334 886 2382 Franciae;
915 2335 976 2382 qui

220 2380 304 2426 quia
349 2382 467 2418 omnia
520 2393 657 2427 poterat
707 2384 796 2431 apud
848 2387 976 2433 Regem

220 2430 340 2470 suum,
377 2431 464 2468 ficut
501 2435 622 2469 Petrus
658 2433 700 2468 de
737 2435 861 2470 Vincis
889 2436 977 2484 apud

219 2481 435 2518 Fridericum
475 2486 520 2519 11.
560 2486 810 2532 Imperatorem
850 2488 978 2522 Roma-

219 2544 371 2573 norum,
417 2533 570 2572 incurrit
615 2535 738 2571 odium
778 2535 978 2573 Curialium

456 270 550 318 quod
587 282 711 318 corpus
748 270 962 317 relinquere·
1003 272 1035 306 A
1077 284 1119 306 ex
1147 268 1308 305 invidia.
1348 269 1396 301 Ec
1435 267 1507 315 ipsa
1550 266 1684 315 Regina
1712 277 1836 301 conce-

1078 321 1133 369 pit
1159 332 1263 367 grave
1290 316 1412 352 odium
1441 326 1562 351 contra
1589 329 1666 351 eum
1684 341 1694 355 ,
1731 326 1836 363 quem

1078 370 1134 406 vir
1161 368 1237 404 suus
1260 377 1397 403 tantum
1423 366 1615 414 diligebat.
1644 365 1751 401 Unde
1772 364 1840 400 fal-

1079 420 1115 457 so
1143 418 1319 455 accusavit
1346 416 1459 466 ipsum
1489 415 1605 464 Regi,
1633 416 1725 463 quod
1753 415 1836 451 scri-

1079 470 1191 520 pserat
1228 468 1289 505 fibi
1316 467 1440 503 literas
1467 479 1650 502 venereas.
1693 467 1838 514 Propter

1079 520 1171 569 quod
1203 523 1276 557 Rex
1306 518 1413 555 nimis
1438 517 1618 556 credulus,
1645 516 1761 552 subito
1783 528 1840 551 ac-

1081 571 1198 608 census
1226 570 1278 606 ira
1305 571 1338 605 &
1367 568 1504 608 furore,
1545 567 1633 603 fecit
1669 567 1840 603 innocen-

1081 632 1153 658 tem
1181 621 1304 670 injuste
1345 619 1523 669 suspendi.
1567 618 1666 654 Sicut
1710 617 1842 667 legitur

1081 673 1122 709 de
1149 675 1284 708 Ottone
1312 670 1553 719 Imperatore,
1580 670 1641 718 qui
1671 668 1757 704 fecit
1782 668 1843 704 de-

1082 723 1229 772 capitari
1258 721 1421 757 Militem
1450 721 1547 757 suum
1575 720 1752 769 optimum
1775 718 1842 756 sal-

1084 774 1116 809 sa
1163 772 1382 809 accusatione
1428 771 1549 808 uxoris
1591 771 1668 808 suae
1686 799 1694 815 ,
1735 783 1841 818 quam

1083 834 1199 860 tamen
1228 823 1340 872 postea
1367 822 1513 858 cremari
1542 821 1649 867 fecit,
1691 821 1842 858 veritate

1083 884 1220 924 aperta.
1251 873 1352 909 Dicit
1378 887 1461 922 ergo
1491 875 1621 921 Poeca;

1133 944 1365 952 ------
1391 938 1406 958 e
1432 923 1456 957 l’
1472 924 1580 959 am'ma
1606 923 1715 968 divisa

1133 976 1202 1011 Dal
1228 986 1314 1018 corpo
1342 975 1400 1019 suo
1422 985 1480 1019 per
1514 974 1616 1016 astio,
1658 988 1675 1008 e
1707 984 1763 1017 per
1789 974 1841 1008 in-

1183 1025 1301 1072 veggia
1316 1039 1338 1067 ‚-

1083 1075 1227 1112 Scilicet
1255 1099 1264 1113 .
1320 1074 1496 1111 violenter
1545 1074 1736 1124 separatam
1787 1073 1842 1111 in—

1085 1126 1208 1165 vidia,

1133 1180 1226 1211 Come
1251 1177 1359 1216 dicea,
1401 1190 1461 1211 non
1485 1187 1541 1221 per
1567 1176 1655 1221 colpa
1681 1176 1843 1219 commisa.

1084 1227 1193 1269 mest,
1231 1240 1301 1262 non
1329 1227 1412 1275 quia
1439 1227 1481 1262 de
1507 1226 1558 1263 rei
1586 1226 1736 1263 veritate
1763 1226 1845 1262 esset

1084 1279 1121 1314 in
1150 1279 1274 1326 culpa,
1303 1278 1399 1326 cujus
1428 1276 1604 1313 accusatus
1633 1276 1769 1313 fuerat.
1796 1279 1846 1312 Et

1084 1328 1199 1376 dicit3
1237 1330 1329 1362 Come
1356 1329 1465 1376 dicea3
1503 1328 1608 1371 idest,
1651 1327 1737 1363 ficut
1772 1326 1845 1373 ipse

1085 1378 1253 1415 referebat
1290 1378 1405 1414 mihi.
1443 1380 1579 1414 Tamen
1621 1377 1768 1415 infamia
1793 1379 1845 1413 la·-

1086 1430 1231 1464 borabat
1257 1439 1379 1464 contra
1407 1442 1485 1464 eum
1510 1430 1636 1478 vulgo,
1664 1428 1726 1464 Sed
1751 1431 1845 1463 Dan-

1085 1488 1157 1518 tes,
1195 1478 1256 1526 qui
1285 1478 1354 1514 fuit
1383 1479 1554 1519 Parifius,
1596 1479 1667 1527 post
1694 1479 1843 1515 exilium

1087 1529 1183 1565 suurn
1206 1556 1216 1573 ‚
1253 1529 1434 1577 explorata
1470 1529 1661 1577 diligenter
1694 1529 1845 1565 veritate

1087 1580 1188 1628 hujus
1216 1579 1288 1623 rei,
1316 1579 1462 1628 dignum
1489 1579 1614 1619 duxit,
1642 1579 1753 1628 ipsum
1784 1593 1846 1627 po-

1088 1644 1168 1666 nere
1196 1629 1329 1665 salvum
1357 1631 1394 1665 in
1426 1630 1657 1678 Purgatorio,
1698 1632 1733 1665 &
1769 1630 1846 1665 red-

1087 1681 1165 1716 dere
1194 1679 1254 1716 fibi
1283 1681 1409 1716 bonam
1438 1680 1566 1717 famam
1584 1708 1595 1725 ,
1632 1680 1717 1716 ficut
1756 1680 1848 1716 fece-

1088 1741 1142 1767 rat
1171 1733 1274 1766 Petro
1302 1731 1343 1766 de
1370 1731 1496 1767 Vineis
1523 1732 1561 1768 in
1598 1731 1760 1767 Inserno.
1801 1733 1848 1766 Et

1089 1781 1171 1829 quia
1201 1783 1306 1816 Poeta
1333 1791 1407 1816 erat
1432 1782 1549 1818 lautus
1576 1781 1708 1826 nimis,
1735 1780 1847 1817 clause

1089 1832 1243 1867 declarat
1270 1830 1302 1866 se
1320 1858 1329 1873 ‚
1358 1830 1498 1866 dicens:

1140 1882 1217 1916 Pier
1240 1884 1279 1915 de
1304 1881 1339 1916 la
1364 1881 1512 1920 Broccia,
1538 1882 1607 1916 dico
1624 1908 1635 1925 ‚
1662 1901 1847 1908 -----

1090 1933 1124 1967 &
1152 1931 1235 1979 quia
1264 1930 1335 1979 ipse
1362 1944 1454 1967 nunc
1481 1931 1647 1968 describit
1678 1934 1849 1980 Purgato-

1091 1982 1182 2018 rium
1196 2009 1205 2026 ‚
1221 1979 1260 2017 &
1277 1981 1395 2018 tendit
1408 1981 1448 2016 ad
1467 1981 1725 2030 poenitentiam
1740 1995 1752 2031 3
1770 1982 1850 2018 ideo

1092 2032 1225 2068 invitat
1261 2031 1370 2080 ipsam
1397 2033 1567 2080 Reginam
1597 2032 1638 2068 ad
1666 2033 1850 2081 poeniten-

1092 2082 1180 2118 tiam
1210 2081 1312 2130 hujus
1340 2083 1474 2131 peccati
1500 2082 1538 2118 in
1567 2083 1664 2125 vita,
1701 2083 1849 2132 dicens3

1143 2153 1329 2160 -----
1355 2134 1390 2167 la
1418 2136 1533 2168 Dorma
1558 2135 1595 2168 di
1621 2136 1805 2172 Brabante,

1093 2183 1198 2227 idest,
1240 2183 1374 2231 Reg÷na
1403 2184 1596 2228 Franciae,
1641 2197 1728 2232 quae
1778 2193 1852 2220 erat

1093 2233 1169 2269 filia
1197 2233 1306 2269 Ducis
1335 2234 1564 2278 Brabantiae,

1145 2305 1416 2311 -------
1443 2286 1495 2331 que*
1520 2285 1717 2332 proveggt'a‚

1094 2334 1256 2376 scilicet,
1303 2344 1343 2370 ut
1388 2335 1643 2383 poenitentiam
1694 2345 1776 2385 agat
1814 2335 1852 2371 in

1094 2384 1226 2421 mundo
1265 2385 1307 2421 de
1343 2395 1457 2421 morte
1484 2385 1708 2431 innocentis,
1749 2399 1853 2435 quem

1095 2435 1182 2471 falso
1210 2434 1385 2472 accusavit
1413 2450 1471 2483 per
1498 2436 1699 2477 invidiam,

1145 2489 1273 2521 Mentre
1298 2487 1315 2519 ὲ
1339 2487 1376 2521 di
1401 2489 1484 2533 qud,
1509 2508 1741 2515 ......

1143 2536 1309 2575 Scilicet,
1334 2536 1373 2574 in
1400 2537 1463 2574 hac
1491 2536 1597 2587 vita;
1648 2570 1649 2573 ,

1766 2590 1804 2624 Si
