2216 3105
393 210 476 251 ²47

334 278 360 297 „
387 267 463 311 pars
501 254 645 303 praefati
683 259 863 308 Episcopii
906 262 1088 298 necessaria

333 330 359 347 ,‚
387 303 500 362 fuiffet
517 331 527 346 ‚
548 307 580 341 8<
602 318 735 350 cetera,
764 313 862 348 velut
881 313 1012 348 ibidem
1041 314 1090 348 le—

334 380 359 398 „
386 365 508 413 git-urg
546 358 638 404 quod
666 359 795 409 scripto
822 363 867 398 est
895 377 952 409 per
979 364 1088 398 Adel-
1110 311 1114 448 )

333 430 358 448 ,.,
386 405 470 452 ghxfi
501 408 639 444 Scriba:
684 414 804 447 Datum
844 415 954 448 Pridie
981 417 1089 449 Nonas

333 480 357 498 ‚‚
387 458 554 498 Martias,
603 464 705 495 Anno
755 463 900 503 Vicesimo
949 464 1088 498 Hofabo

331 531 356 549 3,
383 508 586 554 Principatus
629 513 745 545 Domm'
784 514 926 557 Paldvlfi
961 514 1088 560 gloriosi

330 581 355 599 „
382 559 566 598 Principis,
603 561 647 593 (9⁰
681 565 782 596 Anno
822 565 928 596 Tertio
964 565 1088 598 Princi-

329 633 353 649 3,
376 618 472 653 patus
503 610 618 643 Domni
644 612 796 656 Landolfi
821 613 888 657 ejus
908 613 1004 656 filii,
1032 617 1085 649 In-

329 682 353 698 „
380 657 517 691 divione
544 662 810 704 Quartadecima.
854 663 905 710 (a)
931 664 1023 698 Aila
1053 667 1085 698 in

328 732 352 749 ‚‚
380 708 525 742 Civitate
551 712 724 756 Capuana.
763 714 809 746 Et
846 712 883 747 in
911 727 977 761 qua
1013 713 1084 761 ipse

325 781 350 798 „
380 758 539 794 Domnus
570 761 746 798 paldolfus
777 762 940 808 Princeps
961 777 1020 810 per
1038 764 1083 799 li—

325 832 349 849 „
377 816 465 843 teras
494 810 613 845 rubeas
642 812 805 848 roborato
833 809 926 853 erat,
967 816 1001 850 8<
1040 815 1082 849 ab

324 882 348 900 ‚,
377 858 489 894 anulis
518 860 670 907 ipsorum
701 863 903 911 Principum
945 865 985 900 de
1026 864 1081 900 in-

323 933 347 950 „
376 917 431 943 tus
459 907 496 944 &
526 910 609 946 foris
637 912 675 947 in
703 927 779 949 cera
805 914 959 962 sigillato
985 925 1078 951 erat.

322 983 347 1001 „
376 960 450 1005 Ipse
478 960 549 998 alio
580 964 793 1005 Praecepto,
829 965 1009 1012 quomodo
1042 967 1077 1000 in

322 1012 466 1051 „seem
492 1015 593 1046 Arma
631 1015 747 1048 Domni
773 1015 914 1058 Paldolfi
954 1016 1078 1049 Princi—

321 1083 346 1101 „
370 1060 446 1105 pis,
484 1060 530 1099 (ἢν
569 1064 677 1097 Primo
702 1069 804 1099 Anno
843 1066 963 1100 Domni
988 1069 1077 1100 Lan-

321 1135 345 1153 „
372 1109 452 1152 dolft
483 1112 610 1157 gloriost
649 1115 808 1161 Principis
848 1114 946 1159 filius
990 1115 1078 1159 ejus,

320 1185 345 1203 ‚,
373 1161 484 1205 Mense
515 1164 705 1206 januario,
761 1165 873 1199 Prima
926 1166 1079 1200 Inaifflio-

321 1235 345 1253 „
373 1224 430 1249 ne,
481 1211 532 1260 (b)
569 1212 616 1251 (520
652 1218 776 1261 Qiarto
815 1219 917 1250 Anno
960 1218 1080 1251 Domni

321 1286 346 1304 „
373 1261 499 1304 Alfam‘
523 1264 719 1299 venerabilis
743 1267 978 1313 sffi'cbfeptflopt'
1013 1270 1077 1302 Be—

322 1336 346 1354 „
375 1322 571 1348 nevrntanae
597 1329 632 1349 ac
657 1317 843 1362 Sipontinae
878 1318 992 1353 Sedis.
1032 1320 1078 1352 Et

320 1386 345 1405 ‚,
372 1361 444 1409 ipse
481 1362 632 1400 Alfanus
675 1366 969 1415 Archiepifcopus
997 1368 1078 1403 dum

320 1439 345 1457 „
373 1425 428 1448 me
456 1416 692 1450 venerabilem
721 1417 846 1452 Virum
868 1417 904 1451 in
927 1417 1075 1452 sanstam

321 1491 346 1510 ‚‚
378 1463 556 1500 Alifanam
620 1466 806 1502 Ecclesiam
868 1467 1077 1515 Episcopum

321 1541 346 1560 ‚‚
375 1514 655 1555 consecraberat,
677 1517 885 1552 concesserat
907 1517 1018 1558 mihi,
1045 1520 1078 1553 8<

319 1592 344 1611 „
373 1578 435 1611 pro
464 1578 519 1600 me
542 1579 616 1600 mee
636 1567 787 1602 Ecclefie
807 1582 866 1606 ea,
895 1581 981 1615 quae
1002 1569 1078 1604 suae

322 1644 346 1663 9,
375 1614 509 1650 sana-ae
526 1616 695 1652 Ecclesiae
716 1631 774 1664 per
791 1620 975 1666 Praecepta
996 1633 1079 1654 con-

322 1696 345 1715 „
374 1665 459 1700 ceffa
488 1675 585 1702 erant
612 1681 630 1702 a
658 1668 793 1703 cune'iis
831 1668 1077 1716 Principibus,

373 1717 428 1750 vel
451 1716 590 1752 diberfis
614 1718 876 1767 Dignitatibus.
900 1719 984 1754 Idest
1000 1733 1076 1755 om—

318 1799 343 1816 „
372 1765 452 1810 nia,
482 1780 568 1813 quae
595 1767 632 1803 in
661 1769 771 1804 nostra
813 1769 926 1804 saneta
955 1772 1079 1806 Eccle-

320 1849 343 1869 a>
372 1814 439 1856 fia,
476 1818 509 1851 ὃ(
547 1817 584 1852 in
611 1819 683 1866 ejus
726 1819 888 1867 subjectis
916 1820 1076 1856 Ecclefiis

319 1902 344 1919 a,
372 1867 675 1916 qualitercumque
715 1871 833 1905 oblata
860 1879 978 1910 erant,
1019 1873 1075 1906 vel

319 1952 342 1970 5,
371 1930 389 1951 a
417 1917 692 1965 quibuscumque
721 1920 882 1956 deincebs
911 1922 1076 1957 offerren-

320 1749 345 1767 3)

336 2003 342 2018 l

320 2005 344 2071 ἰ)
372 2017 433 2052 stra
472 2020 620 2056 Ecclesia
662 2020 827 2070 poffidere
868 2024 924 2057 vel
952 2022 1076 2058 habere

321 2103 344 2122 ῃ
371 2068 550 2106 videretur
592 2084 651 2119 per
692 2073 869 2119 quaelibet
906 2072 1076 2109 monimi-

319 2154 344 2172 „
372 2132 435 2156 na,
466 2129 538 2155 tam
570 2135 628 2170 per
656 2122 852 2159 offerfiones
889 2123 945 2159 seu
978 2124 1075 2158 hem-

320 2205 344 2222 „
373 2169 510 2216 ptiones
552 2181 656 2218 atque
682 2173 889 2209 donationes
916 2172 954 2209 ἃ
982 2175 1075 2209 obli-

318 2255 343 2273 „
370 2220 529 2274 gationes
578 2222 634 2257 seu
683 2223 975 2260 manifestationes
1019 2225 1074 2259 vel

316 2306 339 2322 ‚3
369 2269 523 2318 judicata
551 2280 655 2319 atque
683 2272 935 2314 definitiones,
964 2274 1018 2309 seu
1040 2277 1073 2310 8<

317 2356 340 2373 ³,
370 2333 429 2367 per
465 2334 720 2370 quamcumque
748 2324 853 2359 aliam
882 2324 1074 2360 rationem.

317 2407 341 2423 η
369 2372 590 2408 concesserat
617 2373 766 2421 denique
801 2374 838 2410 in
867 2374 981 2410 saneta
1008 2378 1075 2411 Ec·

313 2456 335 2473 ⁹,
365 2421 463 2457 cle-fia
491 2423 600 2458 nostra
628 2425 661 2459 8<
691 2434 824 2465 cetera,
863 2427 961 2461 velut
1004 2426 1074 2461 ibi-

313 2508 336 2525 „
364 2472 441 2508 dem
470 2474 627 2523 legitur3
667 2476 759 2523 quod
788 2476 917 2526 scripto
945 2477 991 2512 est
1016 2490 1075 2526 per

311 2590 360 2627 (a)
383 2584 462 2622 idest
484 2586 580 2620 Anno
602 2585 718 2619 Christi
741 2597 810 2627 971.

372 1976 447 2002 tur.
475 1970 521 2003 Et
544 1971 684 2010 omnia,
705 1984 792 2017 quae
817 1971 992 2020 praediffla
1013 1986 1076 2007 no—
1123 1989 1130 1997 x

699 200 1365 296 ANTIQUJT.ffEDJI
1401 201 1583 244 AEVI

1199 289 1220 305 ,‚
1251 260 1420 296 Vizantio
1448 260 1666 296 Subdiacono
1694 261 1727 296 8<
1749 206 1954 297 VinIi-{Jhe-

1170 314 1172 326 ¹
1197 339 1220 356 „
1249 312 1363 351 cario,
1391 311 1555 346 roborato
1584 324 1642 358 per
1670 312 1842 360 Rodegari
1881 313 1952 346 Ar-

1195 389 1218 406 „
1247 362 1474 409 chipresbiter
1500 363 1533 396 8<
1556 362 1696 400 Abbas‚
1724 361 1761 398 &
1783 376 1842 410 per
1861 361 1950 398 alios

1194 439 1217 456 ‚‚
1246 413 1443 448 Sacerdotes
1471 410 1509 447 ἅ
1536 412 1716 451 Clericos,
1743 411 1891 460 sigillata
1909 412 1949 447 in

1195 490 1217 507 ‚,
1246 476 1322 498 cera
1349 463 1390 498 ab
1419 462 1531 498 anulis
1560 462 1704 497 SanEiae
1743 462 1809 498 Dei
1837 462 1948 498 Geni-

1194 541 1217 556 „
1245 513 1344 548 tricis
1372 513 1508 548 Mariae
1544 511 1773 561 figurantibus
1815 512 1852 548 in
1881 526 1950 548 una

1194 591 1215 606 ‚,
1246 572 1340 610 parte
1367 563 1496 611 signum
1525 562 1650 598 Crucis
1678 576 1756 597 cum
1781 564 1815 598 A
1843 563 1877 597 8<
1911 561 1952 596 Ω

1166 652 1167 656 ¹
1193 641 1216 657 „
1244 614 1280 648 in
1309 623 1455 660 utroque
1483 613 1607 649 Crucis
1645 614 1773 652 latere,
1814 612 1947 648 duabus

1165 659 1168 691 2'
1192 691 1214 708 ‚‚
1243 664 1403 699 columbe
1430 663 1636 703 astantibus,
1664 672 1767 710 atque
1793 662 1831 698 in
1858 664 1946 698 alte-

1128 719 1152 751 Β
1164 725 1166 766 ζ

1155 2150 1205 2170 ’ἳῖ

1191 742 1214 758 ‚,
1241 728 1278 749 ra
1319 724 1414 761 parte
1450 726 1577 748 nomen
1631 713 1774 748 SanEtae
1810 712 1946 747 Mariae

1192 792 1213 807 ,‚
1242 765 1279 799 in
1306 766 1418 800 cruce
1446 763 1621 812 &pienum
1651 763 1811 798 affixerat
1839 762 1944 798 robo-

1190 842 1212 859 ‚,
1239 825 1377 862 ratum3
1421 813 1459 850 ὃ(
1499 814 1536 849 in
1578 827 1645 861 qua
1686 813 1757 861 ipse
1793 812 1944 849 Alfanus

1188 892 1211 908 ,‚
1242 864 1534 913 Archiepiscopus
1563 877 1665 900 manu
1695 862 1833 912 propria
1864 862 1943 898 sub-

1176 942 1207 958 r⁷,.
1236 915 1436 962 scripserat,
1471 928 1558 960 quae
1598 915 1730 963 legitur
1765 917 1852 948 Bene
1879 916 1945 948 Va—

1188 992 1209 1009 ,‚
1237 965 1316 999 lete.
1355 963 1428 1010 Ipse
1475 964 1670 1011 privilegio
1714 963 1943 999 continentur

1187 1042 1209 1057 ‚‚
1237 1014 1330 1049 inter
1358 1023 1490 1053 cetera,
1527 1013 1704 1060 quomodo
1740 1012 1812 1060 ipse
1837 1013 1943 1056 Alfa-

1186 1092 1208 1107 ,‚
1237 1078 1294 1098 nus
1315 1064 1574 1110 Arcbiept'scopus
1593 1064 1704 1102 Clero,
1731 1062 1867 1101 Ονιίὶηέ,
1895 1061 1941 1099 &³

1185 1142 1208 1159 ‚,
1235 1115 1327 1149 Plebi
1353 1114 1525 1156 consistenti
1552 1114 1585 1147 in
1612 1113 1739 1156 Alifis,
1776 1112 1942 1158 dilec‘lff—

1185 1193 1208 1209 ‚‚
1236 1166 1295 1199 mis
1313 1164 1402 1209 filiis
1429 1165 1462 1198 in
1484 1164 1616 1199 Domino
1637 1165 1792 1209 salutem,
1822 1172 1941 1211 peten-

1185 1243 1208 1260 ‚,
1236 1216 1331 1251 tibus
1360 1215 1419 1250 fibi
1450 1228 1504 1250 me
1535 1215 1661 1251 Vitum
1702 1213 1941 1249 venerabilem

1185 1294 1208 1309 ,,
1239 1266 1435 1302 Diaconum
1457 1291 1467 1306 ,
1509 1278 1612 1313 quem
1655 1264 1941 1303 consecraberat,

1185 1345 1206 1361 ,‚
1235 1326 1340 1365 atque
1379 1330 1438 1365 per
1478 1315 1582 1362 ipfius
1617 1314 1668 1351 sui
1707 1314 1828 1350 seriem
1857 1327 1942 1349 con-

1183 1395 1207 1411 „
1234 1367 1412 1403 firmantes
1441 1367 1637 1402 decreberat
1663 1365 1845 1401 Alifanam
1872 1365 1940 1399 Ec-

1185 1446 1206 1461 „
1234 1418 1392 1457 cleliam,
1421 1427 1459 1453 ut
1485 1417 1573 1452 olim
1603 1416 1734 1465 semper
1753 1428 1856 1463 quam
1879 1414 1940 1450 ha-

1183 1497 1204 1513 „
1234 1469 1348 1504 bitura
1376 1469 1473 1515 cujus
1512 1466 1662 1514 Episcop
1665 1492 1820 1502 .....
1848 1464 1940 1501 infra

1183 1548 1204 1563 ,‚
1233 1518 1408 1554 amvitum
1429 1517 1708 1564 subsequentium
1731 1516 1856 1550 finium
1877 1528 1936 1562 pe—

1182 1597 1204 1613 „
1232 1568 1331 1604 renni
1361 1569 1432 1615 jure
1460 1567 1528 1602 fine
1555 1565 1834 1601 contradiRione
1861 1564 1936 1600 suc-

1182 1649 1203 1665 „
1232 1619 1469 1666 cefforumque
1496 1617 1636 1652 suorum
1663 1616 1714 1652 ita
1741 1615 1936 1651 inviolabi—

1180 1699 1200 1715 .‚
1229 1671 1311 1706 liter
1337 1670 1558 1704 haberemur.
1586 1668 1639 1701 Ex
1668 1679 1734 1702 una
1763 1674 1858 1712 parte
1894 1664 1936 1700 fi—

1182 1751 1203 1767 ‚‚
1232 1735 1274 1756 ne
1302 1719 1414 1755 fluvio
1442 1719 1622 1756 Albente,
1659 1716 1808 1763 indeque
1837 1715 1937 1751 badit

1181 1800 1204 1817 ‚‚
1233 1772 1270 1807 in
1298 1770 1369 1818 ipsa
1397 1771 1514 1808 Tora,
1541 1766 1579 1802 &
1600 1767 1675 1802 exit
1694 1767 1731 1802 in
1753 1765 1844 1814 ipsos
1865 1767 1934 1801 Ar-

1232 1835 1311 1860 cus,
1332 1821 1412 1856 dein
1434 1817 1684 1865 progrediendo
1705 1817 1856 1865 qualiter
1873 1828 1935 1850 ex-

1232 1871 1388 1907 tenditur
1414 1870 1450 1905 in
1479 1871 1566 1916 iplas
1596 1868 1711 1907 Pilas,
1739 1880 1825 1916 quae
1851 1867 1934 1902 stare

1232 1922 1441 1958 videbantur
1484 1921 1581 1968 juxta
1610 1918 1758 1954 fluvium
1788 1919 1934 1954 Vultur—

1232 1985 1335 2008 num:
1366 1985 1409 2007 ex
1437 1971 1505 2006 alia
1533 1978 1628 2016 parte
1654 1970 1761 2004 latere
1782 1969 1934 2009 montis,

1181 1851 1204 1867 n

1182 1902 1203 1917 3,

1181 1952 1204 1967 ‚v

1181 2002 1204 2070 ³:
1232 2024 1293 2071 qui
1314 2022 1441 2058 Hesere
1463 2022 1613 2058 dicitur,
1638 2020 1813 2055 amvitur:
1836 2019 1935 2055 dein—

1181 2104 1204 2120 „
1233 2075 1273 2110 de
1319 2072 1538 2122 progreditur
1578 2084 1638 2119 per
1686 2070 1790 2105 serras
1831 2070 1934 2118 ipsius

1233 2124 1363 2160 montis
1406 2123 1511 2169 usque
1562 2122 1598 2158 in
1642 2131 1797 2157 montem
1817 2145 1826 2159 ‚
1872 2120 1935 2168 qui

1179 2205 1202 2221 ‚‚
1230 2176 1353 2210 Gallus
1381 2174 1536 2222 dicitur3
1565 2170 1691 2207 dehinc
1719 2185 1778 2219 per
1796 2170 1934 2206 descen-

1178 2255 1201 2271 „
1230 2226 1303 2261 sum
1333 2223 1435 2263 ipsius
1456 2223 1588 2259 montis
1608 2222 1809 2257 extenditur
1830 2221 1935 2269 usque

1178 2305 1202 2321 ‚,
1229 2276 1266 2312 in
1309 2275 1440 2310 fabrica
1481 2273 1714 2310 Murimortui
1739 2297 1750 2312 ,
1791 2271 1830 2307 ὅ(
1874 2285 1934 2320 per

1155 2355 1201 2372 v„
1229 2328 1384 2362 eamdem
1427 2326 1463 2361 in
1502 2324 1612 2360 fluvio
1649 2324 1848 2359 Vulturno:
1887 2334 1931 2356 ex

1180 2406 1202 2422 „
1230 2377 1333 2413 tertia
1362 2386 1457 2423 parte
1499 2374 1640 2411 fluentis
1676 2373 1778 2421 ipsius
1814 2371 1931 2406 flumi-

1179 2456 1203 2472 „
1231 2428 1284 2463 nis
1312 2427 1518 2465 dirimitur,
1545 2425 1671 2461 dehinc
1697 2421 1932 2458 descendendo

1181 2506 1204 2522 n
1233 2492 1292 2527 per
1318 2477 1477 2514 eumdem
1506 2475 1654 2512 fluvium
1682 2472 1865 2528 conjungit
1899 2471 1931 2507 se

1790 2547 1814 2563 υ
1841 2535 1880 2557 111

1177 2587 1225 2626 (ἐ)
1250 2587 1328 2620 Ide-st
1351 2587 1447 2619 Anno
1470 2587 1538 2626 988.
