2216 3105
234 227 313 267 103
534 202 903 248 DISSERTATIO
946 197 1424 243 DECIMASEPTIMA
1436 208 1448 242 .’

1661 209 1741 241 106

166 280 227 303 tem
249 266 428 316 praeamae
453 264 626 304 Ecclesiae,
655 262 780 310 ejusque
806 262 920 297 Rec‘lo-
961 263 995 297 A
1035 273 1070 295 ra
1106 259 1306 304 observetur,
1345 271 1440 292 manu
1471 258 1602 304 propria
1626 259 1800 293 robor-artes

162 319 268 352 ribus.
295 318 391 363 Quod
416 327 452 350 ut
475 315 584 350 verius
607 315 772 353 credatur,
803 312 849 351 ἐφ’
868 313 922 346 di-

161 367 311 414 ligentius
337 366 379 403 ab
405 365 548 402 omnibus
570 377 630 414 per
661 365 775 409 sutura
802 374 918 411 tempo-

703 483 748 548 S

258 623 284 655 S
285 621 392 668 ignum
419 620 538 656 Domni

1004 312 1071 344 {de
1106 311 1202 345 anulo
1238 308 1336 351 nostro
1376 308 1486 353 subter
1520 307 1668 355 insigniri
1704 308 1799 355 juffi-

1034 372 1123 396 mus.

961 614 1148 664 Berengar'it‘
1171 613 1302 663 piiffimt'
1327 614 1547 662 Imperatoria·

1126 769 1244 805 Locus
1271 766 1392 817 sigilli
1418 767 1461 812 ἦε
1489 765 1580 802 cerei
1606 763 1799 814 deperditie

210 875 327 912 Petrus·
360 874 532 921 Episcopus
558 875 602 908 (9⁸
627 871 848 909 Cancellart'us
873 871 918 905 ad
952 869 1051 905 vitem
1076 870 1227 917 Ardingi
1262 868 1411 916 Episcopi
1438 867 1485 907 (T
1510 867 1797 904 Archicancellarii

261 926 426 972 recognovi
452 924 498 963 (ῤ’
519 924 687 972 subscripsi
701 951 711 959 .

213 1027 304 1060 Data
331 1030 372 1060 X.
399 1027 566 1060 Kalendas
584 1026 699 1074 Ᾱηῖἱὶ,
725 1029 826 1060 Anno
854 1023 1038 1058 Dominicae
1064 1023 1298 1058 Incarnationt's
1323 1023 1562 1057 DCCCCXVI.
1590 1020 1710 1056 Domni
1736 1034 1789 1056 ve-

263 1078 296 1109 νὸ
322 1076 511 1122 Berengarii
533 1076 664 1122 piiffimi
691 1076 792 1122 Regis
820 1076 943 1109 XXIX.
970 1074 1099 1120 Imperii
1124 1077 1228 1109 autem
1248 1073 1302 1119 sui
1326 1074 1448 1124 primo,
1475 1071 1651 1108 Indiffione
1678 1072 1734 1106 IV.

211 1176 335 1211 Afflum
362 1177 396 1211 in
423 1176 568 1211 civitate
594 1180 758 1212 Ravenna
783 1177 817 1211 in
845 1175 965 1218 Chrssti
991 1174 1138 1214 nomine,
1160 1174 1321 1218 feliciter.
1347 1177 1474 1209 Amen.

212 1276 344 1312 Omnia
375 1276 755 1324 feresubsequentium
784 1271 939 1325 Regum‘
962 1279 993 1312 B
1030 1275 1124 1324 galia
1163 1276 1293 1311 collata
1333 1274 1467 1310 fuerint
1501 1286 1521 1310 a
1557 1272 1711 1322 Regibus
1751 1274 1787 1308 ὃ(

163 1334 267 1374 atque
295 1329 549 1375 Imperatorum
576 1327 782 1374 Diplomata
807 1330 921 1361 Came-

162 1390 215 1411 rae
243 1390 369 1412 nomen
406 1377 508 1412 nobis
536 1377 724 1416 exhibent,
762 1376 922 1423 illudque

164 1427 286 1463 nostris
313 1428 420 1464 etiam
448 1427 664 1476 temporibus
692 1426 922 1462 constantiffi-

162 1490 220 1512 me
247 1479 437 1515 retinetur.
478 1481 582 1514 Nune
618 1478 709 1514 illud
738 1477 828 1513 mihi
865 1477 921 1512 in-

162 1528 370 1576 quirendum
408 1529 531 1568 restat,
569 1542 612 1564 an
649 1537 783 1577 praeter
809 1532 920 1564 Came-

161 1592 249 1619 rtum,
286 1579 353 1615 five
381 1581 527 1625 Ftfiurm
564 1588 623 1616 aut
650 1580 824 1615 Aerarium
852 1581 920 1614 Re-

163 1629 215 1678 gis
243 1638 302 1665 aut
330 1630 576 1678 Imperatoris,
606 1631 658 1679 jus
678 1634 826 1665 Camerae
853 1629 919 1665 ali-

158 1679 221 1714 vcui
250 1681 351 1715 alteri
378 1682 466 1715 olim
494 1681 530 1716 in
553 1681 680 1716 Italico
702 1684 824 1729 Regno
844 1680 918 1715 fue—

163 1729 233 1768 rit,
270 1738 353 1776 puta
380 1730 583 1776 Episcopis‚
612 1731 791 1769 Ducibus,
821 1733 919 1766 Mar-
945 1750 946 1753 ¹

164 1779 381 1823 chionibus,
420 1780 646 1824 Comifibus,
688 1779 733 1815 iis
768 1793 918 1827 nempe,

163 1831 224 1878 qui
253 1838 337 1865 tunc
367 1830 572 1866 Italicorum
602 1830 805 1878 Principum
835 1831 918 1866 cho-

163 1894 240 1916 rum
284 1880 535 1917 constituebant
559 1908 568 1916 .
613 1880 760 1917 Nemini
803 1890 918 1917 autem

163 1931 392 1967 Eruditorum
428 1932 589 1980 ignotum
618 1932 684 1975 est,
722 1931 919 1980 antiquiffi-

163 1982 231 2017 mis
252 1982 486 2030 temporibus,
515 1983 592 2018 unis
614 1982 767 2031 Regibus
788 1997 825 2018 ac
848 1984 918 2017 Im-

164 2032 378 2080 peratoribus
407 2034 532 2078 Fiscum
558 2033 676 2069 fuisse:
716 2032 770 2068 sed
807 2047 917 2081 quan—

164 2081 209 2117 do
230 2083 372 2131 Regalia
393 2097 431 2119 ac
459 2085 531 2132 jura
553 2083 643 2119 Fisci
665 2083 817 2120 trasferri
839 2098 917 2119 coe-

163 2142 223 2180 pta
251 2133 327 2168 sunt
347 2135 534 2184 largitione
557 2134 759 2182 Principum
780 2134 817 2170 in
840 2135 915 2170 Pri-

163 2192 272 2220 mares
301 2186 441 2232 Regni,
478 2184 545 2221 five
572 2185 847 2228 Ecclefiasticos,
876 2184 916 2219 fi-

162 2247 206 2270 ve
233 2235 450 2274 Saeculares,
487 2244 570 2271 tunc
605 2237 638 2270 &
677 2235 730 2271 isti
767 2235 913 2284 quadam

163 2284 274 2326 specie
316 2284 407 2319 Fisci
450 2285 577 2333 perfrui
619 2296 806 2333 coeperunt
823 2311 832 2325 ,
879 2288 911 2321 8<

162 2339 325 2370 Cameram
363 2334 456 2370 suam
494 2335 701 2381 peculiarem
730 2337 915 2372 constitue-

162 2399 217 2421 re.
246 2385 396 2421 Videtur
423 2385 517 2421 enim
544 2389 692 2421 Gamerae
711 2400 781 2422 vox
810 2387 914 2421 latio—

162 2435 193 2471 ri
231 2434 483 2484 fignificatione
520 2445 635 2483 patere
672 2438 775 2483 quhm
803 2437 913 2481 Fisci.

162 2489 256 2535 Ergo
283 2486 323 2523 ad
353 2486 542 2534 Episcopos
569 2488 602 2521 δε
630 2487 785 2522 Abbates
822 2488 913 2535 quod

162 2538 311 2581 attinet,
339 2550 447 2587 quum
474 2537 511 2573 in
539 2537 630 2586 ipsos
658 2546 713 2573 tot
739 2537 828 2573 olim
848 2539 914 2573 Re-

1030 1326 1220 1374 Auguffis,
1257 1325 1311 1361 nil
1348 1325 1505 1364 mirum,
1542 1324 1565 1359 fi
1603 1323 1791 1359 consueve-

1029 1376 1102 1410 rint
1129 1377 1163 1410 &
1200 1375 1262 1423 ipfi
1298 1379 1482 1414 cameram,
1520 1374 1588 1410 five
1616 1375 1790 1409 Aerarium

1031 1425 1210 1473 proprium
1245 1425 1370 1460 habere
1407 1439 1445 1460 ac
1482 1426 1678 1474 appellare,
1716 1438 1786 1473 quo

1029 1475 1161 1511 reditus
1197 1474 1287 1511 olim
1325 1489 1345 1510 a
1381 1475 1482 1510 Fisco
1520 1476 1631 1524 Regio
1674 1489 1789 1524 perce-

1030 1526 1106 1575 pti,
1143 1539 1182 1562 ac
1219 1527 1351 1561 multae
1379 1525 1421 1561 ab
1449 1539 1491 1561 eo
1519 1535 1618 1561 antea
1646 1526 1787 1562 exaEtae

1028 1577 1292 1612 inferebantur.
1330 1575 1482 1612 Romani
1522 1575 1711 1611 Pontifices
1749 1577 1786 1612 in

1029 1628 1174 1676 primis,
1202 1641 1245 1663 ex
1274 1640 1344 1675 quo
1371 1626 1431 1662 sub
1454 1626 1606 1674 Pipnino
1634 1629 1785 1662 Franco-

1028 1692 1104 1714 rum
1134 1681 1249 1727 Rege,
1276 1679 1310 1712 &
1338 1676 1473 1713 Carolo
1500 1679 1634 1724 Magno
1663 1679 1786 1725 Augu-

1026 1728 1101 1772 st0,
1138 1743 1209 1764 non
1239 1729 1351 1763 solum
1388 1727 1629 1766 Exarchatus‚
1667 1726 1722 1762 sed
1750 1741 1784 1763 e-

1027 1779 1114 1814 tiam
1143 1778 1250 1815 Urbis
1277 1792 1316 1814 ac
1345 1781 1501 1826 Ducatus
1537 1776 1689 1813 Romani
1724 1778 1787 1812 do-

1027 1829 1223 1865 minatione
1243 1829 1365 1865 donati
1384 1828 1484 1872 sunt,
1505 1832 1669 1863 cameram
1690 1827 1784 1864 suam

1025 1879 1178 1917 habuisse
1206 1880 1392 1919 videntur,
1430 1879 1471 1915 ad
1508 1892 1612 1928 quam
1641 1878 1783 1918 census,

1024 1931 1190 1976 tributa,
1232 1945 1270 1967 ac
1309 1930 1498 1979 veEtigalia
1538 1929 1777 1965 deferrentur:

1024 1981 1088 2017 Sed
1116 1982 1153 2017 in
1190 1995 1312 2017 eorum
1349 1981 1588 2017 monumentis
1618 1981 1781 2017 vetustio¹³

1023 2031 1117 2068 ribus
1145 2032 1283 2079 (nimis
1321 2034 1433 2068 multa
1460 2030 1562 2067 nobis
1599 2031 1714 2079 rapuit
1743 2044 1779 2066 e-

1028 2082 1095 2117 dax
1124 2083 1290 2131 tempus)
1320 2084 1455 2118 nullum
1487 2082 1588 2130 hujus
1617 2080 1782 2117 vocabuli

1029 2133 1211 2181 vestigium
1249 2133 1414 2169 haS‘cenus
1457 2132 1595 2174 reneri.
1632 2132 1784 2167 Fortasse

1028 2185 1171 2220 nomine
1214 2185 1358 2226 Vestiarii
1402 2183 1592 2219 pontificia
1633 2181 1784 2218 Camera

1027 2234 1115 2270 olim
1143 2234 1313 2284 defignata
1353 2234 1417 2270 est.
1454 2234 1596 2280 Quiooe
1633 2234 1783 2269 Hadria-

1027 2297 1090 2320 nus
1119 2287 1145 2320 I.
1176 2288 1266 2333 Papa
1290 2287 1396 2320 Anno
1420 2286 1671 2321 DCCLXXII.
1699 2284 1782 2319 Bul-

1025 2336 1096 2369 lam
1125 2336 1338 2371 Farfenfibus
1368 2334 1555 2370 Monachis
1592 2334 1709 2375 dedit,
1747 2347 1781 2369 e·—

1026 2387 1204 2433 vulgatam
1232 2387 1268 2421 in
1297 2386 1479 2422 Chronico
1508 2383 1656 2420 Farfens.
1687 2385 1779 2418 Part.

1025 2436 1066 2470 11.
1103 2436 1213 2472 Tomi
1258 2438 1302 2472 ΙΙ.
1346 2439 1424 2471 Rer.
1467 2435 1701 2472 Italicarum,
1742 2433 1780 2468 in

1024 2499 1091 2532 qua
1128 2485 1304 2526 decernit,
1341 2497 1380 2521 ut
1415 2486 1452 2521 in
1490 2485 1659 2533 posterum
1686 2483 1778 2517 Prio-

1023 2549 1068 2570 res
1097 2537 1242 2579 Vefliarii
1270 2537 1403 2583 sanc'lae
1428 2540 1590 2573 Romanae
1625 2532 1780 2571 Ecclesiae

1633 2580 1731 2627 ,judi-
