2216 3105
241 206 290 233 12

224 206 335 284 Parsis
362 247 580 282 Euticularius
605 245 710 287 testis.

224 298 379 343 Rogerius
404 299 443 331 de
468 298 581 331 Letulo
607 296 710 339 testis.

216 349 381 391 Jobannes
408 348 521 383 Ricius
547 347 650 389 testis.

214 404 285 447 Ego
310 401 464 436 Andreas
489 398 681 433 Scriniarius
705 396 841 433 Sanflae
862 403 930 433 Ro-

266 465 379 486 manae
405 449 582 489 Ecclesiae,
611 450 653 482 &
682 449 767 493 sacri
793 453 928 483 Latera-

269 502 370 544 nenst's
391 502 518 536 Palatii
537 499 690 546 complevi
719 497 765 537 ἔγ
784 499 928 544 absolvi.

218 555 316 588 Haec
371 553 412 588 de
463 550 615 588 Summis
663 549 896 585 Pontificibus
918 577 926 586 .

166 603 384 649 Quibusdam
414 603 521 638 etiam
558 599 742 649 Episcopis
783 598 822 636 &
849 601 927 636 Ab—

167 653 305 689 batibus
342 652 435 689 suam
474 652 572 689 fuisse
609 655 794 689 Cameram,
833 651 926 687 anti—

165 717 233 752 qua
261 714 490 740 monumenta
527 702 700 744 ostendere
740 701 926 737 videntur.
974 701 999 735 B

164 755 195 791 Ii
224 754 413 795 videlicet,
449 755 511 803 qui
539 753 728 801 Regalibus
764 752 926 788 frueban-

164 813 249 846 tur,
278 819 316 842 ac
344 807 527 853 praecipue
559 804 748 840 Comitatu
777 803 925 851 alicujus

165 856 278 892 Urbis
314 856 434 892 donati
472 856 586 895 fuere,
629 855 680 902 jus
717 854 824 890 etiarn
864 854 925 890 ha-

165 907 274 942 buiffe
301 907 440 942 dicendi
469 907 549 942 sunt
575 905 740 954 exigendi
768 905 926 953 veE’ciga-

165 958 214 993 lia
242 967 345 1005 atque
372 958 532 998 tributa,
559 970 666 1004 eaque
694 956 754 992 suo
775 956 924 992 Aerario

165 1007 234 1042 sive
279 1011 469 1047 Gamerae,
530 1007 698 1043 addendi.
758 1007 923 1055 Exempli

166 1057 305 1097 caussa,
350 1067 390 1093 ut
426 1058 471 1093 est
510 1058 599 1104 apud
635 1056 844 1103 Ughellium
886 1055 924 1092 &

165 1108 366 1144 Bordonum
397 1133 406 1148 ‚
451 1108 636 1145 Conradus
678 1109 706 1142 Ι.
751 1107 924 1155 Augustus

166 1161 275 1194 Anno
311 1161 507 1194 MXXVII.
549 1158 723 1205 Episcopo
752 1157 924 1193 Parmensi

165 1222 251 1243 omne
286 1208 338 1249 ius
377 1210 535 1254 publicum
573 1214 615 1243 (9¹
653 1209 805 1242 teloneum
831 1220 925 1256 atque

163 1258 341 1300 dislric7um
367 1259 502 1303 ejusdem
531 1258 648 1297 Urbis,
675 1273 711 1293 ac
735 1259 849 1293 deinde
876 1271 922 1294 to—

163 1320 230 1343 tum
278 1309 475 1354 Parmensem
514 1309 707 1344 comitatum
756 1310 891 1354 conceffit
915 1337 923 1344 .

163 1358 377 1405 Excogitare
405 1369 496 1395 certe
516 1359 622 1398 licet,
651 1367 734 1394 tunc
758 1361 922 1394 Parmen-

164 1409 213 1445 ses
256 1409 429 1445 Praesules
476 1413 640 1444 cameram
690 1408 922 1457 constituisse,

163 1474 234 1508 quo
270 1459 501 1500 inferrentur,
544 1458 783 1508 quaecumque
821 1468 922 1496 antea

163 1510 353 1559 colligebat
379 1510 530 1546 Camera
559 1510 667 1559 Regia
684 1536 693 1550 ,
723 1509 761 1546 &
789 1509 922 1556 Comes

162 1560 292 1598 Laicus
321 1561 426 1596 Urbis
454 1561 579 1597 illius.>
608 1562 643 1597 Si
673 1561 800 1596 mendo
828 1571 922 1597 caret

162 1612 293 1648 Charta
320 1612 441 1655 Jacobi
471 1612 631 1648 Fesulani
652 1612 816 1660 Episcopi
838 1612 922 1648 scri-

162 1673 221 1710 pta
250 1664 358 1696 Anno
385 1665 580 1698 MXXXII.
616 1676 655 1698 ac
692 1663 785 1698 edita
813 1665 920 1699 Tom.

163 1714 227 1748 ΙΙΙ.
257 1711 380 1746 Italiae
421 1715 541 1747 Sacrae
577 1713 619 1747 ab
657 1714 853 1761 Ughellio‚
891 1714 922 1750 is

162 1763 213 1798 ita
241 1761 466 1796 donationem
497 1762 682 1808 quamdam
711 1765 917 1800 concludit:

162 1817 187 1847 S
190 1813 200 1846 i
226 1811 297 1859 quis
322 1823 425 1846 autem
451 1812 546 1857 hujus
572 1813 689 1854 nostrae
715 1815 922 1849 ordinatt'ont's

162 1862 344 1898 temerarius
377 1863 515 1897 violator
553 1864 692 1898 extiterit
711 1889 721 1904 ,
760 1865 851 1910 flia*
886 1866 921 1910 se

160 1912 390 1960 compositurum
416 1913 487 1947 auri
512 1914 623 1961 optimi
648 1914 766 1950 Libras
801 1926 919 1950 centum

161 1963 381 2011 Imperatoriae
407 1966 574 2004 Gamerae,
613 1963 660 2003 (ῥ’
696 1966 813 2008 nostrae
850 1968 917 2002 &a

162 2016 263 2050 Suam
293 2026 430 2062 quoque
456 2014 646 2051 Cameram
680 2016 917 2054 Cafinenfibus

528 186 894 231 DISSERTATIO
945 186 1451 231 DECIMASEPI‘IMA.

968 250 998 283 A

962 1170 993 1205 C

959 1621 992 1654 D

1659 209 1681 233 21
1695 201 1745 237 26

1045 248 1252 282 LXXXIII.
1281 260 1341 294 per
1366 247 1459 294 quod
1487 249 1636 284 Carolus
1663 248 1803 288 Crassus

1046 298 1241 344 Imperator
1268 296 1434 346 Agilulfo
1463 298 1598 333 Abbati
1623 301 1803 343 Bobiensem

1045 349 1237 382 Comitatum
1275 347 1446 396 largitur,
1489 347 1674 396 inquiens:
1717 353 1803 397 Qut}

1043 410 1170 443 cumque
1202 408 1360 434 attentare
1396 397 1657 446 praesumpsert'm
1685 413 1803 437 centum

1043 447 1213 482 Librarum
1238 450 1311 484 auri
1337 450 1439 496 obrizi
1474 461 1652 497 componat,
1691 453 1803 487 medie-

1042 508 1138 532 tatem
1165 502 1314 534 Camerae
1340 500 1477 542 nostrae,
1504 502 1663 548 aliamque
1689 505 1802 537 medie-

1043 559 1139 583 tatem
1165 552 1315 584 Camerae
1340 551 1484 586 Abbatis
1499 579 1507 588 .
1551 551 1615 588 Sed
1652 552 1706 589 uti
1734 554 1803 601 jam

1044 598 1215 647 praefatus
1242 599 1317 637 sum
1345 601 1382 637 in
1411 601 1551 638 Differt.
1579 605 1640 638 Xl.
1669 605 1709 638 de
1734 605 1801 640 ,ΑΙ-

1041 650 1156 689 lodiis,
1194 652 1228 686 &
1264 651 1369 688 fufius
1405 652 1496 688 infra
1537 654 1575 690 in
1622 654 1801 692 Dissertat.

1042 702 1174 736 LXXI.
1200 704 1239 736 de
1265 703 1486 750 Eptscoporum
1509 706 1650 752 potentia
1681 718 1801 741 mone-

1009 722 1012 796 ι
1043 751 1107 789 bo,
1138 753 1307 799 Diploma
1327 754 1501 790 'Lotharii
1523 757 1551 791 Ι.
1577 756 1801 792 Comitatum

1041 802 1249 838 Bobiensem
1275 804 1410 841 Abbati
1430 805 1502 853 ejus
1522 806 1700 843 Coenobii
1719 820 1802 843 con—

1044 852 1199 888 cedentis
1236 854 1358 890 nimiis
1396 856 1497 892 vitiis
1548 857 1709 897 laborat,
1751 857 1802 894 ita

1042 905 1232 952 nunoqajo
1271 906 1429 945 laborare
1453 924 1458 945 ,·
1479 907 1627 944 alterum
1678 909 1801 945 Caroli

1042 952 1177 999 Cra-ssi,
1206 956 1417 997 nunemihi
1445 967 1678 996 memoratum
1696 986 1703 994 .
1734 962 1801 995 Ra-

1043 1004 1306 1047 tionesafferre
1331 1007 1423 1043 nihil
1453 1009 1608 1047 attinet.
1650 1010 1801 1046 Proinde

1041 1053 1212 1095 faCtaibi
1247 1060 1397 1098 Gamerae
1432 1061 1568 1097 mentio
1604 1060 1697 1097 nihil
1727 1075 1801 1097 mo-

1041 1105 1222 1146 menti2--ad
1241 1108 1390 1153 nostram
1410 1110 1648 1157 quaestionem
1667 1112 1800 1148 adfertss

1043 1155 1230 1196 Praestabit
1267 1157 1378 1206 igitur
1418 1161 1616 1208 inquirere,
1648 1176 1696 1198 ‘an
1726 1165 1801 1198 Du—

1041 1219 1121 1250 ces,
1162 1207 1410 1248 Marchiones‚
1448 1212 1482 1245 &
1519 1212 1681 1248 Comites
1709 1213 1798 1248 olim

1039 1257 1112 1304 jure
1140 1259 1308 1294 Camerae
1336 1258 1551 1297 fruerentur.
1593 1265 1677 1298 Non
1714 1263 1795 1299 satis

1038 1306 1163 1342 notum
1181 1307 1260 1355 rest,
1297 1317 1468 1357 quaenam
1505 1311 1564 1348 sub
1593 1314 1798 1362 Langobar-

1038 1355 1092 1391 dis
1127 1359 1163 1391 &
1199 1360 1341 1394 Francis
1380 1361 1534 1410 Regibus
1580 1363 1643 1399 hac
1680 1365 1718 1400 in
1763 1378 1798 1400 re

1037 1406 1250 1442 consuetudo
1300 1409 1406 1446 fuerit
1427 1439 1436 1446 .
1481 1416 1608 1450 Narrat
1653 1415 1797 1464 quidem

1038 1458 1182 1492 Paullus
1208 1459 1423 1496 warnefridi
1450 1463 1533 1499 Lib.
1561 1476 1593 1512 3.
1623 1468 1710 1514 Cap.
1741 1467 1796 1509 16.

1037 1507 1079 1542 de
1106 1507 1492 1558 Gest.³Langobardor.
1533 1516 1687 1553 Authari
1729 1520 1797 1552 Re·-

1036 1571 1114 1606 gem
1143 1558 1294 1594 elefflum
1322 1560 1445 1603 fuisse,
1489 1565 1586 1614 cujus
1614 1566 1737 1602 diebus
1762 1570 1798 1602 ob

1035 1609 1285 1651 restaurationem
1312 1614 1441 1658 Regni,
1481 1618 1606 1656 Duces,
1642 1619 1698 1664 qui
1724 1629 1797 1653 tunc

1035 1670 1125 1694 erant
1136 1685 1151 1699 ‚.
1173 1674 1290 1695 omnem
1308 1663 1563 1708 substantiarum
1584 1668 1715 1712 suarum
1735 1683 1797 1703 me-

1033 1711 1184 1745 dietatem
1210 1714 1387 1758 Regalibus
1415 1715 1520 1756 usibus
1555 1718 1700 1753 tribuunt
1716 1744 1725 1758 ,
1763 1730 1797 1754 ut

1035 1760 1091 1807 effe
1114 1763 1225 1808 poffit‚
1253 1765 1337 1797 unde
1362 1768 1434 1799 Rex
1462 1767 1545 1814 ipse,
1581 1768 1653 1809 five
1689 1768 1743 1817 qui
1769 1771 1797 1804 ei

1035 1812 1257 1852 adhaererent,
1284 1813 1410 1862 ejusque
1435 1818 1585 1865 obfi’quiis
1606 1831 1662 1866 per
1687 1821 1796 1855 diver-

1029 1862 1070 1907 sa
1096 1862 1201 1908 officia
1235 1863 1356 1905 dediti,
1393 1868 1574 1904 alerentur.
1616 1870 1682 1906 Sed
1710 1871 1795 1907 istud

987 1932 993 1937 ι
1035 1914 1210 1962 contigit,
1251 1916 1345 1962 quod
1374 1926 1474 1954 antea
1502 1920 1706 1968 perdecem
1736 1936 1797 1958 an-

161 2063 359 2100 Abbatibus
387 2065 484 2109 fuiffe
511 2066 662 2110 alceste,
690 2066 811 2103 scribit
840 2071 916 2103 An·
955 2071 981 2103 E

162 2112 325 2163 gelusde
353 2116 385 2150 la
405 2113 514 2152 'Nuce
541 2116 577 2151 in
608 2118 777 2161 Notimd
801 2117 915 2154 Chro-

161 2163 266 2200 nino'n
309 2165 489 2202 Casinense
531 2167 663 2203 Leonis
703 2168 889 2205 Marficani
907 2198 914 2206 .

161 2214 224 2251 Sed
249 2214 330 2250 heic
357 2218 516 2253 tenebrae
543 2230 611 2253 non
641 2232 767 2266 paucae
795 2234 915 2256 occur-

159 2275 263 2307 runt,
292 2264 329 2300 &
357 2275 456 2313 caute
484 2269 758 2314 procedendum,
787 2285 829 2307 ne
853 2272 915 2307 du—

161 2316 217 2352 bia
239 2325 298 2351 aut
319 2315 399 2352 fifihz
421 2317 521 2353 nobis
540 2319 790 2356 obtrudantur.
818 2323 914 2358 Mar-

159 2366 298 2415 garinus
335 2367 372 2401 in
410 2368 567 2403 Bullario
595 2369 765 2406 Cafinenfi
807 2374 913 2409 Tom.

160 2430 192 2454 2.
221 2417 369 2453 constit.
394 2431 453 2464 42..
481 2419 514 2453 8<
544 2419 861 2467 Ughellius-Tom.
879 2437 913 2470 4.

159 2469 239 2503 Ital.
264 2470 352 2503 Sacr.
382 2468 417 2503 in
442 2469 603 2518 Episcop.
630 2471 823 2508 Bobienfib.
850 2476 915 2509 Di—

157 2519 276 2567 ploma
297 2518 616 2569 proferuntvdatum
637 2523 747 2559 Anno
763 2525 915 2561 DCCC—

1034 1977 1097 2016 nos
1118 1966 1424 2013 Langobardicum
1452 1972 1612 2019 Regnum
1639 1972 1706 2009 fine
1728 1976 1795 2009 Re-

1035 2027 1076 2062 ge
1103 2014 1236 2055 fuerit,
1263 2018 1297 2051 8<
1325 2019 1532 2068 unusqmsque
1560 2025 1682 2057 Ducum
1702 2024 1795 2068 suam

1033 2065 1209 2101 Civitatem
1236 2068 1563 2109 obtinerem-*veluti
1607 2074 1793 2123 Princeps.

1035 2118 1118 2162 Quo
1146 2115 1424 2168 sane'tempore
1458 2122 1592 2159 tributa
1621 2124 1794 2161 Civitatis

1034 2165 1071 2202 δί
1101 2167 1274 2205 ἀὶίὶτὶἕὶυς
1310 2171 1351 2205 ad
1371 2170 1530 2222 -fingulos
1570 2176 1707 2211 Ducum
1736 2176 1795 2212 de-

1034 2217 1255 2255 ferebantur.
1303 2224 1444 2258 Verum
1473 2224 1558 2272 quid
1573 2233 1578 2248 '·
1597 2226 1682 2274 juris
1723 2228 1794 2275 post

1035 2269 1228 2305 restitutam
1256 2272 1409 2320 ‘Regiam
1434 2274 1645 2324 dignitatem
1681 2277 1793 2313 serva—

1034 2320 1106 2355 rint
1134 2321 1273 2369 antiqui
1303 2325 1418 2359 Duces
1438 2325 1483 2360 in*
1498 2328 1623 2362 Italico
1647 2330 1789 2376 Regno,

1035 2369 1252 2418 perspicuum
1295 2373 1445 2410 minime
1484 2376 1562 2413 est.
1602 2380 1789 2414 ⁴Arramen

1006 2421 1144 2466 vadfert
1189 2425 1411 2472 Margarinus
1448 2428 1555 2463 Tom.
1596 2441 1628 2464 2.
1660 2430 1789 2464 Bullar.

1033 2472 1204 2509 Cafinens.
1232 2488 1328 2511 num.
1358 2481 1390 2513 8.
1421 2478 1588 2521 Diplo'ma
1619 2478 1786 2514 Defidcrii

998 2524 1344 2573 flLangobardoru'm
1385 2528 1512 2577 Regis,
1543 2523 1599 2565 ‘in
1640 2542 1710 2576 quo
1756 2529 1786 2565 is

1653 2580 1737 2614 Mo-
