2216 3105
267 217 319 257 25
595 195 961 239 DJSSERTATJO

203 272 316 296 rantur
343 259 375 292 in
401 256 546 291 Civitate
573 256 743 291 Mutinae.
771 258 818 291 Et
846 255 961 304 profe-

201 311 259 345 δὶο
281 309 316 343 in
339 306 570 342 foeneratoria
604 316 676 341 arte
706 308 829 342 Seculo
853 307 960 342 etiam

201 361 300 394 XIV.
330 371 409 406 prae
447 358 569 392 ceteris
607 358 851 396 excellebant,
879 356 962 392 soli-

202 409 337 456 citique
365 417 462 443 erant
492 408 650 443 Etruriae
672 407 821 448 Populi.
852 408 960 442 Alva-

202 472 259 495 rus
299 459 458 504 Pelagius
495 458 684 506 Episcopus
722 457 884 493 Silvenfis
924 458 961 493 in

203 509 331 544 celebri
369 511 428 544 Tr.
443 509 537 544 &aru
574 509 616 544 de
654 508 801 544 Planfflu
838 509 961 544 Eccle-
988 507 1015 535 ·’

202 559 266 595 fiae
303 560 385 595 Lib.
415 572 443 594 2.
479 557 566 607 Cap.
593 571 627 606 7.
653 558 736 594 haec
764 559 959 595 scribebat.

202 610 419 648 Familiares,
443 610 621 653 secretarii,
650 610 840 656 negotiorum
860 610 960 656 gesto-

201 673 250 695 res
273 661 434 707 praecipui
461 661 632 706 aliquorum
657 661 874 695 Praelatorurn
896 664 960 695 Ec-

203 710 333 750 clesiae,
372 713 559 752 Mercatoyes
589 711 687 755 fiant,
723 712 856 745 maxime
884 714 961 746 Flo-

203 761 321 796 rentini
347 760 393 798 όν
421 762 586 805 senenses,
614 761 657 795 (9‘
682 762 744 796 alii
769 763 807 796 de
826 762 961 807 Tuscia,

203 811 250 851 ψ’
287 812 325 845 de
351 812 428 845 aliis
452 812 643 857 provinciis.
682 814 729 846 Et
762 814 799 847 de
822 813 963 859 pecuniis

203 861 412 902 Ecclest'armn
441 865 564 896 Foenus
589 862 731 897 continue
756 863 859 910 aliqui
878 876 963 898 exer-

203 923 322 951 centes,
360 912 406 950 (3⁹
434 913 592 947 Praelatis
618 912 802 960 quibusdam
837 916 876 948 de
902 928 964 949 cer-

205 971 240 996 ta
265 973 355 1008 parte
382 963 594 1009 respondentes
615 964 735 998 nomine
758 965 884 1010 partis,
911 965 965 998 vel

205 1014 411 1052 mercantiam
452 1014 506 1047 vel
535 1014 692 1058 societatis
733 1015 800 1048 ΘΥ.
841 1017 964 1061 Neque

207 1061 398 1109 religioni,
427 1072 464 1097 ut
492 1063 638 1110 opinor,
676 1072 759 1099 tunc
788 1064 873 1100 istud
901 1065 965 1099 ho-

207 1111 343 1146 minum
386 1126 492 1160 genus
533 1113 595 1149 fibi
641 1113 788 1149 ducebat
830 1118 966 1150 Foenus

207 1175 366 1197 exercere
395 1164 532 1211 palamg
577 1177 688 1210 neque
723 1164 768 1199 iis
806 1165 967 1213 publicae

207 1214 348 1259 Leges,
376 1222 436 1247 aut
464 1213 704 1259 magistratus,
733 1214 967 1261 impedimen-
994 1207 998 1241 Ι

207 1262 239 1297 ti
268 1261 459 1308 quidquam
488 1262 712 1302 adferebant,
740 1264 826 1300 licet
846 1267 969 1301 Eccle-
995 1248 999 1295 Ι

211 1310 277 1347 fiae
305 1325 401 1347 mens
438 1312 506 1347 alia
544 1312 676 1361 semper
702 1313 830 1354 fuerit,
868 1325 972 1362 arque

211 1361 250 1398 in
278 1375 335 1397 eos
359 1375 485 1408 poenas
506 1363 720 1399 decreverit.
751 1365 972 1405 prostabant,

212 1411 379 1459 inquam,
421 1413 458 1448 in
497 1414 650 1449 Urbibus
678 1415 811 1463 publici
841 1419 974 1452 Foene-

212 1472 365 1501 ratores,
393 1464 426 1498 δ(
456 1463 490 1498 in
520 1462 684 1500 Civitate
710 1466 842 1501 Senensi
867 1469 974 1502 Anno

211 1514 526 1549 Mcccxxxix.
557 1515 782 1551 constitutum
811 1516 880 1552 fuit
899 1545 907 1560 ‚
937 1528 975 1553 ut

213 1562 362 1599 habetur
398 1564 434 1599 in
476 1564 625 1612 ejusden-1
657 1566 762 1601 Urbis
791 1566 975 1603 Chronico

215 1615 334 1649 Tomo
364 1617 442 1650 XV.
466 1617 543 1650 Rer.
571 1616 793 1652 Italicarum:
825 1620 889 1652 Che
909 1619 977 1662 nes-

209 1664 293 1709 Juna
317 1666 447 1711 persona
474 1666 506 1699 in
534 1667 651 1706 Siena,
693 1681 709 1701 o
736 1669 787 1702 nel
812 1670 976 1709 Conrado,

212 1713 325 1760 poteffe
350 1715 483 1760 prestare
509 1729 529 1749 a
567 1718 665 1755 Ufura
698 1728 754 1763 per
781 1717 884 1763 neffun
912 1733 977 1752 mo-

217 1764 277 1802 do,
313 1764 347 1807 se
372 1765 476 1809 prima
503 1778 562 1798 non
584 1766 614 1805 si
636 1766 744 1810 faceffe
764 1768 899 1811 scrivere
925 1771 977 1803 nel

217 1812 318 1848 Libro
343 1814 428 1848 detto
458 1814 589 1861 Usurajo
614 1817 651 1850 di
678 1817 860 1858 Bicberna,
887 1834 907 1853 a
934 1821 977 1854 cic>

218 1864 390 1910 deputato.
997 1854 1005 2049 1

1009 1177 1040 1211 C
1052 1174 1054 1178 ,

1012 1633 1045 1666 D

268 1915 451 1959 Quantum
481 1915 669 1953 Usurarum
698 1918 748 1954 eis
774 1919 976 1968 rependere—

216 1972 295 2007 mr,
338 1965 444 2001 etiam
481 1967 617 2008 accipe.
659 1971 780 2015 Quum
823 1970 975 2017 primum

216 2015 401 2064 pecuniam
438 2019 667 2063 mutuabant,
706 2029 866 2056 mutuum
905 2034 973 2056 non

217 2067 308 2101 ultra
335 2065 392 2102 sex
421 2067 550 2103 menses
578 2069 840 2115 perduraturum
879 2081 971 2113 erat,

217 2128 256 2151 ac
293 2129 354 2164 pro
392 2116 538 2154 semestri
575 2118 641 2154 illo
669 2121 851 2167 pecuniam
880 2122 973 2158 acci-

217 2164 315 2213 piens
342 2170 468 2202 Donum
495 2170 720 2206 Foeneratori
749 2171 971 2211 conferebat,
998 2184 1002 2205 ι

219 2216 311 2263 quod
358 2219 624 2265 computabatur
666 2221 703 2255 in
745 2221 854 2258 sorte.
899 2224 972 2258 Post

219 2265 360 2301 exaRos
387 2267 444 2303 sex
473 2269 602 2304 menses
629 2270 652 2305 fi
681 2281 840 2308 mutuum
878 2273 975 2309 debi-

218 2324 276 2351 tor
304 2317 452 2352 minime
472 2318 655 2364 reddebat,
684 2330 767 2358 tunc
789 2334 845 2370 pro
864 2326 976 2359 damno

219 2365 266 2404 ὅ)
294 2366 430 2414 interesse
447 2395 456 2411 ‚
485 2367 668 2406 secundum
697 2372 795 2420 paffla
824 2373 977 2422 persolu-

218 2424 316 2452 turus
344 2427 418 2453 erat
444 2430 574 2465 quatuor
613 2423 754 2458 denarios
786 2435 843 2471 pro
869 2426 975 2471 quali-

219 2469 270 2502 bet
296 2467 383 2502 libra
403 2468 544 2512 singulis
570 2472 741 2513 mensibus,
769 2483 829 2510 aut
857 2474 977 2522 (quod

219 2516 315 2558 idem
341 2517 481 2558 fortaffe
507 2519 607 2571 fuit)
643 2533 775 2570 quatuor
800 2526 980 2573 Imperiales

1016 2084 1043 2117 E

1005 193 1110 242 SEX
1120 193 1422 237 TADECIMA
1438 201 1449 236 .'

998 261 1030 294 A
1069 264 1126 301 pro
1153 252 1296 300 qualibet
1322 253 1406 287 libra
1429 251 1532 299 groffa
1552 251 1693 299 fingam
1720 253 1832 295 mens-

1057 2479 1064 2567 1

1719 203 1774 239 26

1073 303 1154 338 bus:
1181 303 1235 350 qui
1255 303 1356 348 solidi
1384 316 1444 337 non
1471 314 1682 349 computentur
1709 304 1741 337 in
1767 305 1833 347 sor-

1073 365 1120 389 te.
1151 356 1202 388 En
1232 355 1431 401 exemplum
1450 379 1458 387 .
1484 355 1586 388 Anno
1612 356 1833 390 MCCLXJV.

1072 405 1124 439 die
1153 407 1188 439 V.
1215 405 1344 451 Aprilis
1372 403 1520 448 Jacobus
1547 402 1736 438 Fasaninus
1766 405 1835 439 Bo-

1074 454 1269 493 nonienfis.
1298 455 1462 490 Mutinae
1484 453 1682 497 habitator,
1711 464 1835 489 mutuo

1074 505 1208 553 accepit
1235 504 1337 540 libras
1364 509 1437 540 XX.
1455 503 1501 542 Θ*
1520 504 1664 538 denarios
1685 507 1738 538 VI.
1759 517 1837 539 mo-

1075 566 1174 592 netae
1215 555 1448 600 Mutinensis,
1492 553 1716 590 restituendas
1755 568 1838 590 exa-

1075 607 1141 642 &is
1169 606 1226 642 sex
1255 606 1425 642 menfibus
1453 605 1615 654 proxime
1651 605 1838 649 venturis,

1075 668 1246 705 computato
1284 660 1373 691 Dono
1400 657 1434 691 in
1461 656 1512 690 his
1547 656 1580 690 in
1610 655 1693 699 sorte
1728 656 1838 699 secun-

1075 711 1150 742 dimo
1164 708 1299 751 sormam
1317 707 1443 742 statuti
1461 706 1642 740 Communis
1666 708 1808 740 Mutina]
1826 729 1839 741 .

1077 761 1131 794 Ita
1159 759 1218 793 sub
1247 758 1390 793 nomine
1420 757 1506 791 Doni
1533 756 1725 805 palliabant
1746 755 1837 791 Usu-

1077 823 1130 845 ras
1170 808 1227 844 sex
1269 808 1314 844 iis
1366 806 1536 843 menfibus
1581 806 1837 854 rependendas,

1078 860 1190 895 immo
1228 860 1297 908 jam
1335 867 1415 894 ante
1452 858 1667 905 petiolutaS,
1695 857 1728 891 8<
1757 870 1839 892 cum

1079 910 1181 946 sortis
1210 909 1314 945 massa
1341 908 1564 957 conjunfi‘cas.
1591 909 1712 953 Quum
1741 921 1839 955 prae-

1080 961 1208 1009 scripto
1236 970 1393 1008 tempore
1420 959 1450 994 is
1478 959 1519 994 ad
1548 958 1731 1007 pecuniam
1762 957 1839 992 red—

1078 1011 1224 1046 dendam
1253 1010 1390 1059 segnem
1419 1009 1451 1045 se
1488 1009 1687 1058 praeberet,
1724 1021 1759 1043 re
1796 1008 1839 1043 ad

1078 1062 1214 1105 judices
1241 1061 1376 1104 delata,
1413 1060 1596 1096 damnatus
1632 1058 1701 1094 fuit
1737 1061 1839 1094 Anno

1078 1115 1284 1147 MCCLXX.
1325 1113 1376 1145 die
1416 1111 1572 1145 Mercurii
1614 1112 1672 1145 XI.
1712 1119 1839 1143 exeunte

1080 1164 1216 1201 Madia,
1253 1161 1337 1197 idest
1377 1160 1434 1196 die
1463 1162 1559 1196 XXI.
1587 1160 1628 1195 ad
1656 1159 1838 1195 solvendas

1078 1212 1184 1248 libras
1223 1214 1354 1248 XLIV.
1391 1209 1601 1247 Mutinenfis
1642 1210 1838 1258 pecuniae3

1080 1264 1231 1298 Videlicet
1258 1266 1330 1297 XX.
1355 1261 1457 1296 libras
1483 1261 1609 1296 Mutin.
1636 1259 1682 1298 (θ’
1705 1263 1759 1295 VI.
1784 1264 1839 1294 de-

1079 1314 1181 1348 narios
1202 1313 1327 1347 Mutin.
1350 1324 1406 1360 pro
1428 1323 1511 1359 pura
1525 1312 1631 1356 sorte:
1658 1311 1699 1345 (9¹
1717 1313 1839 1347 XXIV.

1078 1364 1178 1397 libras
1206 1364 1331 1398 Mutin.
1356 1375 1411 1409 pro
1437 1363 1589 1409 legitimis
1624 1361 1839 1407 acceffiombus

1078 1413 1185 1447 dic‘t'ae
1204 1413 1321 1457 sortis,
1347 1415 1482 1459 dampno
1502 1413 1544 1445 &⁵
1565 1411 1701 1457 intereffe
1722 1411 1838 1459 ipsius,

1079 1465 1122 1498 ad
1149 1465 1299 1498 rationem
1340 1465 1395 1497 IV.
1430 1463 1627 1497 denariorum
1650 1474 1706 1509 pro
1732 1462 1839 1510 quali-

1079 1517 1128 1550 bet
1146 1515 1249 1552 libra,
1268 1514 1434 1557 fecundicm
1447 1513 1580 1556 formam
1601 1514 1725 1547 statuti
1745 1516 1837 1547 Com—

1079 1565 1182 1600 munis
1209 1565 1391 1606 Mutinae‚·
1418 1562 1463 1601 (73³
1493 1565 1566 1597 XII.
1587 1564 1686 1598 libras
1709 1574 1765 1609 pro
1787 1577 1840 1596 ex-

1076 1615 1177 1662 pensis
1206 1614 1301 1657 fac‘lis
1327 1613 1418 1649 dicJa
1445 1613 1592 1653 occasione
1619 1614 1687 1647 (9¹4¹.
1722 1613 1842 1648 Habe-

1080 1680 1155 1702 mus
1176 1665 1276 1707 heic,
1305 1664 1412 1699 libras
1438 1666 1513 1698 XX.
1535 1664 1567 1698 8:
1594 1663 1753 1698 denarios
1778 1665 1841 1698 VI.

1086 1730 1144 1764 per
1172 1729 1280 1751 annos
1308 1714 1364 1750 sex
1392 1716 1425 1749 8<
1454 1714 1526 1749 dies
1556 1715 1653 1748 XVI.
1676 1712 1844 1748 reddidis-

1084 1767 1116 1803 se
1147 1767 1276 1802 Usurae
1305 1766 1446 1800 nomine
1466 1765 1572 1800 libras
1595 1766 1725 1799 XXIV.
1739 1773 1843 1811 atque

1085 1818 1191 1857 adeo,
1228 1817 1250 1852 fi
1290 1816 1375 1852 bene
1402 1815 1555 1850 rationes
1583 1813 1752 1850 conficere
1780 1828 1844 1849 no·-

1085 1869 1145 1910 vi.
1174 1868 1306 1904 summa
1335 1877 1474 1902 centurn
1503 1866 1671 1900 librarum
1700 1864 1844 1914 fingulis

1085 1919 1184 1955 annis
1213 1918 1368 1963 pariebat
1405 1916 1550 1952 Usuram
1590 1915 1658 1951 five
1695 1929 1845 1964 proven—

1085 1979 1160 2005 tum
1190 1969 1358 2004 librarum
1387 1966 1544 2015 viginti.
1572 1965 1744 2002 Miraris?
1774 1968 1845 2001 De-

1086 2018 1239 2055 testaris?
1278 2021 1330 2054 At
1367 2019 1478 2066 major
1517 2016 1586 2052 tibi
1623 2016 1774 2051 mirandi
1810 2018 1845 2051 δε

1087 2069 1285 2113 exsecrandi
1315 2069 1424 2104 caussa
1451 2067 1540 2106 erit,
1583 2066 1605 2102 fi
1634 2080 1720 2114 quae
1747 2069 1845 2102 Mat-

1088 2121 1207 2156 thaeus
1237 2120 1332 2155 Paris
1360 2119 1397 2154 in
1426 2117 1555 2154 Histor.
1578 2117 1720 2165 Anglic.
1743 2116 1847 2152 refert

1089 2172 1128 2207 ad
1162 2174 1303 2206 Annum
1332 2170 1590 2206 MCCXXXV.
1614 2169 1705 2216 legas
1732 2169 1765 2202 8<
1795 2181 1848 2202 re—

1090 2222 1246 2271 cogites.
1284 2220 1439 2256 Exhibet
1467 2220 1529 2254 ille
1557 2218 1704 2253 formam
1733 2217 1848 2253 Char-

1090 2283 1171 2311 tae,
1199 2286 1258 2321 per
1285 2285 1388 2319 quam
1418 2272 1435 2305 a
1464 2268 1642 2307 Caurfinis
1679 2271 1848 2304 Foenera-

1091 2323 1226 2358 toribus
1265 2322 1514 2370 obligabantur
1549 2333 1590 2355 eo
1627 2329 1784 2367 ternpore
1810 2317 1848 2353 in

1091 2372 1274 2409 Britannia
1303 2372 1495 2407 debitores.
1525 2369 1601 2405 Nifi
1629 2369 1723 2405 enim
1752 2368 1849 2404 debi-

1091 2432 1148 2459 tor
1175 2423 1215 2459 ad
1243 2423 1406 2458 statutum
1437 2420 1626 2457 terminum
1664 2418 1847 2469 pecuniam

1089 2482 1264 2522 acceptam
1294 2472 1472 2515 redderet,
1514 2470 1748 2518 persoluturus
1775 2475 1848 2504 erat

1087 2537 1151 2574 pro
1186 2523 1300 2573 §Isura
1333 2534 1390 2571 por
1417 2522 1563 2570 singulos
1600 2521 1714 2565 menses
1747 2519 1844 2558 duos,

1736 2578 1795 2615 1²⁷⁹
