2216 3105
389 210 472 259 267
669 199 1073 258 ANTLQMT.
1132 196 1368 241 MEDII
1421 198 1602 243 AEVI
1810 208 1891 247 268

383 265 565 306 Urjevertus
617 260 776 295 Diaconos
828 260 872 294 (Υ
913 259 1138 306 Prepofitus

426 310 624 358 subscripsit.

384 362 565 408 Ursevertus
599 361 865 398 fiirchidiactonus·⁴
886 374 982 396 manu
1020 374 1087 396 mea
1113 346 1116 380 l

427 412 615 460 subscripfi.

383 466 454 511 Ego
496 464 652 507 Alfredus
696 463 867 498 Diaconus'
891 476 986 499 manu
1022 477 1088 498 mea

425 514 610 562 subscrofi

384 568 456 612 Ego
482 565 692 608 Lanfrancus.
706 563 866 598 Diaconos
900 577 996 600 manu
1023 579 1089 600 mea

429 614 612 662 subscripfi

384 668 456 713 Ego
480 663 675 701 „Adelbertus
712 664 869 699 Presbiter
903 678 998 701 manu
1024 678 1090 700 mea

430 714 595 762 subscripfi
604 741 613 749 .

386 769 457 814 Ego
491 765 667 812 Teutt'ngus
709 765 848 800 Clericus
888 780 983 801 manu
1023 775 1120 803 meai

430 815 616 862 [κώμη-μβ.

387 870 459 915 Ego
499 867 665 912 Johannes
715 866 910 909 Mutinensis
959 855 1121 909 Ecclefiel

336 919 492 954 presbiter
530 918 582 952 hoc
621 917 859 960 Instrumentum
893 932 929 952 ex
959 918 1092 964 juffione

338 969 447 1004 Donni
474 968 586 1015 Ingom‘
614 967 724 1012 sanHe
762 969 955 1011 Mutinenfis
984 969 1090 1002 Eccle—
1120 988 1122 999 >

331 1020 399 1060 fiae
434 1019 572 1063 Presulis
601 1018 731 1065 scripsi,
777 1019 881 1065 postea
918 1020 1091 1054 roboratum
1120 1053 1122 1056 ,

337 1071 485 1117 complevi
512 1070 555 1103 (Ὺ
580 1069 677 1103 dedi.

338 1170 481 1219 Signum
510 1170 632 1205 Bullae
659 1168 841 1218 pendentis
868 1169 1092 1218 deperditae.

390 1273 510 1318 Atque
547 1269 630 1306 hinc
657 1269 914 1319 intelligimus,
943 1271 1092 1314 Milites,

338 1322 421 1358 idest
442 1321 612 1364 Nobiles,
635 1319 673 1356 &
699 1322 873 1366 Populum,
894 1334 996 1368 quem
1020 1321 1093 1355 Ple-
1120 1315 1121 1320 ¹

338 1375 404 1407 bem
440 1370 607 1420 appellari
644 1370 731 1406 alibi
761 1370 938 1415 vidimus,
976 1370 1093 1406 Muti-

340 1436 402 1459 nae
438 1421 666 1465 convenisse,
704 1433 814 1478 quum
851 1421 892 1456 de
929 1422 1092 1469 gravibus

341 1473 567 1522 Reipublicae
594 1471 746 1519 negotiis
774 1484 825 1506 res
853 1480 947 1514 erat,
978 1471 1093 1506 suurn-
1120 1478 1122 1520 ᾗ

340 1537 406 1572 que
427 1522 627 1558 consensum
639 1500 840 1570 opraebuiffe
866 1499 1015 1569 publicis
1035 1521 1093 1556 de—

340 1572 637 1610 liberationibus:

340 1624 475 1660 indicio
495 1622 628 1671 poffit,
665 1622 819 1670 antiquis
851 1622 957 1657 etiam
991 1624 1030 1657 Se
1016 1636 1093 1657 cu—

339 1675 384 1710 lis
413 1674 558 1723 viguisse
586 1672 759 1721 specimen
787 1672 930 1719 aliquod
963 1673 1093 1720 Reipu-

340 1725 478 1768 blicae,
507 1724 562 1760 seu
590 1726 759 1766 Senatus,
788 1722 855 1757 slve
882 1722 1074 1758 Communi
1080 1744 1093 1748 -

339 1775 422 1811 tatis
447 1774 594 1810 Civium
617 1772 890 1808 Mutinenfium.
918 1775 964 1807 Et
985 1786 1094 1820 quan-

341 1825 528 1873 doquidem
556 1834 657 1860 antea
685 1823 923 1871 prodidimus
945 1824 1094 1871 eju‘mo-
1122 1815 1124 1862 ³,

340 1876 375 1911 di
409 1876 556 1911 Civium
594 1874 888 1910 Univerfitatibus
926 1873 984 1909 sub
1023 1877 1092 1909 Ro-

341 1927 452 1962 manis
488 1939 602 1962 rerum
638 1925 792 1960 dominis
830 1924 906 1960 suos
944 1924 1094 1968 fundos,
1124 1945 1125 1957 η

340 1976 537 2025 reditusque
566 1976 722 2025 proprios
750 1988 820 2010 non
848 1975 1018 2011 defuisse:
1059 1988 1093 2010 a-

339 2028 430 2063 deat.
447 2027 576 2063 Lee’tor
604 2025 888 2062 Differtationem
917 2028 1030 2062 XLV.
1058 2027 1096 2060 de
1124 2059 1126 2068 4

341 2077 471 2124 affumta
496 2093 516 2112 a
535 2077 707 2112 civitatib.
731 2077 833 2111 Italic.
854 2076 1004 2123 Reipulal.
1028 2076 1096 2120 for-
1125 2091 1126 2119 j

342 2143 390 2162 ma
408 2153 415 2166 ‚
447 2128 506 2164 ubi
536 2127 704 2176 produRo
733 2127 937 2174 Diplomate
966 2126 1096 2161 Henri-
1125 2127 1127 2165 ζ

887 2180 978 2211 Bona
1005 2180 1094 2210 Com-
1125 2182 1127 2213 ἶ

341 2178 372 2213 ci
401 2181 427 2213 Ι.
456 2178 679 2226 Imperatoris
706 2177 859 2219 ostendi,

341 2228 483 2263 munalia
510 2230 618 2263 Anno
646 2229 787 2262 MXIV.
826 2226 923 2261 fuisse
962 2228 1096 2273 Populo

341 2281 563 2314 Mantuano.
600 2278 707 2323 Quod
743 2290 781 2311 ca
817 2275 957 2311 Civitas
995 2276 1097 2322 poffi—

342 2330 470 2372 debat,
507 2327 643 2375 opinari
675 2339 746 2362 non
777 2326 956 2361 immerito
985 2327 1097 2374 poss'u-

343 2393 418 2415 mus
456 2392 497 2414 ne
534 2378 571 2413 in
611 2377 756 2424 reliquis
793 2376 935 2424 quidem
974 2377 1097 2412 Italiae

343 2430 497 2465 Urbibus
514 2428 611 2464 fuisse
626 2427 773 2463 defidera
778 2437 871 2463 tum.
890 2428 992 2462 Plura
1010 2427 1097 2462 hanc

343 2481 380 2516 in
407 2493 478 2516 rem
507 2479 608 2515 nobis
642 2479 777 2521 latent,
814 2477 906 2525 quod
934 2476 1098 2525 antiquae

344 2530 546 2567 Civitatum
585 2542 625 2566 ac
660 2528 876 2566 Seculaiium
913 2527 1097 2565 hominum

679 1571 771 1629 quod
813 1572 877 1607 effe
914 1585 983 1606 non
1022 1571 1123 1606 leviv

1167 258 1347 294 =Chartae
1383 259 1566 307 pleraeque
1595 267 1792 309 temporum
1823 262 1951 311 injuria

1196 308 1329 345 excisae
1349 309 1436 354 sint,
1461 310 1585 346 illaesis
1609 312 1855 348 tantummodo
1879 327 1951 349 non

1167 359 1314 408 ³paucis
1355 338 1584 396 Ecclefiarum
1625 363 1890 408 monumentis,
1933 377 1951 400 e

1197 410 1322 457 quibus
1346 424 1416 447 non
1441 411 1490 447 sat
1518 411 1607 447 lucis
1634 412 1801 448 redundat
1826 414 1878 449 ad
1895 414 1950 450 in-

1197 461 1315 497 stituta
1349 475 1387 496 ac
1423 475 1536 498 mores
1560 471 1718 498 veterum
1747 466 1950 501 Seculorum

1197 512 1323 548 intime
1348 512 1616 561 dignoscendos.
1639 513 1724 549 Veri
1748 526 1887 563 quoque
1912 515 1951 551 sl-

1199 563 1283 598 mile
1310 562 1375 606 est,
1404 565 1592 599 nonnullos
1618 577 1637 599 e
1663 564 1859 600 minoribus
1886 568 1954 602 Ur-

1170 638 1171 642 =
1200 613 1297 648 bium
1332 614 1593 662 Magistratibus
1636 625 1770 661 praeter
1804 616 1953 651 Scabinos

1200 674 1300 699 antea
1342 674 1580 709 memoratos,
1620 664 1747 713 Populi
1789 666 1952 715 suffragio

1118 723 1119 729 ¹
1171 739 1173 766 i
1200 713 1296 749 fuisse
1321 715 1469 751 εῙεξὶοε.
1497 692 1589 751 Nari1
1615 715 1668 750 uti
1693 716 1828 750 Comites
1854 716 1954 752 suum

1117 761 1120 816 ζ
1171 770 1173 778 “
1201 764 1262 800 fibi
1291 766 1499 800 Vicecomitem
1525 765 1740 810 statuebant,
1776 766 1834 802 cui
1862 768 1954 802 mul-

1118 817 1120 824 ⁴
1172 835 1174 870 s
1202 825 1276 850 tum
1304 825 1377 851 erat
1404 816 1646 856 auEloritatis,
1675 816 1726 852 ita
1754 817 1788 852 &
1818 818 1955 866 Populo

1172 873 1174 911 ξ
1201 865 1298 901 fuisse
1330 866 1381 913 jus
1417 866 1569 915 eligendi
1598 866 1762 914 quosdam
1799 881 1842 904 ex
1872 868 1954 904 Rei-

1202 915 1361 961 publicae
1388 917 1650 964 Magistratibus
1680 918 1818 965 opinari
1848 917 1955 954 licet.

1202 965 1393 1013 Ughellius
1413 978 1551 1012 quoque
1571 969 1691 1002 Tomo
1710 981 1745 1014 4.
1765 968 1845 1004 Ital.
1863 971 1956 1004 Sacr.

1173 1036 1175 1062 !
1201 1014 1237 1049 in
1267 1014 1428 1063 Episcop.
1456 1014 1717 1052 Cremonensib.
1745 1018 1863 1052 literas
1897 1018 1956 1053 ad-

1173 1066 1175 1076 '
1201 1064 1268 1100 fert
1295 1067 1337 1100 ab
1365 1066 1522 1100 Henrico
1550 1067 1595 1102 11.
1624 1066 1780 1113 Augusto
1817 1068 1957 1104 circiter

1173 1149 1175 1162 ,
1201 1118 1347 1151 Annum
1371 1118 1584 1152 MXLVIII.
1610 1118 1715 1151 cunHo
1738 1119 1857 1164 Populo
1881 1122 1956 1153 Cre-

1201 1167 1334 1207 monensi
1363 1166 1524 1215 scriptas.
1561 1169 1608 1202 Et
1638 1167 1715 1203 sane
1744 1168 1816 1216 ejus
1845 1168 1957 1205 Urbis

1173 1219 1354 1265 ‘Populus
1391 1228 1471 1253 ante
1507 1218 1656 1266 ejusdem
1699 1218 1848 1254 Henrici
1888 1222 1955 1255 Re-

1200 1281 1306 1313 gnum
1326 1296 1334 1311 ‚
1370 1269 1403 1303 8<
1434 1268 1576 1303 vivente
1613 1268 1724 1304 adhuc
1757 1269 1829 1317 ejus
1861 1279 1956 1318 patre

1200 1318 1367 1353 Conrado
1397 1321 1421 1354 Ῐ.
1452 1318 1639 1367 Augusto,
1677 1319 1789 1354 immo
1825 1322 1858 1354 &
1897 1319 1956 1355 sub

1200 1369 1412 1404 HenricoI.
1442 1371 1678 1414 Imperatore,
1708 1369 1957 1418 Landulphum

1198 1419 1409 1466 Epilcopum
1451 1423 1574 1463 suum,
1619 1433 1758 1455 munere
1799 1419 1958 1456 Comitis

1198 1468 1397 1504 Cxemonae
1434 1468 1659 1517 fungentem,
1697 1470 1750 1505 sed
1781 1470 1957 1518 superbiae

1199 1517 1330 1553 facibus
1367 1518 1572 1562 incenfflm,
1609 1520 1646 1553 d
1633 1520 1824 1576 ejece-iant,
1861 1521 1956 1554 Civi-

1173 1609 1174 1623 Ὶ
1199 1579 1293 1603 tatem
1321 1579 1454 1603 veterem
1481 1584 1500 1603 a
1527 1569 1641 1612 funda
1633 1583 1697 1602 inne
1681 1570 1744 1602 ntis
1771 1571 1957 1614 obruerant,

1201 1619 1246 1657 df
1267 1619 1366 1653 aliam
1393 1619 1539 1663 majorem
1567 1632 1672 1653 contra
1700 1620 1876 1665 Imperialis
1903 1621 1957 1654 ho-

1201 1670 1283 1703 noris
1313 1669 1432 1711 statum
1468 1668 1694 1713 aedificarunt,
1734 1679 1769 1702 ut
1797 1670 1856 1715 ipsi
1881 1674 1957 1704 ‘Au-

1197 1719 1286 1766 gusto
1314 1719 1498 1761 resisterent.
1537 1721 1636 1763 Quae
1673 1718 1792 1754 omnia
1822 1722 1959 1755 Conra-

1201 1772 1262 1804 dus
1290 1771 1315 1804 Ι.
1343 1768 1494 1804 recenset
1522 1769 1558 1803 in
1589 1769 1793 1816 Diplomate
1823 1783 1880 1818 per
1908 1772 1958 1805 U-

1176 1843 1178 1871 3
1202 1820 1373 1868 ghelliurn
1418 1833 1527 1867 nuper
1568 1830 1798 1854 memoratum
1838 1820 1934 1855 edito
1951 1847 1960 1856 .

1176 1878 1178 1887 ¹
1204 1875 1323 1918 Atque
1349 1869 1426 1905 heic
1446 1871 1530 1904 nolo
1559 1870 1647 1904 mihi
1670 1871 1826 1905 elabatur
1846 1884 1864 1906 e
1888 1884 1961 1906 ma—

1204 1921 1305 1956 nibus
1349 1921 1515 1967 Diploma
1552 1920 1673 1955 Caroli
1714 1919 1858 1963 Craffi
1895 1925 1961 1956 Ρι-

1201 1972 1293 2018 piae,
1321 1974 1422 2005 Anno
1448 1970 1489 2005 al
1516 1970 1733 2005 Imm-natione
1763 1971 1893 2005 Domini
1919 1976 1963 2005 O-

1205 2027 1230 2055 Ω
1227 2020 1437 2079 ingentcsmo
1460 2026 1486 2054 Ο
1498 2020 1667 2067 Iogefimo
1696 2024 1767 2056 XII.
1797 2023 1963 2056 Kzlendas

1205 2074 1303 2119 ,Αρικῑι
1295 2073 1365 2111 ‘is,
1410 2073 1498 2106 Indi
1495 2071 1587 2105 fione
1627 2074 1718 2107 XIII.
1762 2071 1928 2119 scriptum
1951 2086 1960 2107 :

1206 2136 1276 2170 quo
1303 2122 1395 2157 idem
1423 2124 1495 2157 Rex
1519 2123 1727 2157 Ge1maniae
1754 2135 1790 2157 ac
1818 2123 1962 2161 Italiae,

1179 2173 1317 2224 >postea
1356 2174 1573 2219 Imperator,
1612 2173 1685 2219 jura
1721 2172 1841 2208 omnia
1872 2176 1963 2208 Am—

1209 2223 1363 2258 brofiano
1391 2222 1645 2258 Mediolanensi
1666 2223 1851 2258 Coenobio
1879 2237 1962 2258 con-

1209 2273 1345 2313 firmat,
1371 2283 1474 2320 atque
1498 2273 1568 2309 alia
1594 2273 1711 2308 addit.
1738 2274 1893 2309 Protulit
1919 2274 1964 2308 il-

1208 2324 1266 2359 lud
1299 2323 1506 2359 Puricellius
1543 2324 1579 2359 in
1617 2322 1964 2359 Monument.ssas1-

1208 2375 1266 2410 lic.
1297 2378 1365 2409 Am
1373 2374 1515 2410 brofian.
1547 2387 1641 2410 num.
1675 2386 1755 2421 131.
1791 2374 1854 2409 Sed
1891 2372 1962 2408 fru-

1209 2425 1270 2460 stra
1299 2425 1389 2460 illud
1429 2424 1599 2473 pertinere
1625 2424 1791 2471 opinatur
1816 2422 1857 2458 ad
1885 2423 1963 2457 An-

1210 2489 1291 2510 num
1318 2475 1445 2511 Christi
1475 2472 1856 2511 DCCCLxxxr.1bi
1881 2472 1964 2507 haec

1169 2559 1179 2566 ,
1210 2526 1311 2562 habet
1343 2524 1509 2562 Crassus:
1548 2526 1668 2560 Nullus
1692 2525 1811 2570 scilicet
1837 2522 1966 2568 Episco-

1796 2590 1799 2592 ·
1831 2583 1891 2621 pus
1905 2597 1915 2612 ‚
