2216 3105
250 196 302 233 29
579 173 944 218 DJSSERTATJO

188 236 238 270 dit
263 242 344 273 dans
362 239 390 271 le
409 238 503 270 me'me
527 234 613 278 sens.
642 238 844 280 Du-Cange.
876 232 944 267 As-

189 288 307 324 sentiri
345 300 414 321 non
456 286 608 333 possum.
655 283 800 320 Diversa
844 284 943 331 plane

187 338 265 373 sunt
295 340 472 378 Imprestare
499 338 531 370 δε
554 339 765 382 Improntare,
793 345 867 369 tum
890 347 944 368 ra-

186 387 284 423 tione
313 387 516 431 literarum,
554 395 628 421 tum
666 384 944 434 significatione.

187 437 279 472 Illud
308 438 402 472 enim
443 439 540 480 dare,
581 436 646 471 hoc
682 436 815 482 accipere
851 433 944 470 indi-

189 496 264 524 cat.
305 490 397 523 Nata
427 488 564 522 videtur
591 500 662 522 vox
691 489 885 533 Emprtmter
910 486 944 519 8<

188 541 405 584 Improntare’,
446 551 488 573 ex
517 538 549 571 in
582 547 729 583 promtu,
771 535 853 571 idest
882 545 946 568 tro-

187 602 249 623 var
272 600 401 634 pronto,
439 588 570 622 rice-uere
593 598 808 634 prontamente
835 586 860 619 il
883 587 946 619 ‘da-

188 651 287 672 naro:
315 640 443 686 quippe
470 638 507 673 in
534 637 689 673 foenebri
717 636 860 672 officina
889 649 946 684 pe-

189 688 368 732 tentibus,
392 690 426 723 8<
447 687 644 723 cautionem
667 687 828 723 idoneam
851 699 947 734 prae-

191 739 374 781 bentibus,
397 748 513 786 parata
536 738 666 780 semper
687 737 832 786 pecunia
853 745 946 771 erat.

190 787 358 824 Ceterum
389 789 422 822 in
455 799 565 836 promo
592 801 671 823 cum
699 789 879 835 Imprestare
910 785 949 820 s1-

192 838 434 874 militudinem
472 839 673 887 quampiam
711 838 824 887 gerit:
869 849 949 872 nam

189 892 288 936 presio
315 888 483 933 significat
511 889 617 924 etiam
654 893 797 932 Promo,
832 892 951 934 Appa-

193 940 359 973 recchiato.
396 942 440 974 Et
468 939 608 988 quidem
638 953 680 975 ex
710 939 834 974 Italica
861 938 951 974 Lin-

193 1002 257 1036 gua
285 989 419 1024 excidit
448 989 666 1037 peregrinum
693 989 782 1024 illud
812 992 952 1035 Impron-

193 1050 260 1072 tare
287 1041 328 1074 ad
356 1039 616 1085 fignificandum
645 1041 799 1073 Prendere
828 1040 863 1072 in
879 1050 950 1085 pre-

188 1089 284 1131 stito,
312 1089 456 1135 Pigliare
482 1091 525 1124 ad
551 1090 663 1133 usura.
700 1089 762 1124 Sed
792 1089 951 1137 perdurat

195 1141 387 1184 Improntare
415 1152 476 1186 pro
497 1139 674 1185 Effigiare‚
703 1139 792 1174 unde
813 1142 951 1185 Impren-
977 1136 981 1170 ἰ

194 1198 250 1227 ta,
278 1190 455 1234 Impronta.
484 1191 642 1235 Imprema
669 1203 808 1237 quoque
833 1191 865 1224 ὅ(
890 1192 952 1223 Im-

192 1249 337 1284 prentare
364 1239 381 1271 a
404 1239 540 1280 Dante,
569 1238 714 1285 aliisque
735 1239 890 1285 antiquis
914 1253 952 1274 u-

195 1287 370 1335 surpatum
399 1287 490 1330 fuit,
519 1300 614 1322 more
641 1288 809 1323 videlicet
830 1290 954 1323 Gallo-

194 1350 293 1380 rum,
321 1337 447 1384 quibus
475 1337 520 1372 est
541 1339 743 1383 Empreinte.
778 1341 859 1374 Non
884 1339 952 1373 alia

194 1387 295 1436 origo
324 1387 403 1422 voci
431 1387 529 1423 fuisse
559 1387 721 1428 videtur,
749 1390 854 1436 quam
883 1391 953 1424 La-

195 1438 309 1474 tinum
340 1438 485 1484 Imprimo
511 1437 705 1473 foedissime
729 1449 953 1486 corruptum,

195 1487 287 1535 quasi
308 1489 455 1534 Imprimo
478 1488 574 1523 daret
594 1489 773 1535 Impromsi,
802 1492 953 1536 Improm-

194 1548 285 1577 tum,
322 1539 354 1572 8<
397 1551 439 1573 ex
477 1541 514 1573 In
551 1540 585 1574 8<
621 1543 730 1574 Premo
756 1540 953 1588 exsurgeret

194 1588 377 1635 Impwmsi,
405 1591 626 1635 Impremtum.
654 1592 752 1625 Haec
779 1591 914 1626 obiter.

247 1640 288 1673 In
329 1638 587 1675 desuetudinem
638 1641 753 1676 abiere
795 1642 954 1689 publicae

197 1688 290 1724 inter
316 1687 528 1724 Catholicos
555 1693 827 1726 foeneratorum
858 1705 954 1726 men-

197 1737 270 1773 sae.
309 1740 479 1772 Attamen
508 1740 653 1774 alterurn
682 1740 867 1777 hominum
896 1755 954 1788 ge-

196 1801 261 1824 nus
287 1787 355 1822 arti
383 1788 495 1823 eidem
525 1789 743 1825 addistorum
774 1790 952 1831 succeffit,

198 1848 301 1885 atque
327 1851 369 1873 ex
397 1838 441 1873 iis
469 1840 664 1886 complures
693 1840 796 1876 Italia
832 1842 954 1877 multis

198 1888 235 1924 in
264 1888 352 1923 locis
374 1888 458 1923 alit.
477 1891 618 1933 Judaeos
639 1890 830 1939 significare
852 1894 954 1931 volo,

199 1940 240 1974 de
267 1938 392 1986 quibus
419 1939 523 1974 etiam
557 1940 646 1976 mihi
667 1941 711 1976 est
731 1942 865 1989 aliquid
887 1942 955 1977 dis-

198 1989 398 2025 serendum.
432 1992 580 2026 Gentem
603 1990 690 2026 hanc
723 1993 878 2041 antiquis
899 1995 957 2028 Se—

200 2041 289 2075 culis
315 2040 386 2075 late
408 2053 466 2088 per
487 2050 602 2076 totum
625 2044 864 2078 Romanorum
886 2045 957 2078 Im—

200 2089 333 2136 perium
362 2090 398 2125 in
427 2090 573 2126 Oriente
600 2090 637 2127 &
665 2093 859 2129 Occidente
888 2094 957 2129 dif-

200 2138 307 2175 fusam
335 2153 372 2176 ac
411 2152 634 2189 propagatam
674 2143 864 2183 novimus,
907 2145 956 2179 ita

202 2198 241 2224 ut
269 2190 422 2226 Rutilius
451 2192 685 2229 Numatianus
714 2193 857 2229 ineunte
878 2197 957 2230 Sae-

202 2240 282 2274 culo
309 2238 526 2277 Christianae
567 2245 680 2279 Aerae
715 2244 875 2290 QuinEto
917 2245 958 2280 de

202 2303 320 2325 eorum
359 2291 459 2338 copia
495 2305 532 2327 ac
559 2293 692 2329 viribus
731 2309 959 2344 conquerere-

202 2348 282 2380 tur,
310 2339 460 2376 scribens
487 2340 526 2377 in
545 2342 751 2382 Itinetario:

252 2415 370 2452 Latius
386 2417 501 2460 excisae
513 2417 605 2463 pestis
620 2422 766 2468 contagia
781 2422 907 2469 serpunt
923 2449 934 2467 ‚

307 2465 501 2517 VicJoresque
509 2468 583 2514 sums
596 2471 696 2506 Natio
710 2472 800 2508 viHa
810 2474 925 2521 premit
937 2499 947 2509 .

986 170 1092 213 SEX
1104 169 1433 212 TADECIMA.
1710 185 1760 224 30

983 231 1018 265 A
1062 232 1247 276 Propterea
1275 228 1353 264 sunt
1381 228 1422 262 de
1449 226 1493 262 iis
1513 229 1624 275 Leges
1646 240 1713 262 non
1737 239 1819 273 pau-

1063 294 1119 315 cae
1147 281 1184 314 in
1222 289 1370 326 utroque
1411 277 1547 314 Codice
1575 276 1819 312 Theodosiano

1061 333 1093 366 &
1122 330 1354 374 Iustinianeo,
1382 338 1420 363 ut
1449 329 1517 363 alia
1543 340 1660 362 eorum
1684 337 1819 373 tempo—

1061 393 1138 417 rum
1167 389 1394 415 monumenta
1417 388 1647 426 praeteream.
1676 378 1820 420 judaeos

1061 445 1148 467 aevo
1175 430 1236 466 suo
1264 429 1444 466 Bononiae
1472 439 1728 464 commorantes
1749 440 1821 461 me·-

1063 491 1176 517 morat
1205 481 1348 516 San5'ms
1376 478 1581 515 Ambrofius
1608 477 1645 512 in
1675 478 1755 513 Lib.
1780 476 1822 511 de

1065 532 1240 568 exhortat.
1272 530 1414 580 Virgin.
1432 528 1629 565 Mediolani
1661 540 1822 574 quoque,

1062 593 1165 631 atque
1192 582 1228 617 in
1257 581 1338 617 aliis
1365 579 1604 627 compluribus
1645 577 1822 614 Civitati-

1063 635 1122 669 bus
1143 633 1178 668 id
1200 632 1384 668 hominum
1407 644 1513 680 genus
1535 629 1716 665 abundaffe
1739 627 1821 662 scri-

1063 684 1115 719 bit
1136 684 1172 718 in
1194 683 1300 731 Epist.
1326 685 1400 717 XL.
1422 682 1462 716 ad
1484 679 1718 716 Theodosium
1745 680 1822 713 Au-

1062 734 1220 783 gustum.
1263 733 1407 768 Saeculo
1444 732 1527 766 VII.
1555 732 1587 764 8<
1617 729 1822 776 subsequen—

1063 786 1156 820 tibus
1184 797 1254 819 non
1284 796 1409 831 paucos
1437 782 1582 817 illorum
1610 792 1727 828 greges
1754 777 1823 814 Hi-

1063 835 1180 881 spania
1217 834 1415 872 nutriebat‚
1453 831 1632 869 Sardinia,
1673 831 1707 864 8<
1736 829 1821 863 Gal-

1062 886 1134 921 lia.
1171 884 1368 920 Monachus
1406 880 1631 931 Sangallensis
1669 880 1751 916 Lib.
1795 882 1823 914 Ι.

1061 935 1151 984 Cap.
1174 939 1228 972 18.
1255 935 1296 970 de
1316 934 1406 970 Gest.
1433 932 1559 969 Caroli
1587 934 1640 967 M.
1668 943 1823 966 comme—

1064 997 1177 1022 morat
1214 985 1399 1033 quemdam
1441 982 1609 1027 Judaeum
1652 990 1822 1016 mercato—

1063 1051 1156 1076 rem,
1193 1037 1306 1072 eidem
1333 1034 1468 1070 Carolo
1496 1033 1730 1070 familiarem,
1769 1031 1823 1077 qui

1063 1092 1192 1122 Terram
1229 1085 1463 1133 repromiffionis
1496 1084 1625 1130 saepius
1660 1082 1749 1117 adire
1775 1080 1822 1118 (sy

1065 1139 1137 1171 inde
1184 1139 1227 1172 ad
1268 1137 1452 1181 cismarinas
1496 1133 1682 1170 Provincias
1722 1133 1824 1165 multa

1062 1188 1195 1235 pretiosa
1223 1188 1266 1221 Θ·
1294 1185 1453 1232 incognita
1484 1184 1598 1230 solitus
1624 1193 1691 1216 erat
1727 1182 1825 1228 affer-

1065 1252 1115 1274 re.
1145 1240 1260 1272 Immo
1280 1235 1468 1273 Ludovico
1489 1234 1554 1269 Pio
1579 1231 1736 1280 Augusto
1755 1232 1824 1266 im-

1066 1299 1206 1334 perante
1235 1312 1246 1327 ,
1293 1288 1405 1322 multa
1450 1284 1571 1329 Iudaei
1623 1282 1690 1318 ausl
1744 1281 1825 1318 sunt

1066 1338 1258 1386 Lugduni,
1301 1337 1361 1373 ubi
1402 1348 1521 1372 eorum
1559 1334 1681 1382 ingens
1723 1333 1825 1379 copia

1065 1399 1162 1435 erat3
1201 1397 1341 1434 propter
1376 1399 1463 1433 quae
1504 1383 1711 1434 Agobardus
1754 1386 1825 1418 Ar-

1067 1437 1306 1486 chiepiscopus
1334 1437 1483 1472 Librum
1503 1460 1512 1474 ‚
1540 1448 1643 1483 quem
1671 1447 1762 1470 nunc
1789 1447 1825 1469 e-

1068 1490 1249 1535 vulgatum
1279 1487 1467 1526 habemus,
1495 1485 1626 1533 scripsit
1648 1485 1688 1519 ad
1711 1489 1825 1532 Impe-

1068 1548 1217 1575 ratorem
1254 1537 1366 1585 ipsum
1407 1538 1445 1571 de
1487 1536 1651 1580 insolentia
1682 1537 1828 1579 Judaeu-

1069 1603 1155 1624 rum.
1201 1587 1379 1623 Adversus
1416 1585 1551 1622 eosdern
1581 1586 1686 1621 etiam
1716 1584 1828 1619 insur—

1069 1640 1161 1676 rexit
1198 1640 1333 1674 Amulo
1370 1636 1553 1686 Agobardi
1589 1635 1753 1671 succeffor
1790 1634 1829 1669 in

1069 1689 1248 1727 Cathedra
1276 1686 1519 1737 Lugdunensi,
1556 1686 1653 1722 edito
1689 1686 1828 1726 Libro,

1069 1754 1172 1787 quem
1203 1740 1371 1775 Rhabano
1399 1741 1526 1773 Mauro
1565 1739 1686 1772 Petrus
1723 1734 1829 1772 Chif-

1071 1790 1187 1826 fletius
1223 1789 1405 1825 immerito
1451 1787 1599 1823 tribuit.
1646 1787 1676 1821 li
1718 1789 1829 1825 vero,

1070 1855 1177 1889 quum
1220 1841 1257 1875 in
1299 1840 1418 1875 Gallia
1446 1847 1674 1874 mercaturam
1702 1836 1831 1872 studio-

1071 1892 1192 1927 siffime
1219 1890 1392 1929 facerent,
1420 1890 1457 1925 in
1486 1887 1687 1937 Capitulari
1716 1886 1831 1923 Caro-

1071 1943 1097 1978 li
1125 1941 1235 1978 Calvi
1274 1940 1400 1988 Regis,
1438 1940 1535 1975 edito
1573 1951 1632 1986 per
1672 1938 1831 1973 Sirmon-

1071 1993 1152 2028 dum
1180 1993 1213 2027 8<
1243 1990 1449 2030 Baluzium,
1487 1988 1546 2024 ubi
1582 1990 1620 2023 de
1646 1989 1831 2035 Negotiato-

1072 2043 1158 2077 ribus
1186 2042 1322 2090 agitur,
1366 2042 1529 2089 jubentur
1554 2040 1704 2074 decimam
1729 2043 1831 2076 dare,

1071 2092 1116 2131 ὡ*
1146 2092 1362 2140 Negotiatores
1403 2090 1580 2132 Christiani
1618 2089 1830 2123 undecimam.

1071 2143 1215 2187 Judaeos
1244 2156 1383 2190 quoque
1411 2144 1520 2177 Anno
1548 2141 1736 2175 MCCXC.
1757 2141 1831 2175 Lu·-

1072 2194 1178 2230 tetiae
1208 2192 1414 2229 Parisiorum
1444 2191 1579 2227 foenori
1608 2190 1734 2224 dedisse
1772 2203 1830 2237 pe—

1072 2244 1233 2284 cuniam,
1263 2243 1452 2279 memoriae
1480 2240 1636 2290 prodidit
1658 2240 1830 2283 johannes

1072 2295 1253 2331 Villanius
1274 2295 1355 2330 Lib.
1367 2306 1401 2341 7.
1423 2292 1513 2339 Cap.
1535 2303 1615 2338 142,
1637 2290 1830 2326 Historiae.

1073 2348 1197 2391 Neque
1219 2346 1336 2381 minor
1355 2344 1391 2379 in
1414 2343 1597 2378 Britannia
1619 2351 1722 2389 atque
1743 2342 1830 2374 Ger-

1073 2396 1188 2431 mania
1215 2408 1334 2431 eorum
1363 2394 1464 2429 turba
1488 2391 1684 2440 antiquitus
1710 2403 1830 2425 nume-

1071 2447 1234 2495 rabatur3
1276 2447 1309 2481 8<
1347 2458 1417 2492 quo
1455 2453 1612 2491 tempore
1641 2441 1830 2489 flagrarunt

1072 2495 1401 2546 Crucefignatorum
1428 2492 1672 2543 expeditiones
1703 2491 1750 2547 ‘in
1778 2491 1829 2524 0—

1683 2552 1776 2578 nen-
