2216 3105
423 196 501 250 383

727 197 1165 245 BENVENUTI
1204 203 1610 247 IMOLENSIS

1850 208 1931 260 384

361 254 454 297 quod
483 261 555 289 erat
582 253 794 301 impossibile
811 286 820 301 ‚
864 261 955 308 quod
986 263 1119 309 plueret
1147 265 1206 302 1A;
1233 263 1327 299 vidi.
1364 263 1519 300 Asdente
1555 278 1636 313 ergo
1663 262 1757 299 visus
1784 263 1828 299 est
1855 265 1892 299 in
1912 263 1986 299 *ali-

362 301 418 338 die
447 305 537 345 illa„
572 305 710 342 Rustico
747 318 861 344 autem
901 311 1118 359 perseveran-

361 361 414 387 ter
450 354 646 391 affirmante
687 358 820 394 dietum
863 361 981 406 suum,
1024 364 1118 400 dixit

360 404 499 440 Guido:
539 409 698 452 ‚Quomodo
727 410 789 453 scis
825 416 889 444 tu?
927 413 1117 461 Respondit

361 454 542 490 Rusticus:
581 459 656 503 quia
691 460 780 494 hodie
821 462 926 501 asinus
966 478 1049 499 meus
1084 465 1118 499 in

359 505 446 538 exitu
465 506 591 547 stabuli
616 508 765 544 vibravit
791 523 902 557 caput,
944 515 987 547 (9⁶
1021 515 1118 549 erexit

359 568 468 591 aures.
498 559 543 590 Et
569 558 705 603 semper,
733 563 856 606 quando
875 564 916 603 esi
939 564 1052 607 solitus
1072 565 1118 606 fic

353 606 477 648 facere,
518 609 711 652 certiffimum
756 610 797 651 est
832 611 958 657 fignum
978 639 989 653 ‚
1037 617 1118 660 quod

359 666 480 701 tempus
504 657 564 690 cito
591 659 782 695 mutabitur.
824 663 927 698 Tunc
970 665 1117 711 replica-

359 706 414 740 vit
441 706 580 741 Guido:
624 708 726 748 Posito
768 714 848 756 quod
882 713 927 753 sic
946 714 1016 754 sit,
1044 729 1119 761 quo-

359 759 446 790 modo
467 757 527 799 scis
555 768 609 797 tu,
637 761 717 805 quod
745 761 802 802 ista
828 764 943 807 pluvia
970 765 1029 799 erit
1049 779 1116 799 ma-

354 820 442 852 gna.
483 807 587 843 Dixit
633 810 715 845 ille:
750 812 849 857 *Qm'a
888 813 993 854 asiam
1034 830 1118 850 meus

357 857 487 891 auribus
513 858 621 892 ereft‘is
648 861 835 903 transvertit
861 875 973 910 caput,
1002 864 1047 903 ἔφ’
1068 879 1117 900 ro-

360 907 448 942 tavit
471 908 545 954 plus
569 909 678 951 solito.
718 912 865 948 Recessit
893 928 974 962 ergo
1004 916 1118 952 Rusti-

359 971 418 993 cus
446 971 525 993 cum
553 958 697 995 licentia
718 960 877 999 Comitis
897 964 1116 1006 festinanter,

359 1008 489 1044 timens
517 1011 668 1046 multum
698 1012 738 1047 de
778 1014 919 1059 pluvia,
955 1017 1117 1062 quamvis

356 1068 495 1107 ternpus
531 1060 612 1096 effet
653 1063 900 1100 clariffimum.
950 1069 997 1102 Et
1038 1081 1117 1103 ecce

356 1109 429 1158 post
457 1109 600 1155 horam,
638 1114 756 1161 coepit
782 1124 931 1160 tonare,
961 1116 998 1152 ἃ
1026 1117 1117 1153 faRa

357 1160 402 1195 est
439 1174 563 1210 magna
602 1163 719 1198 effusio
747 1178 913 1213 aquarum
942 1168 1033 1215 quali
1063 1168 1116 1204 di-

356 1211 516 1247 luvium.
545 1214 649 1248 Tunc
677 1215 796 1251 Guido
825 1218 943 1265 coepit
967 1220 1117 1254 clamare

357 1275 436 1297 cum
480 1276 606 1312 magna
656 1264 902 1315 indignatione
942 1270 976 1303 8<
1019 1269 1114 1305 risu:

358 1313 440 1358 uQuis
481 1327 527 1348 me
566 1314 717 1355 delufit?
758 1318 827 1363 quis
867 1333 914 1351 me
948 1320 1116 1363 confudit?

355 1366 402 1398 Et
430 1363 499 1399 fuit
526 1363 585 1400 diu
615 1378 779 1413 magnum
803 1367 966 1404 solatium
987 1370 1025 1405 in
1048 1372 1115 1404 Po-

357 1415 462 1462 pulo.
490 1417 536 1450 Et
564 1415 656 1451 hunc
684 1416 850 1453 honorem
880 1419 964 1454 fecit
1001 1420 1115 1455 domi-

357 1478 420 1500 nus
450 1466 567 1513 Agaio
595 1479 722 1515 magno
751 1468 920 1516 Magistro
956 1469 1116 1506 Astrolo-

357 1529 422 1564 go.
453 1516 553 1551 Dicit
581 1530 663 1565 ergo
691 1519 896 1566 Vergilius:

410 1568 486 1600 Vedi
512 1567 618 1601 Guido
644 1570 781 1603 Bonatti
804 1590 991 1598 -----

357 1618 405 1651 Et
447 1616 525 1652 heic
566 1626 671 1659 nota,
711 1619 803 1667 quod
842 1621 980 1656 Antioc
1015 1622 1117 1670 ponit

358 1666 458 1702 istum
487 1667 694 1716 singularem
723 1669 949 1719 Astrologum
978 1672 1088 1708 solum
1107 1698 1116 1712 ‚

358 1718 441 1765 quia
469 1717 536 1753 fuit
564 1721 760 1759 excellens,
796 1721 909 1756 immo
947 1736 1015 1757 non
1056 1723 1118 1758 ha-

359 1768 438 1803 buit
466 1782 582 1815 parem
611 1780 767 1818 tempore
796 1771 880 1807 suo.
910 1771 1016 1807 Unde
1048 1787 1116 1808 non

358 1819 460 1855 debes
488 1832 667 1856 numerare
707 1822 906 1857 Guidonem
945 1824 1038 1858 inter
1064 1823 1118 1859 di—

358 1869 538 1905 vinatores
566 1871 810 1912 mechanicos,
852 1872 938 1910 ficut
974 1874 1117 1921 quidam

360 1921 565 1969 ignoranter
591 1920 767 1962 fecerunt,
808 1923 943 1972 decepti
981 1938 1023 1960 ex
1052 1938 1092 1960 eo
1110 1953 1120 1968 ,

362 1972 455 2019 quod
485 1971 623 2007 Aueior
657 1973 729 2020 post
762 1987 840 2010 eum
878 1974 1039 2010 nominat
1067 1975 1120 2011 di-

361 2022 562 2058 vinatorem
591 2024 798 2072 vulgarem,
826 2025 965 2061 dicens:

414 2094 686 2101 -------
714 2076 794 2109 Vedi
818 2076 986 2120 Asdente.

364 2124 428 2160 Iste
456 2124 524 2159 fuit
551 2124 694 2170 quidam
722 2124 887 2161 Calcifex
915 2127 957 2162 de
979 2129 1123 2166 Parma,

365 2175 426 2222 qui
455 2173 596 2210 dimissa
622 2185 694 2211 arte
732 2175 790 2211 sua⁴
823 2175 921 2212 dedit
947 2178 980 2212 se
1008 2187 1122 2212 totum

365 2224 602 2261 divinationi.
639 2228 686 2261 Et
714 2225 811 2274 saepe
839 2228 949 2262 multa
977 2236 1124 2263 ventura

365 2275 567 2324 praedixit,
595 2289 683 2322 quae
711 2285 856 2311 ventura
884 2288 1005 2321 erant,
1042 2291 1121 2313 cum

364 2340 489 2370 marina
517 2325 701 2361 hominum
730 2326 987 2363 admiratione:
1017 2328 1120 2363 credo

363 2391 429 2426 ego
457 2376 573 2425 potius
602 2389 619 2410 a
646 2385 795 2415 natura,
822 2377 926 2424 quam
955 2391 973 2413 a
1001 2378 1121 2414 litera-

363 2438 464 2466 tura,
490 2439 598 2474 quum
626 2427 707 2462 effer
735 2427 936 2463 Literarum
959 2428 1121 2476 ignarus.

364 2481 457 2514 Nam
496 2476 606 2524 aliqui
645 2476 774 2512 habent
809 2491 827 2512 a
865 2480 985 2517 coelo,
1027 2479 1120 2526 quod

364 2529 429 2565 sint
465 2527 666 2576 Astrologi,
708 2529 827 2576 quales
866 2531 997 2565 multos
1025 2530 1122 2578 saepe

1201 810 1308 1116 ino;
1351 1069 1408 1103 vel
1444 1068 1620 1116 loquendo
1660 1069 1863 1110 moraliter,
1905 1069 1986 1117 quia

1155 1168 1190 1204 C

1232 313 1357 361 quibus
1384 314 1448 350 effe
1490 314 1682 363 Propheta.
1724 314 1831 350 Unde
1867 314 1908 349 de
1944 327 1986 350 eo

1231 364 1324 400 inter
1365 365 1433 400 alia
1470 365 1612 405 audivi,
1654 365 1747 413 quod
1791 365 1986 413 praedixit,

1232 414 1317 450 licet
1343 414 1507 455 obscure,
1543 416 1694 463 qualiter
1722 415 1917 452 Fridericus
1938 418 1984 451 11.

1231 465 1376 501 debebat
1402 465 1512 502 facere
1532 467 1750 506 Civitatem,
1778 480 1866 514 quae
1891 466 1986 502 diffca

1231 515 1277 550 est
1319 516 1501 555 ViEioria,
1538 527 1657 552 contra
1702 519 1882 560 Parmam,
1923 517 1985 552 ubi

1231 565 1341 601 fuerat
1369 567 1560 601 debellatus
1579 594 1588 610 ‚
1631 566 1715 602 ficut
1756 567 1840 602 fecit
1867 568 1908 603 de
1935 567 1985 602 fa-

1231 615 1308 650 ἇὶο.
1338 615 1445 650 Unde
1472 616 1560 650 dicit
1589 617 1744 652 Au&or:

1283 667 1348 699 Che
1388 665 1587 710 aver⁷inteso
1622 669 1656 700 al
1693 666 1777 712 cuojo
1813 667 1860 704 όν
1894 683 1915 703 a
1955 670 1984 703 lo

1326 715 1426 761 Loago

1281 770 1343 800 Ora
1369 765 1518 800 vorrebbe
1544 787 1815 793 -------

1231 815 1317 851 Idest
1357 815 1398 851 de
1436 816 1603 864 praesenti
1645 817 1685 852 ad
1723 816 1885 852 suendum
1915 819 1985 853 cal-

1232 867 1332 908 ceos]
1360 865 1444 902 ficut
1473 867 1567 915 prius
1596 867 1718 903 solitus
1747 877 1819 903 erat
1847 867 1982 904 facere:

1231 919 1277 951 Et
1304 916 1413 952 dicit:

1283 987 1599 994 --------
1624 982 1676 1002 ma
1700 969 1788 1003 tardi
1816 969 1847 1009 fi
1869 980 1985 1016 pente.

1232 1017 1328 1063 Quia
1355 1016 1573 1065 poenitentia
1601 1018 1698 1053 tarda
1739 1018 1784 1053 est
1811 1019 1846 1053 in
1875 1019 1986 1055 Infer-

1232 1118 1334 1160 istos,
1363 1128 1402 1154 ut
1428 1119 1496 1167 jam
1526 1118 1659 1153 di&um
1688 1119 1758 1162 est,
1796 1132 1986 1167 numquam

1233 1168 1412 1217 poenitet,
1449 1169 1511 1204 nisi
1549 1169 1687 1216 quando
1727 1169 1804 1204 sunt
1839 1170 1987 1206 omnino

1232 1219 1433 1259 consumti,
1462 1220 1519 1255 vel
1547 1218 1676 1255 confusi
1692 1247 1703 1265 ,
1742 1219 1856 1255 immo
1882 1234 1959 1256 raro
1975 1247 1984 1265 ,

1230 1271 1289 1306 vel
1315 1283 1505 1317 numquam
1522 1296 1532 1305 .

1363 1323 1424 1356 ,Ad
1450 1324 1545 1356 Cant.
1570 1323 1660 1355 XXI.
1685 1320 1767 1364 Verfi
1789 1331 1846 1365 13.

1282 1372 1346 1405 Chi
1372 1372 1560 1416 terzeruol0‚
1589 1370 1635 1409 ὄψ’
1661 1371 1795 1405 artimon
1823 1369 1985 1418 rintoppa.

1232 1423 1313 1457 Duo
1349 1434 1472 1469 genera
1513 1422 1692 1456 velorum.
1746 1420 1838 1456 Heic
1875 1431 1984 1461 nota,

1232 1471 1382 1510 Legior,
1412 1480 1450 1506 ut
1479 1471 1617 1511 videas.
1645 1481 1815 1519 quantum
1845 1470 1885 1506 fit
1906 1486 1986 1520 pro-

1201 1502 1401 1572 lpriiffima
1437 1520 1654 1569 comparatio
1698 1521 1900 1570 praedi5³ta3
1947 1520 1985 1557 &

1202 1574 1205 1599 ἵ
1233 1571 1431 1607 mirabilem
1460 1571 1671 1619 phantasiam
1700 1572 1895 1614 Αυὲἶοτὶε,
1923 1572 1986 1620 qui

1147 1623 1192 1662 31)
1232 1624 1348 1657 locum
1389 1621 1490 1657 istum
1528 1632 1601 1656 tam
1643 1622 1775 1657 curiose
1802 1622 1986 1662 describit,

1203 1669 1335 1719 {quem
1377 1672 1474 1719 saepe
1514 1681 1698 1707 notaverat
1746 1672 1782 1707 in
1826 1672 1987 1708 Civitate

1203 1713 1207 1773 l
1233 1722 1486 1765 venetiarum,
1529 1723 1563 1756 &
1593 1736 1650 1768 per
1677 1721 1787 1770 ipsum
1817 1722 1918 1758 nobis
1946 1721 1988 1758 fi-

1203 1775 1207 1830 ξ
1233 1773 1401 1822 guraliter
1421 1772 1653 1817 repraesentat
1671 1774 1828 1821 generale
1850 1771 1888 1808 &
1910 1773 1988 1808 uni-

1203 1833 1207 1867 ξ
1236 1823 1367 1858 versele
1395 1822 1523 1858 vitium
1554 1824 1770 1858 Barateriae.
1811 1825 1903 1871 Ergo
1932 1837 1990 1871 per

1203 1871 1207 1920 ξ
1235 1874 1438 1909 Arsenatam
1467 1873 1628 1921 intellige
1663 1887 1803 1908 omnem
1841 1873 1987 1908 Curiam

1203 1924 1303 1965 {sive
1340 1923 1672 1962 Communitatum,
1710 1923 1778 1958 five
1815 1923 1989 1958 Domino-

1203 1969 1207 2008 ἶ
1235 1988 1309 2010 rum
1327 2001 1335 2009 .
1377 1976 1423 2008 Et
1451 1973 1606 2009 maxime
1641 1973 1731 2009 mihi
1769 1974 1907 2008 videtur
1933 1973 1989 2008 vi-

1203 2019 1317 2077 {disse
1353 2024 1531 2073 optimum
1568 2026 1769 2072 exemplum
1804 2024 1842 2059 in
1880 2024 1988 2059 Curia

1163 2073 1208 2116 E}
1238 2078 1369 2124 Papae.

1479 2128 1542 2161 Ad
1570 2127 1652 2171 Vers.
1675 2128 1734 2172 38.

1284 2180 1364 2212 Ecca
1403 2191 1445 2210 un
1480 2177 1518 2210 de
1550 2178 1602 2224 gli
1636 2177 1776 2224 Anzian
1810 2176 1848 2212 di
1886 2179 1988 2211 Sama

1334 2227 1434 2267 Zita,

1235 2277 1322 2314 Idest
1357 2278 1399 2313 de
1435 2277 1674 2323 mantibus,
1715 2278 1777 2327 qui
1819 2284 1988 2313 vocantur

1236 2329 1387 2364 Antiani
1424 2330 1562 2368 Lucae,
1603 2329 1689 2365 ficut
1723 2329 1830 2365 etiam
1871 2328 1988 2361 Bono-

1235 2379 1312 2414 niae
1339 2406 1350 2414 .
1400 2379 1463 2414 Sed
1514 2380 1717 2415 Florentiae
1769 2377 1988 2425 appellantur

1240 2430 1399 2465 Priores.
1425 2431 1472 2464 Et
1499 2430 1588 2465 dicit
1614 2431 1652 2464 di
1668 2434 1771 2464 santa
1787 2429 1886 2469 Zaa,
1908 2426 1991 2474 quia

1235 2479 1320 2515 Cita
1349 2479 1418 2516 fuit
1457 2479 1587 2515 femina
1615 2479 1729 2514 sanIsta
1755 2478 1792 2514 in
1829 2477 1991 2513 Civitate

1235 2532 1405 2575 Lucana,
1442 2543 1529 2577 quae
1565 2529 1688 2565 multis
1724 2528 1850 2564 claruit
1887 2528 1993 2562 mira—

1855 2578 1944 2614 culis
