2216 3105
395 219 475 260 307

665 203 1131 247 BEPvVENUTI
1175 203 1619 247 IMOLENSIS

1804 212 1889 265 308

379 264 440 297 Poi
474 261 519 297 ch‘
531 261 603 298 e'she
632 263 816 310 sospirando
852 264 877 298 it
912 276 984 311 capo
1011 264 1113 309 mos-
1125 266 1158 299 Α
1191 273 1266 307 tos,
1305 265 1386 311 quia
1424 263 1550 300 fecerat
1592 264 1807 302 mentionem
1836 268 1948 304 tolum

425 313 481 357 so:
509 312 581 351 &5-

327 361 422 397 Heic
449 362 587 399 Auctor
611 364 780 405 ostendit,
817 365 995 412 quomodo
1023 368 1087 400 Fa-

329 412 443 448 rinata
480 414 697 451 excusaverit
734 415 765 452 se
794 416 835 451 ab
873 416 931 451 ista
959 415 1086 462 impie-

328 471 422 508 tate,
459 466 493 500 &
531 466 779 502 memoraverit
816 466 910 502 suam
939 466 1086 514 fingula—

327 527 400 550 rem
429 515 595 563 pietatem
624 530 702 564 erga
731 517 899 564 patriam.
938 519 983 551 Et
1012 518 1086 551 bre-

327 565 422 600 viter
447 565 562 608 dicit,
600 567 693 613 quod
732 579 801 601 non
830 566 897 602 fuit
926 567 1016 602 solus
1045 567 1084 602 ad

327 615 578 651 desolationem
609 616 760 664 patriae,
798 616 852 651 sed
891 618 975 652 bene
1019 616 1086 651 fuit

329 665 420 701 solus
447 665 488 700 ad
509 666 606 701 illius
631 665 882 702 defensionem.
910 668 967 702 Ad
990 667 1085 715 cujus

328 716 378 751 rei
416 715 656 764 cognitionem
698 717 743 751 est
784 717 937 752 breviter
976 717 1086 752 scien—

328 766 432 805 dum,
469 766 562 813 quod
606 765 709 802 semel
750 767 925 802 Gibellini
968 769 1085 802 exules

328 816 548 856 florentini,
584 818 617 852 8<
655 816 724 853 sere
765 831 885 853 omnes
922 817 983 853 alii
1021 819 1085 853 Gi—

327 867 452 903 bellini
482 867 690 916 principales
727 868 768 903 de
804 868 958 907 Tuscia,
1003 881 1086 903 con—

329 926 498 953 venerunt
534 918 570 955 in
609 920 712 954 Valle
747 918 847 954 Elsae
883 918 971 967 apud
1013 917 1085 953 Ca-

328 968 459 1003 stellum
477 994 486 1008 ‚
527 968 620 1016 quod
647 968 778 1004 dicitur
805 970 947 1018 Empoli
965 996 974 1010 ,
1003 969 1084 1015 quia

328 1019 500 1054 habebant
539 1029 671 1054 certum
710 1020 898 1055 transsatum
936 1019 973 1055 in
1002 1022 1084 1054 Flo·

327 1071 463 1105 rentia.
505 1072 551 1104 Et
588 1069 741 1105 breviter
776 1070 1082 1112 deliberaverunt,

327 1119 348 1154 si
370 1119 514 1156 Civitas
535 1119 739 1164 haberetur,
764 1121 856 1167 quod
878 1120 966 1155 faeta
989 1134 1084 1168 prae—

327 1170 366 1205 dfi
403 1179 616 1206 everteretur
652 1179 728 1206 tota
773 1170 864 1206 ferro
905 1172 938 1205 &
981 1171 1082 1219 igne,

325 1221 407 1268 quia
429 1234 497 1255 non
520 1221 651 1269 possent
671 1234 745 1256 earn
772 1231 908 1260 tenere,
938 1220 974 1256 δί
1002 1222 1083 1268 quia

325 1272 504 1307 Florentia
531 1281 604 1307 erat
631 1271 851 1307 incentivum
893 1274 923 1307 ἃ
955 1273 1083 1308 incita—

326 1332 482 1358 mentum
511 1322 671 1357 omnium
701 1323 873 1358 bellorum
913 1323 949 1357 in
981 1323 1082 1357 Italia

325 1375 358 1409 8(
379 1373 489 1408 totius
511 1372 679 1408 Tusciae.
699 1374 803 1408 Tunc
825 1373 987 1408 Farinata
1009 1386 1081 1408 ma—

324 1423 509 1473 gnanimus
554 1422 663 1458 libera
713 1435 800 1458 voce
843 1423 1080 1464 contradixin

324 1475 415 1522 quod
458 1486 648 1520 numquam
693 1472 758 1508 hoc
806 1482 1005 1521 pateretur,
1047 1475 1078 1508 8(

324 1525 416 1572 quod
455 1525 596 1559 volebat
632 1523 750 1580 potius
788 1533 954 1573 perpetuo
996 1537 1080 1558 exu—

324 1578 417 1617 lale,
454 1574 565 1609 immo
593 1574 698 1609 etiam
729 1574 842 1617 moxi,
884 1575 986 1622 quiam
1017 1588 1104 1616 no-¹

325 1626 407 1661 bilis
436 1624 552 1659 Patria
590 1624 646 1659 sua
674 1624 724 1659 ita
761 1634 992 1659 evelteretur.
1035 1627 1079 1659 Et

323 1675 510 1724 evaginato
538 1674 614 1710 ense
642 1673 762 1718 dixit,
806 1675 897 1718 quod
936 1675 996 1722 qui
1038 1675 1078 1709 de
1102 1690 1103 1712 ;

322 1725 388 1760 hoc
418 1726 560 1760 verbum
584 1725 732 1767 faceret,
761 1725 928 1772 reciperet
950 1725 1076 1760 ferrum
1102 1729 1103 1743 ³

726 1777 896 1822 Sequutus
934 1775 969 1810 in
1013 1776 1077 1810 hoc

323 1790 381 1825 per
409 1776 525 1824 pe&us
553 1775 648 1810 suum
678 1802 685 1810 .

322 1828 520 1874 ΕΧΕΠἸΡῙΗΓΓΙ
566 1839 683 1868 ΙὫῖἰζ-ἸΠΙ
722 1825 897 1874 SClPlOUIS
938 1825 1078 1860 Afl'lca-

320 1878 380 1921 ni,
425 1877 485 1924 qui
515 1876 601 1924 apud
631 1876 771 1912 Cannas
810 1875 962 1920 Apuliae
990 1875 1103 1927 faCtfiJ

321 1928 479 1964 inaudita
505 1927 610 1975 strage
638 1929 902 1965 Romanorum,
930 1926 1078 1962 nudavit

320 1978 473 2027 gladium
505 1977 602 2024 super
628 1977 792 2024 quosdam
817 1977 988 2020 Nobiles,
1016 1977 1076 2024 qui

321 2028 545 2064 consulebant
572 2027 613 2062 de
641 2027 825 2062 deserendo
855 2027 1007 2062 Patriam
1044 2029 1076 2062 ἃ

323 2079 484 2122 Italiam,
526 2080 559 2113 δε
602 2077 644 2112 fic
684 2079 832 2113 retraxit
874 2091 930 2113 eos
959 2088 1076 2113 atam

319 2130 465 2178 indigno
493 2127 688 2177 proposito.

558 2181 620 2214 Ad
648 2178 729 2222 Vcrs.
755 2189 835 2224 τις.

370 2228 525 2274 Diffemi:
553 2230 605 2274 qv}
631 2242 682 2262 con
703 2229 759 2270 ρι’ῐι
781 2230 817 2262 di
837 2228 922 2262 mille
937 2228 1075 2275 giacct'o.

319 2280 378 2316 Illi
405 2279 568 2327 Epicurei
592 2278 669 2313 sunt
690 2277 984 2320 innumerabiles,
1013 2292 1075 2313 un-

320 2331 360 2366 de
399 2338 533 2378 poterat
575 2328 624 2363 ita
662 2327 775 2362 dicere
813 2341 891 2362 cum
922 2329 1076 2375 pluribus

320 2389 459 2416 centum
489 2379 668 2419 millibus.
698 2378 809 2413 immo
838 2379 936 2413 mille
965 2379 1076 2413 milli-

319 2433 401 2467 bus.
437 2430 519 2465 Ideo
547 2443 589 2464 ex
618 2441 761 2463 numero
789 2429 948 2464 omnium
978 2429 1075 2464 elicit

320 2482 404 2517 duos
433 2479 638 2528 magnificos
675 2479 886 2526 Epicureos,
928 2480 1074 2514 alterum

320 2532 454 2568 scilicet
483 2531 700 2571 Secularem,
728 2528 764 2564 ὅ(
793 2531 939 2565 alterurn
962 2533 1074 2565 Sacer-

320 2584 459 2626 dotem,
502 2582 539 2617 in
567 2581 701 2629 magnis
730 2580 961 2629 dignitatibus
989 2580 1075 2630 posi-

1189 314 1230 349 de
1269 314 1402 350 duobus
1442 315 1602 351 millibus
1639 317 1802 364 privatis.
1848 319 1948 354 Dicit

1190 377 1270 413 ergo
1308 365 1422 413 primo
1463 366 1504 401 de
1545 367 1701 402 Secundo
1743 367 1946 404 Friderico.

1191 415 1246 449 Ad
1276 429 1372 463 cujus
1401 416 1641 465 cognitionem
1670 417 1715 452 est
1741 418 1914 454 {ciendum
1934 446 1944 462 ‚

1190 465 1282 512 quod
1311 467 1506 502 fridericus
1535 469 1580 502 ΙΙ.
1609 467 1650 503 de
1678 482 1748 515 quo
1776 470 1886 505 multa
1911 470 1946 504 δε

1191 523 1284 563 laepe
1312 516 1475 552 dicuntur
1503 517 1540 552 in
1568 517 1630 553 isto
1658 521 1792 566 Opere,
1836 533 1945 567 quan-

1189 576 1261 601 tum
1292 565 1421 614 speE‘cat
1449 568 1489 602 ad
1518 568 1753 616 propositum,
1789 569 1858 605 fuit
1887 583 1945 605 ve-

1188 629 1222 651 re
1268 619 1478 662 Epicureus.
1533 619 1713 663 Quoniam
1761 620 1945 656 intendens

1191 668 1365 704 ootentiae
1393 669 1426 702 ἃ
1454 668 1605 716 imperio
1633 682 1693 716 per
1733 668 1782 705 fas
1819 669 1857 705 ὃ(
1885 684 1945 706 ne-

1188 716 1255 755 fas,
1301 717 1488 753 insurrexit
1525 718 1661 766 ἰηυτατε
1709 727 1829 754 contra
1870 733 1945 755 ma-

1187 777 1273 802 trem
1303 767 1513 812 Ecclesiam,
1552 782 1639 816 quae
1677 767 1789 817 ipsum
1829 769 1944 819 pupil-

1186 819 1257 852 lum
1295 819 1523 862 educaverat,
1566 817 1603 854 ἅ
1644 820 1859 855 exaltaverat
1902 821 1944 856 ad

1185 867 1395 924 Imperium.
1439 871 1485 904 Et
1520 869 1707 904 Ecclesiam
1745 869 1853 918 ipsam
1884 884 1945 906 va-

1185 918 1246 952 riis
1276 919 1376 953 bellis
1405 918 1536 954 afflixit
1565 933 1624 968 per
1650 919 1798 967 spatium
1830 923 1942 958 XXX.

1185 980 1353 1002 annorum
1383 969 1415 1002 8<
1444 970 1555 1004 ultra.
1587 971 1710 1005 Pacem
1736 980 1871 1019 turpem
1893 972 1943 1008 fe-

1184 1017 1234 1051 cit
1262 1031 1339 1052 cum
1371 1018 1543 1061 soldano,
1571 1032 1678 1066 quum
1701 1021 1807 1067 posset
1831 1030 1945 1057 totam

1184 1069 1329 1102 Terram
1359 1070 1398 1103 Sa
1404 1068 1518 1103 rissam
1547 1082 1765 1127 recuperare
1806 1070 1944 1107 Multos

1158 1141 1159 1157 1
1186 1119 1361 1159 praelatos
1390 1128 1535 1168 captos,
1564 1120 1743 1155 venientes
1772 1121 1812 1156 ad
1841 1120 1942 1157 Con-

1184 1169 1306 1204 cilium
1350 1182 1409 1217 per
1446 1183 1559 1212 mare.
1597 1170 1775 1206 inhoneste
1816 1172 1943 1207 tracta—

1186 1220 1260 1262 vit,
1288 1221 1321 1254 δ(
1351 1220 1386 1255 in
1416 1220 1609 1256 carceribus
1638 1223 1853 1258 maceravit.
1882 1225 1942 1258 Sa-

1184 1283 1323 1305 racenos
1351 1270 1389 1305 in
1411 1270 1550 1306 Italiam
1576 1271 1738 1308 induxit.
1768 1271 1942 1308 Beneficia

1182 1320 1410 1356 Eccleliarum
1440 1321 1615 1364 contulit,
1644 1320 1680 1357 ἃ
1711 1324 1799 1357 bona
1821 1336 1939 1358 earum

1183 1372 1382 1418 usurpavit.
1411 1374 1531 1416 Quum
1561 1382 1674 1407 autem
1704 1373 1784 1407 effet
1812 1373 1847 1407 in
1878 1376 1942 1418 Sy-

1182 1420 1254 1463 ria,
1283 1431 1402 1469 captus
1430 1422 1474 1456 est
1501 1435 1618 1457 amore
1640 1423 1814 1470 cujusdam
1839 1424 1940 1459 Prin—

1182 1471 1320 1518 cipiffae
1340 1472 1382 1506 de
1406 1471 1618 1507 Antiochia.
1648 1475 1738 1508 Nam
1761 1473 1829 1508 fuit
1849 1475 1940 1509 mul-

1181 1531 1254 1555 tum
1286 1534 1411 1568 pronus
1439 1522 1476 1556 in
1505 1522 1688 1557 libidinem
1706 1549 1713 1557 .
1744 1523 1805 1558 Sed
1831 1536 1940 1571 quum

1180 1571 1241 1606 illa
1283 1570 1315 1606 se
1342 1571 1518 1607 excusaret
1556 1572 1713 1607 assentire
1741 1573 1829 1612 fibi,
1857 1574 1941 1621 quia

1182 1621 1375 1656 Fridericus
1397 1622 1544 1657 habebat
1567 1636 1709 1657 uxorem
1726 1650 1734 1666 ,
1756 1623 1826 1670 ipse
1849 1623 1942 1659 frau-

1179 1672 1337 1707 dulenter
1364 1672 1543 1707 ordinavit
1571 1673 1610 1706 ad
1641 1682 1776 1720 tempus
1794 1700 1803 1716 ,
1846 1673 1940 1720 quod

1180 1722 1340 1757 venirent
1381 1722 1466 1756 duae
1508 1723 1636 1757 Galeae
1684 1732 1779 1757 totae
1820 1723 1940 1771 nigrae

1179 1784 1257 1806 cum
1297 1771 1406 1816 velis,
1444 1772 1574 1810 remis,
1613 1774 1644 1807 ὃ(
1683 1773 1847 1808 omnibus
1884 1774 1940 1809 in-

1179 1821 1374 1857 strumentis
1403 1822 1533 1870 nigris,
1576 1824 1608 1857 δε
1652 1823 1855 1858 hominibus
1883 1824 1939 1859 ni-

1179 1886 1241 1920 gro
1269 1872 1424 1916 indutis,
1453 1872 1513 1919 qui
1542 1872 1719 1916 dicerent,
1758 1873 1850 1921 quod
1881 1887 1941 1909 ve-

1179 1923 1296 1958 nirent
1323 1923 1363 1958 de
1391 1922 1584 1957 Occidente
1611 1924 1651 1958 de
1678 1923 1804 1962 Italia,
1832 1925 1864 1958 8<
1886 1938 1939 1960 re-

1181 1972 1308 2008 ferrent
1335 1986 1413 2008 cum
1452 1972 1617 2017 plan&u‚
1654 1974 1746 2021 quod
1785 1974 1939 2022 Impera-

1152 2025 1252 2067 *trix
1299 2036 1387 2058 uxor
1433 2023 1603 2059 Friderici
1647 2024 1857 2072 migraverat
1899 2025 1941 2060 de

1180 2073 1243 2108 hac
1271 2073 1368 2108 vita.
1410 2075 1457 2108 Et
1496 2087 1576 2109 cum
1604 2073 1666 2110 ista
1703 2084 1775 2110 arte
1805 2074 1942 2110 seduxit

1181 2123 1300 2162 istam,
1330 2137 1434 2171 quam
1462 2125 1606 2172 optabat
1635 2125 1778 2161 habere.
1807 2127 1853 2160 Et
1881 2125 1941 2160 ha—

1181 2174 1257 2209 buit
1284 2187 1359 2209 eam
1388 2184 1565 2222 tamquam
1596 2175 1631 2210 in
1659 2175 1857 2224 legitimam
1882 2189 1940 2210 co-

1180 2225 1341 2282 njugem.
1384 2227 1430 2260 Et
1471 2239 1513 2260 ex
1557 2239 1595 2260 ea
1637 2204 1759 2261 habbuit
1801 2225 1940 2270 filium,

1181 2276 1241 2322 qui
1269 2284 1413 2311 vocatus
1441 2276 1486 2311 est
1514 2276 1709 2312 fridericus
1737 2276 1778 2312 de
1806 2276 1938 2311 Antio—

1181 2325 1279 2361 chia.
1317 2326 1390 2372 Qui
1420 2327 1530 2374 postea
1559 2326 1627 2362 fuit
1655 2327 1844 2374 aliquando
1875 2326 1939 2360 Vi-

1182 2377 1293 2411 carius
1321 2376 1358 2411 in
1386 2376 1515 2412 Tuscia
1537 2391 1598 2423 pro
1619 2390 1681 2416 eo,
1711 2376 1748 2412 v&
1769 2375 1836 2412 fuit
1857 2373 1938 2409 mis-

1183 2426 1234 2461 lus
1263 2440 1280 2461 a
1309 2426 1487 2463 Frideri-co
1510 2428 1723 2463 Florentiam
1750 2439 1826 2461 cum
1849 2427 1939 2460 MD.

1183 2477 1360 2523 equitibus
1388 2478 1424 2513 in
1453 2478 1638 2513 lubfidium
1676 2476 1939 2511 Gibellinorurn

1185 2540 1305 2562 contra
1343 2528 1541 2575 Guelphos.
1592 2526 1786 2562 fridericus
1824 2526 1942 2573 itaque

1184 2586 1222 2614 ut
1251 2578 1404 2613 breviter
1433 2578 1570 2621 dicam,
1607 2586 1765 2612 mortuus
1802 2575 1846 2611 est
1882 2589 1941 2611 ex-

1793 2640 1887 2662 com-
