2216 3105
270 202 355 254 489
565 191 866 237 COMMENT.
898 191 963 234 IN
991 187 1216 234 DANTIS
1243 184 1484 230 COMOED.
1691 204 1776 243 490

213 256 398 308 praeterire
438 254 665 292 Focacciam‚
706 251 767 300 qui
811 252 969 286 accendit
1006 250 1127 286 Alisti
1169 259 1238 284 tres
1281 246 1475 295 proditores
1519 257 1588 280 non
1618 244 1695 281 sunt
1723 247 1834 295 magis

214 318 351 344 tantum
379 305 518 343 focum,
556 304 680 353 magna
716 301 893 351 sanguinis
921 301 970 336 ef-
1073 299 1171 348 digni
1196 298 1329 347 glacie,
1360 297 1464 344 quam
1487 295 1654 342 praediEti
1675 297 1743 332 duo
1765 296 1831 333 fra-

213 357 342 394 fufione
369 355 644 404 extinguendum
661 380 670 389 .
709 355 814 390 Nunc
856 352 898 387 ad
926 351 971 386 li—
1075 360 1163 386 tres.
1183 348 1343 396 loquitur
1363 346 1610 394 hyperbolice.
1638 346 1678 380 ad
1701 346 1831 383 summe

212 417 342 444 teram.
372 405 473 441 Dicit
500 418 583 454 ergo
611 404 670 440 iste
691 403 870 452 proditor.
898 405 970 437 Non
1074 399 1306 436 detestandum
1335 396 1537 433 eorumdem
1569 394 1804 431 fratricidium
1822 423 1832 433 .

214 457 382 501 Focaccia,
418 456 501 492 idest
537 468 608 491 non
645 453 804 490 invenies
842 455 969 487 Focac-
1050 495 1051 498 Ἴ
1125 454 1156 485 E
1169 450 1278 497 perch&
1298 462 1357 483 mm
1377 448 1422 481 mi
1441 446 1531 481 meni
1547 446 1580 480 in
1596 446 1657 492 pito
1670 445 1835 490 sermoni,-

213 508 304 544 ciam
341 507 451 556 magis
492 505 638 555 dignum
681 503 741 553 figi
780 504 816 539 in
845 503 971 552 gelidi·
1050 501 1166 553 {He-ic
1196 499 1390 549 praedictus
1419 497 1582 546 spiritus,
1620 495 1681 544 qui
1719 496 1835 554 norni—

213 558 303 594 tium
322 582 330 596 ‚
373 557 535 606 quamvis
574 555 697 592 fecerit
740 555 853 590 multa
881 555 970 589 mala
1049 554 1052 565 ⁹
1075 552 1174 587 navit
1202 560 1257 586 tot
1285 550 1501 599 proditores,
1542 549 1833 583 nunc'nommat

212 617 348 658 praeter
369 607 580 657 praedictam
601 605 863 656 proditionem,
885 617 971 652 quae
1075 603 1134 642 se,
1174 604 1208 637 δε
1251 614 1358 637 unum
1400 598 1671 645 consangineum
1715 597 1833 634 suurn.

213 659 484 707 praetermitto,
521 671 604 705 quia
640 669 712 692 non
753 655 888 691 faciunt
929 654 971 689 ad
1076 656 1122 688 Et
1150 652 1207 688 iste
1235 651 1304 687 fuit
1331 650 1474 698 quidam
1503 649 1614 706 Miles·
1641 648 1682 684 de
1713 649 1833 685 Pazzis

214 708 450 758 propositum.
1010 703 1037 736 B
1077 703 1255 740 nobilibus
1292 702 1334 738 de
1380 701 1483 736 Valle
1524 702 1643 737 Arni,
1689 710 1834 736 vocatus

264 781 281 786 -
308 780 324 786 -
351 780 367 786 -
394 780 410 786 -
436 761 509 794 Non
535 758 653 806 questi,
678 758 728 792 che
757 754 973 804 m’ingomesra
1078 754 1252 789 Dominus
1289 752 1442 788 Ubertus
1489 749 1727 788 Camisonus,
1773 750 1836 798 qui

264 811 324 844 Col
344 820 416 857 capo
435 811 491 852 εζ-
518 829 786 838 -------
1076 804 1209 840 occidit
1226 801 1634 853 proditorieDominum
1662 801 1834 837 Ubertum

214 859 307 896 Heic
343 859 486 908 spiritus
522 859 581 896 iste
617 858 737 895 transit
779 872 796 893 a
826 856 972 893 Pistorio
1078 854 1372 903 consanguineum
1395 853 1512 888 suum.
1541 851 1642 887 Dicit
1664 864 1746 899 ergo
1766 851 1831 887 fic:

214 911 455 946 Florentiam.
497 911 544 945 Et
580 909 743 945 nominat
770 909 879 944 alium
908 908 971 943 tri-
1127 906 1248 952 Sappi,
1270 902 1632 948 ch⁷iosuiilCamtsci0n
1647 900 1836 948 de’Pazqi,

214 960 296 996 stem
325 960 561 1009 proditorem.
586 959 643 995 Ad
672 960 768 1008 cujus
796 958 972 1007 cognitio-
1078 970 1112 992 re
1140 957 1172 991 δ(
1201 954 1364 990 nomine.
1405 955 1451 988 Et
1478 951 1761 1009 hoc1idec33‘co
1789 952 1837 988 ti-

216 1024 297 1046 nem
324 1011 368 1046 est
396 1011 549 1046 breviter
575 1010 773 1049 serendum,
801 1008 973 1056 quodriste
1080 1007 1136 1050 bi,
1163 1007 1268 1053 perche*
1288 1018 1347 1040 non
1371 1005 1414 1038 mi
1441 1003 1530 1038 metti
1554 1016 1587 1036 m
1610 1004 1669 1049 pt&
1685 1003 1839 1047 sermoni.

214 1060 285 1096 fuit
323 1061 465 1109 quidam
517 1059 624 1097 Civis
666 1060 889 1096 Florentinus
931 1059 972 1094 de

216 1111 368 1147 Familia
405 1110 625 1159 Tuscorum;
667 1111 728 1159 qui
766 1120 804 1146 ut
832 1110 972 1145 haberet

212 1161 443 1198 hereditatem
472 1162 574 1197 unius
602 1161 718 1197 fratris
746 1161 818 1201 sui,
854 1159 972 1196 fraude

1079 1057 1184 1102 Quasi
1220 1056 1315 1092 dicat
1342 1053 1574 1091 Camisonus:
1616 1053 1701 1088 bene
1742 1053 1837 1099 scio,

1053 1058 1172 1177 lquod
1201 1116 1238 1143 tu
1268 1115 1362 1156 petes
1390 1119 1408 1140 a
1437 1117 1511 1140 me:
1542 1105 1585 1138 (9⁴
1611 1107 1675 1138 tu?
1713 1105 1768 1151 qm*
1793 1114 1839 1138 tot

1010 1153 1057 1187 C·
1078 1158 1246 1205 proditores
1273 1171 1332 1191 non
1360 1166 1486 1203 rogatus
1507 1155 1617 1201 sponte
1644 1154 1812 1197 nominasti
1823 1168 1841 1188 :

215 1212 348 1247 occidit
385 1212 528 1249 unicum
566 1212 681 1248 filium
725 1211 850 1255 suum,
892 1224 971 1259 pro—
1080 1209 1159 1243 ideo
1188 1207 1286 1243 volui
1315 1205 1516 1254 praevenire
1543 1214 1597 1241 te.
1635 1207 1681 1239 Et
1709 1205 1749 1240 ad
1778 1219 1839 1241 ex-

213 1270 291 1311 pter
317 1263 409 1309 quod
438 1262 507 1298 fuit
536 1263 692 1298 clavatus
729 1263 765 1298 in
804 1274 870 1297 una
912 1274 971 1296 ve-
1081 1258 1295 1294 cusationem
1324 1257 1375 1293 sui
1403 1255 1606 1292 Camisonis
1634 1255 1770 1291 accusat
1798 1269 1838 1292 u-

213 1321 313 1360 gete‚
353 1310 391 1347 &
422 1312 551 1347 ductus
589 1326 648 1359 per
675 1321 786 1347 totam
827 1313 970 1346 Floren—
1080 1322 1163 1345 num
1193 1307 1387 1344 consortem
1416 1307 1512 1342 suum
1530 1335 1538 1348 ,
1566 1305 1627 1354 qui
1649 1305 1759 1354 magis
1779 1306 1838 1342 de—

211 1363 283 1397 tiae
311 1361 529 1401 Civitatem,
571 1361 609 1397 &
639 1362 749 1409 postea
776 1359 844 1397 fuit
872 1362 970 1396 deca·
1080 1360 1211 1406 liquit,
1253 1357 1429 1407 prodendo
1475 1356 1837 1405 consanguineitatem

211 1412 364 1461 pitatus.
389 1413 488 1447 Dicit
510 1425 611 1459 ergo:
634 1415 707 1446 Non
729 1412 846 1458 questi,
867 1411 969 1450 idest,
1081 1409 1174 1445 suam
1192 1435 1200 1444 .

1130 1462 1178 1494 Et
1203 1459 1321 1506 aspetto
1346 1460 1460 1495 Carlin
1476 1483 1486 1498 ,
1527 1459 1582 1493 che
1608 1458 1652 1493 mi
1671 1458 1814 1507 scagc'om'
1829 1486 1838 1495 .

210 1475 281 1496 non
319 1462 477 1497 invenies
528 1462 629 1497 istum
672 1461 782 1510 magis
824 1460 967 1509 dignum

1080 1509 1137 1545 Ad
1165 1509 1266 1558 hujus
1294 1509 1417 1545 literae
1445 1509 1581 1548 brevis,
1623 1508 1677 1544 sed
1716 1510 1839 1546 obscu-

209 1510 271 1560 figi
301 1511 337 1547 in
365 1511 597 1561 geliditiumf,
638 1511 689 1546 che
729 1510 968 1557 m’ingombra,

208 1561 292 1597 idest
321 1562 472 1611 impedit
501 1575 555 1598 me
573 1590 582 1607 ,
610 1562 654 1596 col
680 1572 775 1609 capo,
803 1561 885 1610 quia
909 1561 969 1606 ha—
1078 1573 1155 1600 rae,
1201 1560 1478 1608 intelligentiam
1529 1567 1670 1608 oportet
1716 1560 1802 1596 scire
1827 1590 1838 1606 ,

211 1612 314 1648 bebat
343 1622 446 1661 caput
473 1613 546 1662 ejus
574 1621 654 1648 ante
681 1626 781 1648 eum.
1009 1610 1042 1642 D
1078 1610 1170 1658 quod
1199 1610 1237 1646 in
1273 1612 1466 1646 MCCCH.
1494 1623 1601 1658 quum
1637 1610 1837 1647 Florentini

262 1683 448 1689 -----
474 1663 563 1697 ch’io
582 1677 641 1698 non
663 1663 777 1710 veggio
797 1663 873 1697 oltre
889 1663 968 1710 ρὶῐι.
1078 1674 1157 1696 cum
1195 1660 1407 1697 Lucenfi'ous
1443 1661 1550 1697 essent
1585 1661 1623 1697 in
1659 1660 1838 1698 obfidione

208 1712 299 1747 {dest
325 1712 443 1748 videre
470 1725 540 1747 non
569 1713 700 1761 possum
720 1714 779 1759 ρὶἰι
798 1714 893 1747 oltre.
923 1715 969 1748 Et
1080 1711 1241 1755 P-istorii,
1292 1712 1386 1759 quod
1427 1720 1510 1747 tunc
1553 1712 1737 1748 tenebatur
1779 1725 1838 1760 per

209 1761 388 1809 specificat
438 1775 515 1798 eum
559 1776 577 1798 a
617 1762 762 1798 nomine
805 1763 969 1811 proprio,
1079 1770 1213 1809 partem
1240 1763 1395 1805 Albam,
1431 1761 1574 1810 quidam
1602 1763 1768 1798 Carlinus
1796 1763 1837 1798 de

211 1812 357 1848 dicens:
1080 1811 1201 1847 Pazzis
1229 1812 1415 1861 praedictis
1443 1811 1589 1847 tradidit
1632 1826 1738 1848 unum
1767 1814 1837 1849 Ca—

262 1866 295 1897 E
316 1864 356 1907 fu
383 1874 506 1898 nomato
531 1863 632 1909 Saffol
659 1864 881 1908 Mascheroni.
1077 1862 1234 1906 stellam,
1263 1862 1355 1911 quod
1384 1862 1515 1898 dicitur
1542 1861 1734 1898 Castellum
1756 1865 1835 1899 Pla*

208 1915 256 1948 Et
284 1915 363 1949 vere
385 1913 503 1950 saxeus
523 1913 613 1958 fuit,
633 1915 774 1950 abolens
795 1915 866 1958 jura
887 1927 970 1949 con·
1078 1913 1114 1948 ni
1162 1913 1255 1949 inter
1290 1913 1409 1949 vineas
1446 1913 1482 1948 in
1512 1914 1615 1948 Valle
1643 1913 1760 1958 Arni,
1797 1914 1834 1949 in

209 1963 477 2011 sanguineitatis
499 1991 507 1999 .
550 1965 646 2009 Quia
698 1964 719 2000 fi
767 1965 969 2000 Mordettus
1078 1964 1174 2012 cujus
1201 1963 1433 2011 occupatione
1460 1962 1565 1998 occifi
1585 1962 1664 1998 sunt
1684 1963 1739 1998 seu
1760 1963 1834 1999 fue—

211 2013 388 2061 prodidit,
425 2014 491 2050 hoc
520 2014 605 2050 fecit
633 2015 826 2064 cupiditate
854 2015 969 2050 domi-
1078 2022 1159 2048 runt
1187 2027 1273 2048 unus
1303 2013 1407 2049 frater
1430 2012 1558 2060 patris,
1585 2014 1617 2048 8<
1640 2027 1727 2050 unus
1750 2027 1833 2049 con-

210 2063 284 2099 nii.
321 2064 354 2100 Si
385 2064 552 2101 Focaccia
571 2092 581 2109 ,
619 2065 685 2101 hoc
726 2065 810 2100 fecit
838 2079 880 2100 ex
909 2079 968 2114 ap-
1007 2059 1033 2092 Ε
1077 2063 1282 2112 sanguineus
1309 2064 1401 2110 ejus.
1429 2066 1475 2099 Et
1502 2063 1540 2099 in
1567 2063 1663 2100 difio
1683 2064 1834 2102 Castello

212 2113 326 2159 petitu
364 2114 561 2150 vinditiae.
604 2115 666 2150 Sed
694 2115 753 2150 iste
781 2115 886 2159 vilis,
930 2125 967 2151 ut
1078 2127 1157 2150 cum
1185 2114 1363 2162 praediE'to
1390 2113 1538 2150 Carlino
1566 2113 1780 2152 incluserunt
1801 2115 1832 2151 se

209 2163 352 2200 haberet
381 2165 488 2200 vilem
511 2164 760 2201 hereditatem.
788 2168 834 2200 Et
854 2165 962 2201 dicit:
1078 2165 1189 2212 aliqui
1216 2178 1259 2201 ex
1287 2164 1492 2201 melioribus
1520 2164 1713 2202 Gibellinis
1748 2179 1832 2202 exu—

259 2218 300 2249 Se
327 2215 419 2260 Tusco
448 2215 513 2260 se’,
543 2215 599 2250 ben
621 2216 674 2260 sai
700 2216 801 2254 omai,
837 2216 886 2250 chi
906 2216 965 2259 fu.
1077 2215 1191 2257 libus.
1231 2217 1265 2250 &
1302 2215 1414 2263 aliqui
1441 2229 1485 2251 ex
1513 2215 1619 2251 Albis
1660 2218 1833 2266 magnati-

209 2264 314 2310 Quafi
342 2265 457 2301 dicat:
504 2266 588 2300 bene
616 2274 713 2314 potes
742 2265 847 2310 scire,
886 2266 964 2314 quis
1077 2266 1138 2301 bus
1174 2267 1207 2301 8<
1255 2265 1506 2315 popularibus,
1551 2266 1612 2313 qui
1658 2265 1832 2303 faciebant

207 2315 302 2359 fuit,
329 2315 411 2363 quia
439 2315 507 2351 fuit
534 2326 614 2351 tuus
642 2315 892 2356 Florentinus‚
925 2315 963 2352 ἃ,
1077 2329 1237 2365 magnam
1265 2329 1422 2365 guerram
1452 2317 1489 2352 in
1511 2318 1614 2352 Valle
1635 2317 1748 2354 Arni.
1775 2320 1832 2354 Ob

206 2379 266 2413 per
294 2366 506 2414 consequens
533 2366 690 2409 Tuscus,
719 2366 802 2415 quia
823 2366 864 2403 de
885 2380 964 2414 pro-
1075 2379 1180 2414 quarn
1218 2367 1353 2403 causam
1391 2366 1590 2403 Florentini
1630 2367 1709 2404 sunt
1737 2382 1834 2404 com—

206 2415 324 2452 vincia
353 2416 501 2452 Tusciae
529 2416 621 2466 fuit3
664 2416 702 2452 &
743 2416 850 2452 etiam
887 2419 963 2453 Tu-
1063 2416 1160 2466 'pulsi
1188 2417 1344 2453 recedere
1371 2431 1389 2453 a
1433 2417 1599 2454 Pistorio.
1635 2420 1681 2454 Et
1717 2420 1832 2454 conti-

206 2467 300 2511 scus,
337 2467 419 2515 quia
456 2467 497 2503 de
524 2467 625 2515 stirpe
661 2466 879 2503 Tuscorum.
916 2470 963 2503 Et
1078 2469 1145 2502 nuo
1173 2467 1314 2503 iverunt
1355 2468 1391 2504 in
1420 2470 1559 2503 Vallem
1590 2469 1692 2505 Arni*
1711 2469 1750 2505 ad
1779 2469 1832 2504 di—

206 2526 308 2557 nota,
337 2517 429 2566 quod
452 2517 590 2554 Auctor
610 2530 718 2566 quum
739 2517 847 2558 dicit,
869 2519 961 2569 quod
1076 2517 1171 2553 &um
1193 2517 1382 2553 Castellum
1406 2518 1445 2553 de
1467 2518 1580 2554 mense
1599 2520 1694 2562 Junii
1708 2547 1717 2561 ‚
1739 2519 1830 2566 quod

305 2572 393 2605 Tora.
414 2571 476 2605 III.
1170 2571 1186 2603 1
1214 2569 1225 2603 i
1685 2569 1781 2604 obse-
