2216 3105
422 202 503 241 299
706 190 1157 239 BENVENUTJ
1205 194 1659 238 IMOLENSIS
1846 214 1926 253 300

497 246 560 281 Ad
584 249 679 283 Cant.
708 253 796 285 VIII.
825 253 906 296 Vers.
940 263 969 288 1.

408 297 442 329 Io
457 296 523 330 dico
534 297 743 344 seguitando,
771 301 815 335 ch’
827 301 905 347 assai
920 304 1025 350 prima
1041 303 1112 342 «ὅγε.

358 345 560 393 Antequam
602 348 802 386 descendam
844 353 885 388 ad
925 354 1113 401 expositio-

358 407 436 430 nem
474 397 615 441 literae,
657 401 698 435 ad
739 403 867 437 claram
907 404 1111 452 intelligen-

357 445 444 480 tiam
481 447 576 483 istius
614 450 973 489 continuationisest
1016 469 1110 502 prae-

356 493 555 536 sciendum,
583 501 675 547 quod
704 503 857 546 Dantes,
885 504 1024 549 quando
1051 518 1111 540 ex-

310 550 321 569 Ἀ
356 545 472 593 pulsus
509 548 577 583 fuit
619 550 660 584 de
703 552 844 592 Patria,
885 553 970 589 ficut
1011 556 1110 598 plene

286 588 306 632 :4'
355 595 426 643 jam
457 599 570 640 patuit
606 599 704 642 supra
740 603 843 636 Cant.
875 606 956 638 Vll.
984 603 1110 640 fecerat

311 648 315 664 ³
355 645 396 680 de
424 649 537 692 Opere
565 648 624 684 suo
644 649 863 686 solummodo
884 655 1020 701 Septem
1041 656 1111 690 Ca-

357 697 470 742 pitula
517 700 774 742 praecedentia.
826 705 947 747 Quum
994 714 1109 739 autem

355 758 452 781 more
488 749 659 793 exulum,
696 751 848 787 incertus
886 752 963 788 suae
999 753 1110 789 fortu-

353 808 442 835 nae,
481 799 636 844 pluribus
664 801 763 836 annis
792 815 922 851 vagus,
960 817 1109 839 morare-

353 854 409 881 tur
437 860 514 882 cum
543 849 683 885 diverfis
706 852 892 897 Dominis,
920 854 1037 889 noluit
1056 855 1110 890 di-

352 898 435 932 vina
476 899 722 941 Providentia,
767 903 858 950 quod
900 914 971 939 tam
1013 918 1108 953 egre-

351 946 447 995 gium
469 951 565 997 Opus
587 951 801 999 perderetur.
829 954 975 990 Accidit
1004 969 1108 1003 erg0,

350 998 442 1044 quod
485 1013 591 1046 quum
634 1002 776 1049 quidam
805 1004 989 1040 rimaretur
1016 1006 1108 1040 inter

350 1059 459 1084 certas
503 1050 686 1096 scripturas
729 1053 877 1094 Dantis,
914 1055 951 1089 in
979 1055 1106 1101 quibu-

348 1097 441 1133 sdam
479 1099 603 1137 cofinis
645 1103 791 1150 portatis
833 1104 873 1138 ad
929 1106 1005 1140 loca
1056 1105 1106 1140 sa—

349 1161 427 1189 cra,
464 1152 603 1197 quando
630 1152 767 1201 ingrata
795 1155 895 1190 turba
932 1154 1043 1203 magis
1070 1169 1104 1190 a·

348 1198 430 1234 vida
459 1202 601 1248 praedae
628 1205 733 1251 quam
771 1204 873 1252 justae
902 1205 1104 1245 vindifihae,

348 1261 544 1287 cucurrerat
581 1254 621 1288 ad
659 1254 803 1290 domum
841 1256 934 1303 ejus,
976 1256 1103 1304 reperit

347 1299 441 1335 di&a
470 1304 606 1350 Septem
636 1303 829 1352 Capitula.
858 1307 996 1352 Quibus
1025 1321 1101 1342 cum

348 1350 581 1388 admiratione
609 1355 709 1390 lestis
737 1357 769 1390 8<
799 1356 984 1404 inspelffis,
1027 1357 1104 1392 sub-

347 1402 458 1437 traxit
486 1403 654 1452 sagaciter
680 1406 722 1440 de
749 1407 850 1445 loco,
893 1407 952 1442 ubi
980 1417 1103 1446 erant,

347 1449 385 1486 &
414 1454 569 1500 portavit
597 1455 638 1489 ad
666 1456 851 1502 quemdam
879 1457 1007 1492 Civem
1041 1471 1103 1492 no-

345 1502 442 1538 mine
473 1504 603 1539 Dinum
634 1504 712 1552 (a),
741 1519 782 1540 eo
810 1516 965 1551 tempore
993 1507 1104 1542 famo-

346 1551 420 1588 sum
462 1555 684 1600 eloquentem
735 1556 772 1590 in
814 1557 1014 1593 Florentia.
1056 1560 1103 1592 Et

347 1602 500 1638 breviter
539 1618 600 1649 pro
643 1605 855 1653 perfeEtione
883 1607 1007 1653 Operis
1035 1608 1103 1642 im-

344 1652 490 1700 perfeffi
518 1654 685 1691 miserunt
713 1656 772 1691 ista
800 1656 969 1704 Capitula
1005 1660 1103 1693 Mar-

346 1703 468 1738 chioni
510 1706 683 1742 Marcello
734 1707 982 1753 biahzspinae,
1023 1722 1102 1743 cum

345 1766 416 1801 quo
444 1763 526 1790 tunc
556 1757 686 1791 Dantes
714 1768 806 1792 erat.
835 1760 935 1803 Quae
963 1759 1025 1793 ille
1053 1758 1104 1793 sa-

345 1804 392 1839 tis
420 1804 623 1853 intelligens
654 1807 827 1843 Dominus
871 1810 954 1844 bene
982 1819 1102 1843 notata

347 1854 495 1890 ostendit
523 1855 674 1892 fideliter
712 1858 844 1902 Danti,
881 1872 1028 1907 rogans,
1065 1868 1103 1894 ut

348 1917 419 1939 non
456 1905 652 1942 dimitteret
689 1906 756 1944 fine
784 1908 852 1944 fine
888 1912 1007 1957 Opus,
1048 1909 1103 1944 cui

349 1954 477 1991 fecerat
506 1966 575 1991 tam
605 1959 714 1993 altum
744 1959 980 2006 principium.
1010 1962 1105 1994 Dan-

349 2015 401 2040 tes
428 2020 530 2046 opere
558 2007 633 2043 viso
650 2034 658 2047 ‚
696 2008 804 2045 fertur
830 2009 953 2046 dixiffe
981 2010 1105 2045 Reddi-

349 2067 399 2090 tus
426 2057 468 2099 est
494 2058 573 2092 mihi
598 2059 752 2094 maximus
785 2061 872 2096 labor
906 2075 972 2095 cum
999 2062 1107 2094 honore

348 2118 510 2154 pe1petuo.
539 2111 632 2157 Ergo
659 2110 731 2146 fato
760 2112 922 2155 volente,
950 2113 983 2146 ὃ(
1009 2113 1106 2146 Mar-

352 2160 479 2195 chione
507 2158 673 2200 instante,
710 2174 779 2196 non
808 2161 875 2196 fine
903 2175 1029 2210 magno
1056 2163 1107 2196 la—

353 2210 435 2245 bore
463 2203 606 2245 conaitus
634 2211 801 2246 resumere
828 2213 935 2247 altam
963 2213 1108 2259 phanta-

335 2260 458 2302 diam,
485 2273 588 2306 quam
617 2262 801 2304 omiserat,
829 2262 963 2309 incepit
982 2263 1023 2297 de
1043 2276 1106 2297 no-

350 2325 398 2347 vo
442 2311 644 2357 procedere.
688 2310 725 2347 ἃ,
765 2312 970 2347 continuare
999 2323 1108 2347 mate-

349 2363 438 2399 riam
466 2360 690 2407 inchoatam,
718 2362 860 2398 dicens:
890 2365 923 2397 10
947 2363 1034 2407 dico,
1055 2363 1107 2407 se-

1155 257 1199 291 Α
1223 254 1402 300 gahamo,
1429 253 1513 290 idest
1539 254 1774 303 prosequendo
1799 258 1980 293 materiam

1226 304 1455 340 intermissam
1485 315 1625 354 propter
1651 305 1799 342 exilium
1818 333 1826 342 .

1474 357 1536 391 Ad
1564 357 1646 400 VerJ.
1671 369 1732 401 42.

1276 404 1435 446 Dicendo,
1471 407 1526 441 vie
1562 407 1596 441 in
1631 408 1708 449 costd
1733 420 1786 442 con
1816 408 1868 454 gli
1903 407 1982 444 altri

1326 469 1416 491 cam.

1226 504 1281 539 Est
1317 519 1398 554 ergo
1447 506 1600 542 breviter
1642 507 1844 550 sciendum.
1887 507 1980 556 quod

1225 565 1381 602 tempore
1410 556 1567 606 Philippi
1593 559 1766 606 Argenti,
1793 559 1896 605 paulo
1919 571 1980 593 an-

1224 615 1258 640 te
1286 605 1522 651 expulsionem
1550 608 1740 652 Aufitoris,
1768 607 1836 643 fuit
1857 609 1892 644 in
1917 608 1980 644 Ci-

1223 655 1336 690 vitate
1364 657 1563 692 Florentiae
1590 657 1767 699 Ciaccus,
1805 663 1981 694 maximus

1223 705 1382 751 gulosus.
1428 706 1469 741 de
1510 720 1580 753 quo
1617 707 1750 742 dietum
1793 708 1839 742 est
1880 708 1979 755 supra

1222 754 1329 790 Cant.
1356 758 1417 790 VI.
1446 754 1483 791 ἃ
1511 757 1653 804 quidam
1683 757 1772 791 alius
1798 759 1978 800 Joculator

1221 806 1393 850 leccator,
1430 807 1573 842 nomine
1602 808 1833 845 Blondellus,
1871 807 1978 842 horno

1222 857 1383 901 parvulus
1429 857 1469 892 de
1516 856 1683 904 persona,
1734 856 1788 892 sed
1826 859 1979 892 multum

1223 905 1352 950 politus
1380 907 1413 940 &
1441 917 1583 942 ornatus
1602 935 1611 949 ,
1640 920 1716 942 cum
1747 906 1893 943 caesarie
1921 921 1977 942 ca-

1223 954 1388 1000 pillorum
1431 955 1542 998 flava,
1583 970 1653 991 non
1696 958 1823 992 habens
1865 957 1978 1005 pilum

1222 1012 1353 1039 tortum
1391 1003 1428 1039 in
1472 1005 1611 1052 capite.
1654 1009 1726 1042 Hic
1772 1008 1977 1043 Blondellus

1221 1067 1287 1088 una
1327 1054 1383 1089 die
1404 1082 1415 1098 ,
1456 1064 1613 1103 tempore
1638 1073 1642 1076 ·
1662 1056 1950 1104 Quadrageslmae
1967 1084 1978 1101 ‚

1221 1103 1394 1152 profeRus
1436 1106 1476 1140 ad
1520 1105 1730 1153 piscariam,
1771 1108 1914 1142 volebat
1940 1121 1975 1143 e-

1169 1154 1179 1161 ’
1221 1168 1311 1190 mere
1347 1156 1430 1190 duas
1466 1157 1678 1204 Lampredas
1716 1170 1778 1205 pro
1821 1157 1980 1193 Domino

1221 1205 1330 1241 Verio
1366 1205 1407 1241 de
1450 1205 1636 1251 Circufis,
1677 1207 1738 1256 qui
1781 1217 1865 1243 tunc
1905 1217 1978 1243 erat

1222 1256 1385 1305 Princeps
1414 1256 1526 1292 Partis
1555 1258 1669 1293 Albae
1686 1285 1695 1293 .
1738 1257 1843 1302 Quod
1872 1259 1977 1293 Ciac-

1219 1320 1277 1342 cus
1306 1307 1449 1347 videns,
1491 1307 1627 1343 acceffit
1655 1308 1695 1343 ad
1725 1308 1976 1353 Blondellum‚

1218 1359 1249 1391 δ(
1281 1357 1407 1405 petiit,
1436 1357 1520 1404 quid
1548 1358 1648 1394 esset.
1690 1358 1895 1394 Blondellus
1923 1358 1978 1394 su-

1219 1407 1294 1442 bito
1323 1407 1456 1448 finxit,
1494 1408 1586 1455 quod
1617 1408 1691 1444 heri
1719 1408 1760 1445 de
1799 1408 1871 1444 sero
1907 1421 1976 1445 tres

1218 1457 1431 1501 pulchriores
1477 1460 1693 1506 Lampredae
1743 1458 1976 1506 praesentatae

1217 1506 1353 1542 fuerant
1393 1508 1550 1542 Domino
1599 1507 1724 1543 Curfio
1762 1509 1803 1543 de
1856 1510 1975 1543 Dona-

1219 1557 1285 1597 tis‚
1313 1557 1374 1604 qui
1401 1567 1474 1592 erat
1513 1557 1675 1606 Princeps
1709 1558 1851 1594 alterius
1894 1560 1975 1593 Par-

1216 1609 1262 1643 tis
1293 1607 1442 1656 Nigrae.
1471 1610 1516 1642 Et
1544 1608 1659 1647 dixit,
1687 1608 1779 1655 quod
1802 1608 1881 1643 ideo
1902 1608 1973 1644 emi

1217 1657 1366 1694 faciebat
1393 1658 1478 1692 alias
1506 1658 1613 1696 duas,
1641 1658 1723 1704 quia
1752 1658 1893 1693 crastina
1917 1658 1975 1694 die

1217 1717 1289 1743 erat
1335 1708 1475 1742 daturus
1531 1707 1713 1755 prandium
1765 1707 1972 1754 quibusdam

1219 1757 1430 1793 Nobilibus.
1470 1760 1614 1793 Petens:
1654 1762 1741 1793 Num
1780 1758 1889 1792 venies
1915 1761 1971 1792 tu?

1217 1808 1289 1844 Cui
1326 1807 1477 1844 Ciaccus
1514 1808 1726 1855 respondit:
1770 1812 1855 1843 Bene
1889 1809 1973 1852 scis,

1218 1860 1298 1905 quod
1323 1861 1449 1893 veniam
1466 1885 1474 1893 .
1515 1859 1589 1894 Ivit
1631 1872 1713 1907 ergo
1741 1859 1889 1894 Ciaccus
1916 1858 1973 1893 die

1219 1909 1400 1956 sequenti,
1446 1908 1530 1943 hora
1575 1908 1710 1956 prandii
1747 1909 1788 1944 ad
1829 1908 1973 1944 domum

1220 1959 1368 1994 Domini
1410 1956 1548 1998 Curfii,
1590 1972 1692 2006 quem
1738 1958 1865 2006 reperit
1893 1967 1973 1993 ante

1218 2007 1342 2045 ostium
1372 2008 1467 2044 suum
1498 2022 1574 2044 cum
1599 2009 1802 2057 quibusdam
1826 2008 1893 2044 suis
1917 2008 1973 2043 vi—

1220 2060 1332 2096 cinis.
1370 2059 1444 2105 Qui
1482 2060 1595 2094 dixit:
1640 2063 1725 2094 Bene
1750 2062 1854 2094 vadat
1879 2059 1972 2093 Ciac-

1218 2124 1289 2145 cus.
1318 2111 1409 2156 „Quid
1434 2111 1531 2144 vadis
1552 2111 1725 2153 faciendo?
1761 2112 1806 2144 Et
1834 2108 1973 2156 respon-

1218 2161 1271 2195 dit
1298 2159 1475 2196 Ciaccus:
1506 2162 1638 2195 Domine
1654 2185 1664 2199 ‚
1690 2160 1782 2194 venio
1804 2160 1974 2206 pransurus

1219 2212 1392 2254 vobiscum.
1421 2214 1467 2246 Et
1494 2211 1575 2246 ille:
1608 2213 1787 2250 Vadamu„
1814 2210 1889 2256 quia
1916 2210 1970 2243 ho>

1219 2274 1254 2296 ra
1280 2262 1338 2304 est.
1385 2263 1505 2307 Quum
1544 2271 1658 2297 autem
1697 2260 1969 2298 discubuissent,

1220 2312 1371 2347 Ciaccus
1394 2312 1624 2360 perpendens,
1652 2312 1743 2360 quod
1765 2312 1880 2346 nullus
1900 2317 1972 2344 erat

1190 2363 1271 2398 .ibi
1311 2362 1477 2402 forenfis‚
1514 2362 1653 2411 putavit
1694 2362 1727 2398 se
1762 2361 1969 2408 deceptum2

1858 2409 1920 2444 Sed

352 2484 401 2524 (a)
424 2485 455 2516 Is
477 2492 559 2516 certe
580 2482 639 2515 suit
661 2484 762 2515 Dinus
785 2483 1002 2523 Compagnus,
1025 2483 1123 2515 Danti
1149 2484 1265 2515 Poetae
1289 2483 1491 2523 synchronus,
1511 2482 1594 2521 cujus
1616 2480 1797 2514 Chronicon
1819 2477 1972 2510 Florenti-

430 2536 505 2558 num
527 2534 544 2555 a
565 2535 616 2557 me
638 2527 756 2558 editum
779 2524 837 2557 fuit
860 2524 959 2558 Tom.
978 2524 1040 2558 lX.
1062 2535 1129 2565 pag.
1148 2527 1218 2565 463.
1244 2524 1317 2557 Rer.
1341 2525 1476 2556 italicar.
