2216 3105
420 202 508 256 2475,
731 194 1174 246 BENVENUTJ
1215 202 1636 248 JMOLENSJS‘
1851 213 1939 262 476

363 260 557 294 combustus
585 257 654 295 fuit
680 258 717 295 in
746 260 885 297 Mundo
902 290 912 305 ‚
956 263 1024 299 alia
1054 277 1121 311 qua
1160 265 1211 299 Ai-
1237 263 1258 299 fi
1287 265 1430 300 volebat
1456 263 1635 300 consulere
1662 262 1792 299 honori
1820 262 1903 313 suo;
1933 265 1993 301 ubi

364 310 407 344 cst
435 311 618 346 damnatus
645 319 764 347 tamen
790 312 828 348 in
853 312 1014 350 inferno:
1046 316 1123 350 Un-

361 359 403 395 de
431 361 547 396 dicit:

415 414 481 447 Μα
500 413 572 460 quel
597 413 701 460 perch’
718 414 748 448 io
780 416 880 455 mor),
915 417 969 463 qu>
1003 429 1061 451 non
1081 417 1125 450 mi

464 477 574 499 mena.

365 512 533 554 Scilicet,
570 516 672 560 culpa
718 515 820 552 Artis
847 516 1012 566 Magicae
1054 531 1124 553 non

364 577 421 599 me
449 565 552 601 duxit
580 566 621 601 ad
650 566 747 602 istam
772 580 939 614 poenam.
968 568 1030 603 Sed
1052 581 1125 603 cer-

363 616 401 649 te
429 616 526 651 causa
555 629 658 659 vera,
685 629 790 664 quare
817 616 902 657 fecit
930 631 985 654 me
1012 618 1125 658 mori,

364 664 456 703 fuit.
483 667 577 713 quod

416 716 515 750 Ver’e}
543 715 631 751 ch'io
662 717 735 762 dtffi
761 732 782 753 a
814 719 883 758 lui,
920 719 1078 766 parlando
1105 734 1125 755 a

461 781 551 813 gtoco
565 792 576 807 ‚

365 815 524 860 scilicet,
553 817 610 853 llli
639 819 796 863 Albam,
824 833 887 869 pro
914 820 1019 861 ludo,
1042 820 1125 869 quia

368 867 538 903 habebam
568 868 731 905 solatium
760 871 802 906 de
830 872 902 919 ejus
938 871 1122 908 fatuitate:

417 918 499 953 l’mi
518 920 619 966 saprei
643 921 735 955 levar
752 932 808 968 per
825 921 849 955 ι’
860 936 929 956 aere
946 938 967 957 a
981 924 1073 958 volo.

364 969 470 1013 Quali
499 970 614 1006 dicat:
644 973 802 1007 Tantum
824 971 918 1017 scio,
946 973 1038 1021 quod
1059 973 1125 1009 sci-

363 1033 435 1055 rem
467 1022 585 1056 volare
613 1035 672 1069 per
699 1028 834 1066 aerem,
863 1022 885 1058 fi
914 1025 1066 1064 vellem,
1088 1025 1121 1059 &

362 1070 476 1106 statim
506 1073 581 1108 avis
608 1072 759 1108 inescata
794 1073 840 1109 est
881 1074 921 1109 ad
960 1074 1124 1110 blandum

363 1121 485 1157 sonum
516 1123 695 1172 Aucupis.
724 1123 832 1159 Unde
859 1123 969 1160 dicit:

415 1175 448 1207 E
479 1174 549 1220 quei
584 1179 636 1208 che
660 1187 742 1210 avea
768 1176 958 1222 vagbezza,
994 1190 1010 1210 e
1029 1176 1128 1222 senno

462 1236 555 1271 poco,

364 1273 529 1317 Scilicet,
560 1276 734 1319 Albarus,
762 1289 843 1313 vere
870 1278 972 1313 arbor
998 1291 1122 1327 magna

363 1324 432 1361 fine
460 1325 579 1375 sensu;
617 1328 678 1374 qui
718 1328 864 1364 habebat
893 1330 1044 1364 multum
1072 1331 1124 1364 la-

365 1376 495 1412 {civiae
530 1378 564 1411 ὅ(
606 1378 698 1413 nihil
727 1378 995 1428 providentiae3

418 1428 532 1466 Valle,
558 1427 605 1462 ch'
622 1429 651 1462 io
672 1430 725 1475 gli
752 1430 898 1475 mostraffi
924 1428 1057 1473 l’arte,

364 1476 522 1520 scilicet,
550 1479 718 1522 volandi,

416 1549 716 1556 ----------
741 1543 758 1563 e
783 1530 828 1563 mi
857 1530 924 1573 fece

415 1581 545 1615 Ardere
564 1594 585 1614 a
603 1580 674 1623 tal,
693 1580 747 1614 che
767 1579 882 1615 l'avea
892 1580 1103 1627 perfiglt'uolo
1116 1607 1124 1615 .

369 1629 478 1669 Idest,
506 1630 680 1677 Episcopo
705 1629 860 1670 Senenli,
888 1631 948 1678 qui
978 1631 1125 1666 habebat

366 1679 480 1728 ipsum
509 1681 682 1716 Albarum
706 1694 773 1729 pro
798 1682 915 1721 Filio,
942 1682 1028 1716 licet
1055 1681 1126 1716 for—

367 1740 404 1766 te
430 1744 500 1766 non
529 1731 632 1770 esset,
669 1732 753 1779 quia
780 1732 917 1780 genitus
945 1746 987 1767 ex
1017 1745 1127 1767 mere-

367 1781 478 1817 trice.
507 1783 552 1816 Et
580 1781 602 1816 s1
630 1792 729 1823 erat,
759 1796 829 1817 non
857 1783 1004 1817 audebat
1031 1782 1126 1817 dice-

369 1845 429 1871 re,
456 1833 539 1880 quia
576 1832 672 1878 saepe
701 1833 901 1868 Sacerdotes
939 1833 1127 1868 consueve—

371 1893 454 1919 runt
483 1883 596 1919 Filios
624 1883 700 1918 suos
728 1884 842 1919 dicere
871 1886 1053 1932 Nepotes.

607 1937 670 1970 Act
698 1934 781 1979 Vers.
810 1947 891 1970 121.

424 1988 473 2020 Et
499 1985 529 2019 io
553 1986 627 2031 dff
652 1986 686 2020 al
712 1988 828 2020 Poeta.
856 1990 899 2019 Or
922 1986 959 2029 fu
982 1985 1109 2033 giamat‘

426 2039 526 2070 Gente
550 2038 578 2070 si
604 2050 719 2080 vana,
746 2050 825 2071 come
849 2037 884 2072 la
910 2037 1059 2081 sanese?

375 2086 516 2122 Augtor
534 2086 646 2135 gratia
666 2088 867 2134 praemissae
887 2087 1058 2123 vanitatis
1085 2086 1136 2122 fa·
1173 2094 1202 2126 E

376 2138 427 2172 cit
451 2151 554 2173 unam
578 2137 820 2186 digreffionem
836 2163 847 2178 ,
872 2138 940 2174 hoc
963 2138 1008 2173 est
1032 2151 1134 2173 unam

376 2188 594 2224 invec‘civam
624 2188 819 2224 mordacem
866 2188 903 2225 ὃ(
945 2189 1136 2225 irrisoriam

377 2249 498 2274 contra
538 2239 727 2282 Senenfes,
770 2240 972 2275 vaniffimos
1014 2239 1131 2275 homi—

377 2302 490 2338 num;
531 2290 632 2326 Unde
659 2290 767 2325 dicit.
795 2293 843 2324 Et
869 2291 919 2334 io,
957 2291 1041 2325 idest
1067 2303 1131 2339 ego

377 2342 483 2376 Poeta
513 2343 644 2376 Dantes
671 2341 887 2376 considerans
918 2341 1131 2376 dementiam

375 2390 475 2427 illius
495 2392 619 2427 Albari
643 2390 817 2431 Senenfis,
842 2393 877 2426 &
904 2392 1011 2433 patris
1038 2392 1132 2439 ejus,

375 2442 437 2488 qui
478 2455 549 2478 non
591 2442 732 2478 erubuit
771 2443 904 2477 tradere
951 2442 1132 2477 hominem

378 2491 531 2528 fiammis
557 2492 670 2542 igneis
697 2507 760 2538 pro
786 2506 851 2529 una
882 2494 972 2529 buffa
998 2494 1040 2528 de
1066 2493 1133 2542 quai

377 2544 524 2580 debebat
543 2543 661 2594 potius
681 2545 813 2589 ridere,
841 2543 880 2581 δί
899 2544 1147 2587 ἀίἰῖἰῑηιιὶεῑε,,

1235 314 1278 350 fic
1319 315 1591 364 praecipitanter
1632 315 1765 364 agendo
1791 340 1800 354 ,
1842 316 1992 352 incurrit

1235 377 1433 415 perpetuam
1462 366 1666 410 infamiam,
1695 379 1738 401 ne
1764 367 1878 402 dicam
1909 380 1991 414 poe-

1235 429 1335 453 nam.
1363 418 1447 463 D‘ffi
1468 418 1502 453 al
1525 421 1623 452 Poeta
1650 417 1787 453 scilicet
1808 418 1991 466 Vergilio.

1235 472 1277 502 Or
1305 469 1345 512 fu
1375 469 1502 515 giamai
1523 479 1617 515 gente
1650 470 1678 502 ,τὶ
1704 482 1818 511 vana,
1855 482 1933 502 come
1959 470 1993 503 la

1234 519 1376 564 Sanese?
1402 518 1507 565 Quasi
1532 519 1646 554 dicat:
1679 521 1786 554 Nulla
1812 533 1895 568 gens
1923 518 1992 555 fuit

1236 578 1307 604 tam
1336 583 1424 604 vana
1452 570 1489 605 in
1517 570 1638 617 aliquo
1662 579 1840 618 tempore,
1870 571 1924 605 vel
1954 570 1991 606 in

1236 619 1356 667 aliquo
1383 621 1488 654 loco.
1525 621 1572 653 Et
1608 620 1778 655 continuo
1815 620 1993 669 specificat

1238 670 1430 705 vanitatem
1453 668 1649 704 Senenfium
1678 682 1739 716 per
1759 671 1994 718 comparatio-

1239 733 1317 755 nem
1354 719 1395 754 ad
1432 729 1571 767 gentem
1609 720 1821 755 Gallorum.
1860 722 1905 755 Et
1942 733 1994 756 re-

1239 770 1406 820 spondens
1434 769 1495 805 fibi
1524 768 1585 817 ipfi
1614 769 1703 805 dicit
1730 769 1794 805 fic:

1288 825 1379 856 Certo
1406 834 1464 855 non
1492 821 1525 856 la
1552 820 1722 861 Francesca
1747 821 1775 854 si
1800 819 1951 868 d’affat'.

1238 871 1343 917 Quasi
1371 871 1486 907 dicat:
1524 870 1611 906 licet
1638 870 1770 906 Gallici
1807 871 1873 906 fint
1899 885 1995 908 com-

1240 922 1395 958 muniter
1442 920 1620 957 vaniffimi
1660 922 1820 957 omnium
1865 922 1994 959 Natio-

1240 986 1351 1012 num,
1387 985 1458 1008 non
1497 980 1614 1008 tamen
1651 971 1730 1008 sunt
1765 972 1875 1017 vani,
1911 973 1997 1009 ficut

1240 1022 1421 1060 Senenses.
1450 1022 1507 1059 Ad
1536 1023 1632 1071 cujus
1653 1023 1929 1072 intelligentiam
1950 1024 1996 1060 est

1240 1074 1416 1110 sciendum
1433 1099 1443 1114 ,
1471 1074 1563 1122 quod
1592 1074 1687 1109 Galli
1707 1073 1784 1110 sunt
1801 1087 1907 1122 genus
1935 1088 1997 1110 va-

1240 1124 1417 1161 niffimum
1447 1124 1632 1160 hominum
1670 1125 1711 1160 ab
1739 1125 1906 1173 antiquo.
1943 1125 1997 1161 Si-

1240 1186 1299 1212 cut
1328 1184 1423 1225 patet
1459 1175 1556 1223 saepe
1583 1175 1672 1223 apud
1708 1176 1840 1219 Julium
1869 1175 1998 1212 Caesa-

1240 1240 1336 1267 rem,
1373 1227 1459 1262 alias
1486 1225 1662 1262 Celsum.v
1685 1228 1732 1262 Et
1769 1226 1874 1263 hodie
1903 1235 1997 1275 patet

1239 1278 1280 1313 de
1301 1276 1414 1314 facio.
1450 1278 1620 1313 Videmus
1640 1278 1758 1317 enim,
1783 1278 1876 1324 quod
1891 1276 1997 1313 omni

1240 1329 1296 1364 die
1332 1329 1565 1364 adinveniunt
1603 1341 1714 1363 novos
1750 1327 1890 1363 habitus
1913 1352 1925 1368 ‚
1961 1329 1996 1363 &

1241 1393 1348 1414 novas
1376 1379 1505 1414 formas
1533 1378 1697 1413 vestium.
1726 1378 1829 1413 Unde
1855 1391 1925 1413 non
1953 1377 1998 1414 cst

1241 1429 1368 1464 mirum
1411 1429 1447 1464 in
1484 1428 1555 1470 eis,
1598 1428 1691 1476 quod
1735 1442 1805 1464 non
1848 1428 1999 1465 habeant

1240 1480 1332 1515 suam
1362 1479 1514 1528 fogiam.
1542 1480 1690 1514 Portant
1715 1479 1810 1514 enim
1839 1488 1996 1515 catenam

1240 1530 1280 1566 ad
1308 1531 1462 1573 collum,
1501 1529 1671 1564 circulum
1709 1529 1749 1564 ad
1792 1529 1995 1574 brachium,

1240 1580 1402 1627 punS'tam
1432 1580 1473 1615 ad
1495 1580 1674 1624 calceum,
1704 1593 1833 1627 pannos
1855 1581 1995 1620 breves,

1240 1632 1289 1667 ita
1323 1630 1416 1679 quod
1443 1630 1626 1666 ostendunt
1662 1631 1803 1670 culum,
1844 1629 1883 1665 ὅ(
1919 1644 1996 1679 par-

1241 1691 1310 1717 tem
1357 1680 1564 1716 obscoenam
1617 1680 1774 1728 corporis
1814 1682 1998 1716 occultan-

1239 1733 1344 1771 dam,
1381 1733 1414 1766 δε
1457 1731 1636 1779 caputium
1678 1741 1759 1766 ante
1794 1730 1919 1766 faciem
1957 1731 1999 1767 ad

1242 1782 1424 1831 tegendam
1461 1791 1593 1829 partem
1631 1781 1787 1830 corporis
1824 1781 1999 1817 honestam

1242 1833 1358 1881 potius
1380 1832 1661 1868 manifestandam
1675 1859 1683 1867 .
1708 1834 1754 1867 Et
1775 1832 1825 1867 ita
1845 1832 1887 1868 de
1907 1833 1999 1867 mul-

1244 1885 1289 1920 tis
1316 1883 1553 1919 vanitatibus.
1582 1882 1690 1918 Unde
1718 1883 1852 1925 miror,
1881 1884 1914 1917 8<
1943 1882 1999 1918 in—

1244 1935 1370 1983 dignor
1384 1934 1524 1972 animo,
1552 1933 1692 1980 quando
1709 1933 1812 1969 video
1834 1933 2000 1978 Italicos,

1244 1988 1278 2021 &
1308 1985 1488 2033 praecipue
1518 1984 1689 2027 Nobiles,
1730 1984 1792 2032 qui
1831 1993 2002 2019 conantur

1245 2036 1381 2072 imitari
1418 2034 1562 2080 vestigia
1598 2048 1741 2077 eorum,
1781 2035 1815 2069 8<
1865 2034 2003 2071 discunt

1246 2087 1421 2136 Linguam
1461 2086 1661 2125 Gallicam,
1702 2086 1881 2121 afferentes
1910 2084 2003 2132 quod

1247 2139 1342 2174 nulla
1379 2137 1424 2172 est
1463 2136 1618 2179 pulcrior
1661 2136 1801 2185 Lingua
1840 2136 1999 2171 Gallica:

1246 2188 1338 2237 quod
1367 2187 1483 2223 nescio
1511 2187 1648 2223 videre.
1678 2190 1771 2223 Nam
1798 2187 1935 2235 Lingua
1956 2185 2001 2221 est

1248 2239 1398 2275 bastarda
1424 2239 1586 2287 Linguae
1612 2238 1783 2278 Latinae,
1820 2237 1904 2272 ficut
1943 2250 2003 2272 ex—

1248 2290 1417 2339 perientia
1446 2289 1568 2324 docet.
1611 2291 1703 2325 Nam
1742 2302 1848 2337 quum
1877 2287 2002 2335 poffint

1249 2342 1335 2377 bene
1361 2339 1512 2390 proferre
1539 2341 1732 2379 Cavaliero,
1768 2340 1889 2375 dicunt
1921 2341 2003 2371 Che-

1247 2392 1354 2427 ·valier
1392 2400 1557 2439 corrupto
1598 2392 1791 2426 vocabulo.
1831 2387 2006 2424 Similiter

1248 2456 1356 2490 quum
1385 2441 1541 2478 nesciant
1567 2442 1683 2477 dicere
1704 2441 1853 2484 signore,
1881 2439 2005 2474 dicunt

1249 2495 1324 2533 Sir,
1350 2494 1384 2528 &
1412 2492 1462 2528 ita
1490 2493 1532 2527 de
1558 2491 1703 2527 ceteris.
1730 2490 1847 2535 Hujus
1874 2489 1923 2524 rei
1955 2499 2006 2524 te·

1249 2543 1448 2579 stimonium
1495 2541 1660 2578 habemus
1684 2567 1696 2585 ,
1746 2540 1841 2589 quod
1895 2539 2006 2575 adhuc

1848 2604 1954 2640 quan-
