2216 3105
403 209 488 249 435

671 194 1139 238 BENVENUTI
1195 194 1648 239 IMOLENSIS

1820 202 1909 254 436

343 250 485 298 publice
513 252 743 289 mendicando
776 268 899 303 panem
939 269 997 302 per
1025 257 1101 290 An-
1139 254 1171 287 A
1213 255 1306 299 Qiia
1335 254 1384 291 fui
1413 264 1507 291 totus
1536 254 1828 304 circumspefi’tus,
1864 258 1898 291 8<
1926 269 1966 290 0-

345 312 497 346 conam,
533 303 570 338 in
608 317 674 352 qua
712 316 869 341 mortuus
906 305 950 340 est
978 304 1015 341 ὃς
1053 305 1101 340 se-

344 353 484 398 pultus.
514 355 560 388 Et
589 356 700 390 multa
728 355 849 391 audivi
877 356 917 391 de
945 369 1006 394 eo,
1043 368 1102 403 per

345 413 434 448 quae
481 414 617 452 poterat
660 405 742 441 satis
786 405 917 454 sperare
958 406 999 441 de
1046 405 1102 441 sua

345 452 478 490 salute.

397 507 438 538 Se
464 519 523 539 non
546 504 620 551 foffe
648 506 673 540 il
696 519 778 553 gran
808 511 916 547 Prete,

348 553 483 590 scilicet
533 555 735 591 Bonifacius
782 559 882 591 VIII.
929 555 1103 602 Quamvis

349 605 465 641 omnis
497 607 588 653 Papa
615 606 753 641 dicatur
789 609 949 641 Summus
988 609 1102 641 Sacer-

350 656 432 696 dos,
461 664 577 690 tamen
607 655 835 699 Bonifacius‚
864 657 1105 704 temporaliter

348 705 551 751 loquendo,
588 704 656 740 fuit
684 719 754 740 non
791 705 903 740 solum
933 718 1075 753 magnus
1096 733 1105 746 ,

350 755 405 791 sed
435 755 630 798 maximus,
659 755 740 802 quia
769 755 900 802 primus
927 755 1016 794 fuit,
1045 755 1105 802 qui

349 806 446 841 vixit
487 806 720 852 imperialiter
745 806 779 841 &
809 804 994 855 magnifice
1014 832 1023 841 .
1060 809 1106 841 Et

350 856 438 892 dicit
467 856 629 892 Auffior:

402 929 574 934 ------
601 922 621 943 a
647 907 696 942 cui
722 907 787 942 mal
811 908 954 955 prenda3

353 957 456 1001 idest,
486 958 541 993 cui
571 959 701 993 malum
723 957 883 1006 accidat3
912 970 991 992 nam
1015 969 1107 991 mor-

353 1017 433 1044 tuus
469 1009 514 1044 est
550 1009 587 1044 in
624 1008 802 1044 anxietate
838 1006 876 1043 &
916 1007 1032 1045 rabie,
1071 1016 1137 1042 ut1

353 1059 450 1106 saepe
478 1059 634 1108 tangitur
661 1060 697 1094 in
727 1058 838 1094 Libro
866 1068 964 1094 toto:

405 1111 470 1144 Che
496 1111 540 1144 mi
566 1110 668 1151 rimise
695 1123 731 1143 ne
757 1110 788 1143 Ie
811 1109 909 1155 prime
935 1109 1040 1154 colpe.

355 1160 470 1199 mest,
508 1160 544 1195 in
583 1159 740 1206 pristinas
781 1158 913 1194 fraudes
950 1159 982 1193 8<
1022 1166 1110 1193 artes

355 1211 461 1246 belli.
500 1213 546 1245 Et
573 1210 686 1245 reddit
713 1209 908 1245 auditorem
936 1218 1108 1244 attentum

356 1262 397 1296 ad
426 1261 656 1299 audiendum,
683 1260 821 1295 dicens:

407 1315 439 1346 E
467 1325 545 1346 come
571 1311 617 1350 ό*
644 1324 738 1358 quare
764 1310 890 1358 voglio,

457 1365 572 1397 tenda.

357 1412 526 1456 Scilicet,
564 1421 629 1451 tu,
665 1411 879 1459 quicumque
906 1410 970 1449 fis,
1009 1409 1112 1445 astute

357 1465 426 1510 qui
453 1463 588 1502 forma,
624 1464 657 1497 8<
687 1476 753 1509 qua
781 1462 822 1496 de
850 1461 967 1499 causa,
1005 1460 1112 1495 Boni-
1139 1472 1141 1490 ¹

357 1513 466 1549 facins
493 1512 640 1548 retraxit
669 1525 723 1547 me
750 1512 786 1546 in
816 1512 922 1546 malas
951 1512 1087 1557 culpas.

407 1567 535 1598 Mentre
561 1562 607 1597 οβ’
628 1563 656 1597 io
687 1562 790 1606 forma
820 1562 872 1605 fici
897 1561 930 1595 d'
951 1560 1010 1607 offa
1038 1575 1052 1594 e
1078 1562 1114 1594 di

455 1614 575 1660 palm,-

925 1311 976 1344 che
1003 1308 1043 1344 m’
1060 1309 1111 1343 in—
1138 1343 1140 1348 ,

1139 1450 1141 1467 l

358 1665 463 1700 Nunc
492 1662 623 1699 Comes
651 1664 773 1698 volens
801 1675 936 1697 narrare
955 1661 1112 1705 causam,
1139 1669 1141 1681 ¹

359 1727 463 1761 quare
492 1713 693 1749 Bonifacius
722 1713 902 1759 requisivit
930 1725 1035 1755 eum,

1073 1725 1141 1751 ου

359 1764 484 1799 stendit
526 1763 558 1799 se
601 1764 715 1811 primo
752 1763 863 1798 visum
903 1762 999 1797 fuiffe
1036 1756 1141 1796 ido-5

358 1826 483 1853 neum,
513 1813 572 1861 qui
602 1824 776 1862 perageret
804 1813 921 1861 illud·

358 1863 416 1900 iste
446 1875 607 1913 poterat,
644 1878 726 1911 quia
758 1864 890 1899 [cilicet
919 1862 1142 1909 expertiffi—

360 1928 436 1950 mus
465 1914 575 1950 fuerat
603 1928 778 1950 armorum
807 1914 844 1949 in
874 1913 1143 1962 Secul031‘2ed

359 1973 477 2000 tamen
522 1978 613 2000 nova
657 1965 731 2000 vita
773 1964 980 2012 prohibebat
1028 1962 1143 2049 fibDii,

360 2016 442 2072 quia
470 2015 580 2051 factus
607 2025 679 2051 erat
707 2017 827 2051 frater
862 2015 1011 2050 Minor.

359 2067 409 2101 cit
436 2079 538 2114 ergo:

410 2137 613 2143 -------
640 2115 679 2151 L’
691 2127 760 2162 osne
787 2117 845 2150 mse

410 2170 483 2201 Non
505 2167 598 2211 faron
627 2168 788 2205 Lumine,
817 2181 867 2201 ma
893 2166 929 2201 di
954 2181 1004 2200 vo
997 2167 1064 2215 'pn

360 2215 466 2261 Quasi
503 2217 627 2256 dicat,
668 2230 737 2251 non
776 2226 911 2251 tantum
950 2216 1000 2251 fui
1039 2215 1114 2251 usus

359 2267 525 2302 v‘iribus
516 2279 553 2301 ιη
575 2266 696 2305 bellis,
722 2277 890 2313 quantum
916 2266 1114 2305 fraudibus,
1143 2291 1146 2318 ἶ

361 2316 412 2352 ita
440 2317 532 2363 quod
569 2329 638 2350 non
669 2318 862 2364 pugnabam
900 2326 1035 2363 aperte,
1074 2315 1115 2350 fi-

354 2367 422 2401 ‘cut
463 2367 553 2401 olim
593 2366 717 2406 Galli,
759 2377 798 2401 ut
840 2365 960 2401 scribit
1002 2365 1114 2409 Julius

360 2414 490 2452 Caesar
501 2443 510 2451 .

413 2468 472 2501 Gli
497 2467 713 2513 accorgt'menti
737 2480 753 2500 e
779 2467 806 2500 le
833 2477 947 2513 coperte
973 2467 1025 2502 υἷε

412 2519 446 2551 Io
465 2517 557 2564 seppi
582 2528 662 2552 tutte
677 2537 844 2544 ------

958 1814 991 1847 8<
1020 1811 1141 1859 quod¹

1140 2068 1178 2216 ¹

1213 307 1366 340 culatus.
1395 305 1502 341 Unde
1524 307 1683 342 Valerius
1711 306 1891 342 Maximus
1911 305 1966 341 di·-

1213 355 1283 399 cit,
1320 356 1411 403 quod
1443 356 1597 392 vafrities
1627 357 1736 405 magis
1766 358 1852 404 petit
1889 358 1964 392 lau-

1213 405 1290 441 dem
1324 407 1466 442 occulto
1503 407 1670 451 tramite,
1707 420 1810 455 quarn
1847 416 1964 457 aperta

1213 456 1289 491 via.

1263 527 1466 534 -------
1493 522 1508 541 e
1532 509 1560 541 s)
1587 508 1689 542 mermi
1715 507 1771 541 [ον’
1782 518 1868 547 arte,

1213 555 1295 591 idest
1322 568 1391 592 tam
1423 558 1531 604 perite
1558 559 1592 592 δ’»
1621 567 1745 597 caute,

1263 606 1365 640 Ch'ul
1384 607 1455 650 fine
1473 609 1512 640 de
1532 608 1565 641 la
1586 611 1682 641 Terra
1707 609 1732 641 il
1752 608 1845 650 ficano
1865 609 1964 653 nscie.

1214 656 1320 695 Idest,
1357 655 1449 702 quod
1486 656 1577 690 fama
1605 657 1764 703 pervenit
1792 657 1896 704 usque
1923 659 1965 693 ad

1213 718 1408 741 extremum
1425 706 1630 741 Occidentis
1642 733 1652 748 ,
1669 706 1750 752 quia
1768 706 1858 741 fama
1874 707 1967 743 frau-

1213 756 1265 791 dis
1301 757 1457 791 Gallicas
1499 756 1711 791 transcendit
1747 758 1886 805 Alpes,
1928 756 1968 793 &

1214 807 1353 842 volavit
1382 820 1440 853 per
1467 816 1579 842 totam
1607 807 1784 851 Galliam,
1813 808 1872 843 ubi
1908 810 1966 852 Jo—

1213 855 1342 891 hannes
1369 857 1410 891 de
1435 857 1528 904 Apia
1555 867 1628 892 erat
1657 856 1826 900 famosus,
1853 859 1886 893 &
1915 858 1969 894 sui

1214 905 1339 941 strenui
1369 907 1573 942 bellatores.
1611 909 1656 942 Et
1681 908 1814 943 ostenfis
1832 936 1841 951 ,
1880 922 1967 956 quae

1217 965 1377 1003 poterant
1414 970 1553 992 movere
1591 957 1811 994 Bonifaciurn
1841 959 1881 993 ad
1914 973 1966 994 re·-

1215 1006 1423 1053 quirendum
1451 1020 1552 1052 eum,
1579 1008 1727 1043 ostendit
1754 1021 1840 1054 quae
1868 1009 1970 1044 debe-

1217 1057 1299 1091 bant
1342 1071 1519 1094 removere
1557 1071 1636 1093 eum
1660 1083 1671 1098 ‚
1713 1058 1794 1105 quia
1830 1058 1970 1095 dimisso

1186 1134 1189 1145 ,,
1216 1107 1338 1142 habitu
1359 1108 1508 1143 militari
1533 1107 1693 1144 induerat
1721 1109 1880 1145 habitum
1904 1112 1970 1146 Re-

1215 1157 1382 1205 ligionis,
1409 1156 1448 1194 &
1477 1158 1551 1205 paci
1580 1159 1734 1194 maxime
1759 1173 1970 1208 congruum.

1219 1208 1319 1243 Unde
1356 1209 1471 1257 tangit
1509 1209 1601 1244 suam
1630 1209 1888 1245 conversionem
1917 1211 1970 1246 di-

1217 1271 1318 1307 cen53
1357 1259 1449 1306 quod
1477 1259 1604 1295 fecerat
1632 1273 1727 1295 more
1753 1260 1858 1308 periti
1885 1273 1970 1295 nau-

1217 1317 1291 1344 tae.
1324 1310 1422 1344 Unde
1450 1310 1538 1345 dicit
1566 1311 1680 1357 clare;

1266 1380 1373 1385 --—-
1393 1360 1443 1393 che
1465 1362 1539 1406 pria
1565 1361 1609 1393 mi
1630 1361 1783 1406 piaswa,
1811 1381 1918 1388 --—-

1218 1407 1352 1444 scilicet
1380 1409 1416 1444 in
1444 1420 1557 1445 aetate
1593 1410 1766 1458 prae-dieta
1805 1410 1970 1459 praeteri-

1218 1468 1273 1498 ta,
1295 1460 1327 1494 8<
1351 1460 1446 1501 vita,
1474 1473 1576 1507 quam
1600 1461 1745 1495 duxerat
1766 1460 1802 1494 in
1825 1462 1968 1496 Seculo.

1267 1530 1466 1536 -------
1493 1510 1574 1544 allor
1599 1509 1809 1556 m‘increbbe,

1217 1559 1320 1598 idest,
1349 1559 1553 1608 displicuit3

1267 1611 1404 1656 ‚Quando
1446 1611 1491 1644 mi
1530 1610 1604 1644 vidi
1639 1610 1753 1657 giunta
1794 1611 1828 1645 in
1868 1612 1973 1658 quella

1315 1672 1404 1707 parte

1269 1712 1315 1745 Di
1342 1713 1406 1745 mia
1433 1712 1507 1749 εῑιὶ,
1536 1731 1771 1738 ————————

1218 1760 1377 1799 scilicet,
1405 1760 1442 1795 in
1471 1760 1668 1803 senectute,

1269 1831 1502 1838 --------
1527 1812 1608 1845 dove
1634 1811 1753 1856 ciascun
1780 1812 1934 1847 dovrebbe

1270 1863 1370 1897 Calar
1396 1862 1424 1894 le
1450 1862 1520 1895 vele
1546 1875 1561 1894 e
1589 1863 1753 1907 rascoglier
1777 1866 1807 1895 le
1828 1863 1933 1906 farte.

1221 1911 1335 1956 Idest,
1377 1911 1496 1946 funes.
1534 1913 1580 1945 Et
1616 1911 1694 1947 heic
1731 1923 1842 1950 nora,
1880 1913 1974 1959 quod

1222 1963 1422 2000 metaohora
1460 1961 1504 1996 est
1544 1961 1776 2009 pulcherrima
1813 1961 1850 1998 ὅ(
1895 1977 1973 2009 pro-

1223 2011 1407 2060 priiffima.
1428 2012 1525 2047 Sicut
1544 2014 1636 2047 enim
1660 2011 1787 2056 homo,
1808 2013 1866 2060 qui
1891 2013 1974 2050 dum

1222 2063 1430 2111 navigavit,
1472 2062 1572 2098 debet
1609 2062 1670 2098 fibi
1713 2063 1893 2111 providere
1932 2065 1974 2100 de

1224 2125 1346 2161 portu,
1374 2114 1410 2148 in
1440 2126 1510 2161 quo
1538 2112 1648 2161 postea
1676 2113 1891 2162 requiescat3
1922 2115 1972 2150 ita

1223 2153 1353 2208 bomo,
1381 2164 1441 2211 qui
1462 2163 1522 2199 diu
1549 2164 1724 2200 laboravit
1752 2165 1788 2199 in
1818 2164 1879 2199 isto
1901 2178 1973 2201 ma-

1223 2215 1251 2250 ri
1280 2214 1481 2253 fortun0s0‚
1510 2224 1548 2249 ut
1569 2214 1726 2261 acquirat
1755 2215 1972 2259 potentiam,

1222 2265 1369 2313 gloriam
1395 2267 1429 2299 δί
1457 2265 1646 2303 honorem,
1674 2265 1776 2301 debet
1803 2266 1975 2301 declinare

1224 2318 1339 2351 velum
1369 2315 1500 2364 gloriae
1529 2316 1742 2359 mundanae,
1770 2317 1803 2351 &
1829 2317 1974 2362 collige-

1222 2380 1257 2401 re
1284 2365 1403 2409 funes,
1430 2365 1512 2401 idest
1540 2365 1847 2414 fraudes,.quibus
1874 2364 1973 2400 navi-

1223 2417 1342 2464 gavit,
1379 2416 1461 2451 idest
1489 2415 1600 2451 vitam
1629 2416 1722 2451 suam
1750 2417 1850 2451 duxit
1878 2415 1914 2449 in
1942 2415 1973 2449 i-

1223 2467 1269 2502 sto
1307 2467 1436 2501 mundo
1473 2479 1590 2501 amaro
1617 2467 1650 2501 8<
1688 2464 1902 2513 procelloso,
1937 2465 1972 2498 δε

1193 2523 1197 2557 1
1225 2517 1406 2566 providere
1435 2515 1496 2552 fibi
1523 2516 1564 2551 de
1590 2525 1693 2564 portu
1721 2514 1840 2550 salutis
1865 2524 1973 2549 aeter-

1837 2576 1898 2599 nae
1913 2588 1923 2603 ,9
