2216 3105
268 250 352 305 789
548 244 850 291 COMMENT.
890 246 954 290 ΙΝ
991 242 1218 289 ΒΑΝΤῙΞ
1256 242 1500 284 COMOED.
1539 237 1544 240 ’
1693 258 1777 298 79ω

209 309 280 356 ejus
309 313 506 354 praenarrat
533 305 706 353 refugium
734 307 806 354 ejus
833 306 871 342 in
892 305 967 342 exi-
997 307 1042 341 »A
1078 303 1161 353 quia
1188 301 1325 337 scilicet
1353 302 1467 357 primo
1494 301 1592 336 dabit
1610 328 1620 345 ‚
1666 315 1769 349 quarn
1799 311 1836 338 tu

209 359 281 393 lio.
319 359 364 391 Et
404 355 520 396 dicit.
560 356 653 403 quod
697 357 848 404 primum
876 356 968 392 refu-

210 408 308 457 gium
345 407 418 455 ejus
459 405 527 442 erit
576 406 719 455 quidam
763 406 968 456 magnificus

211 461 302 495 Baro
329 456 573 493 Lombardus.
615 456 673 491 Ad
702 457 798 505 cujus
826 458 969 494 eviden-

211 509 301 544 tiam
337 506 382 542 es’t
418 507 714 553 praenotandum,
757 509 850 555 quod
887 509 969 552 iste,

211 558 253 594 de
280 571 351 606 quo
379 556 516 592 AuE‘tor
557 557 740 605 loquitur,
782 558 851 594 fuit
892 559 971 606 qui-

213 609 292 644 dam
321 607 497 643 Dominus
538 608 851 653 Bartholomaeus,
887 608 971 657 quia

213 657 373 694 obtinuit
413 657 686 706 Capitaneatum
733 662 893 694 Veronae
929 661 1001 695 ab.

213 709 446 756 Imperatore.
474 709 532 744 Ad
561 723 664 757 quem
693 710 830 745 Aufitor
857 710 971 759 primo

211 759 337 794 habuit
362 758 559 801 recursum,
587 761 620 794 δε
648 761 780 808 recepit
804 759 971 809 provisio-

212 822 293 844 nem
321 809 363 844 ab
391 822 453 845 eo.
499 810 575 845 Post
603 810 697 846 enim
727 821 876 846 mortem
906 813 972 845 Ec-

214 859 321 895 celini
349 859 391 895 de
419 862 601 900 Romano,
643 860 813 897 Mastinus
840 859 879 896 a&
906 863 974 896 Al-

214 910 330 944 bertus
358 909 547 945 familiares
575 910 664 947 diffli
691 911 848 947 Eccelini
873 912 973 947 inva-

214 959 331 995 serunt
358 959 556 997 dominium
587 964 770 997 Veronae.
799 964 904 998 Nunc
932 961 972 997 ad

214 1009 353 1045 literam
371 1037 380 1046 .
408 1011 644 1060 Caeciaguida
672 1012 837 1048 describit
864 1013 973 1060 Capi-

214 1069 357 1096 taneum
385 1061 696 1098 Bartholomaeum
732 1078 751 1099 a
779 1063 973 1099 liberalita-

214 1118 276 1150 te,
303 1111 337 1145 &
365 1112 407 1146 ab
435 1122 608 1148 armatura
636 1113 715 1155 sua,
742 1113 879 1149 dicens:

265 1162 348 1195 Sam}
375 1162 410 1195 la
435 1162 558 1203 cortesia
583 1164 636 1197 del
657 1177 742 1211 gran
777 1163 973 1204 Lomllardo,

215 1211 321 1250 idest,
350 1211 544 1248 liberalitas
571 1215 604 1248 &
626 1214 868 1250 munificentia
890 1216 974 1250 Bar-

215 1261 411 1298 tholomaei
440 1263 630 1310 praedisti‚
657 1266 719 1312 qui
747 1265 816 1302 fuit
838 1264 974 1314 magni-

216 1311 301 1348 ficus
329 1312 506 1348 Dominus
533 1313 570 1348 in
598 1315 832 1351 Lombardia,
862 1318 907 1350 Et
933 1315 974 1350 de

214 1363 265 1398 rei
294 1363 443 1398 veritate
471 1363 530 1399 iste
558 1365 651 1400 inter
677 1368 865 1411 Tyrannus
906 1365 974 1401 fuit

215 1422 396 1461 reputatus
434 1413 516 1449 satis
552 1416 680 1464 probus
730 1415 770 1453 &
806 1417 974 1465 prudens.

213 1464 261 1499 Et
288 1463 398 1501 dicit:

263 1514 328 1546 Che
339 1514 371 1546 'n
392 1516 433 1558 su
459 1516 494 1548 la
518 1516 614 1549 Scala
636 1525 730 1559 porta
756 1517 783 1551 il
802 1517 897 1561 santo
922 1530 975 1551 uc·-

316 1564 414 1599 cello.

215 1614 298 1661 quia
325 1613 430 1649 habet
456 1615 590 1650 Scalam
629 1628 692 1664 pro
727 1615 904 1663 Infignio,
939 1618 974 1652 δε

215 1662 358 1712 desuper
386 1673 502 1710 portat
531 1665 702 1711 Aquilam
729 1667 974 1713 lmperialem,

217 1727 306 1761 quae
335 1724 480 1749 vocatur
508 1714 582 1749 avis
604 1715 693 1755 Dei,
721 1724 760 1750 ut
779 1717 973 1764 expositum

216 1764 262 1799 est
291 1767 352 1799 Vl.
381 1766 468 1812 Cap.
496 1763 598 1812 hujus
619 1763 748 1804 Libri,
776 1767 810 1800 &
830 1767 868 1800 in
890 1769 976 1802 Pur-

217 1814 377 1863 gatorio.
419 1817 465 1850 Et
492 1814 608 1850 subdit
635 1828 753 1851 veram
780 1816 976 1852 liberalita—

215 1874 288 1901 tem
327 1865 473 1913 praefati
511 1865 682 1905 Domini,
723 1865 806 1913 quia
835 1879 975 1914 praeve-

215 1915 291 1951 niet
318 1916 391 1963 ejus
418 1916 651 1965 indigentiam
671 1944 681 1960 ,
709 1929 772 1952 nec
799 1916 976 1964 exspefi'ta-

216 1965 270 2000 bit
299 1966 509 2013 petitionem
538 1968 596 2002 vel
632 1967 870 2016 precationem
897 1970 975 2004 Au-

217 2015 345 2052 &oris.
374 2018 478 2053 Unde
503 2017 618 2054 dicit:

265 2066 324 2100 Ch*
340 2070 423 2101 awa*
451 2068 485 2100 in
511 2079 542 2100 te
567 2089 797 2096 ------

216 2115 321 2160 idest,
351 2116 412 2164 qui
441 2129 586 2165 magnus
616 2119 856 2154 Lombardus:

265 2188 282 2193 —
309 2189 325 2193 -
352 2189 368 2194 -
394 2189 410 2194 -
437 2169 465 2201 si
492 2168 624 2214 benigno
650 2169 822 2215 rig-nardo,

215 2217 299 2266 quia
327 2217 463 2254 scilicet
490 2228 525 2254 te
552 2218 715 2267 respiciet
740 2221 845 2255 oculo
878 2221 976 2256 beni-

216 2269 363 2316 gnitatis
391 2270 424 2303 &
453 2270 687 2308 clementiae,
714 2270 806 2317 quod
828 2270 868 2306 de
889 2271 975 2307 duo-

217 2319 278 2354 bus
306 2319 411 2355 faciet
439 2320 554 2364 primo
581 2319 640 2363 id,
678 2321 770 2368 quod
798 2319 839 2356 fit
866 2321 974 2370 poste-

215 2369 289 2406 rius
316 2371 358 2405 ab
386 2370 488 2405 aliis.
517 2370 619 2406 Unde
646 2369 760 2406 dicit:

265 2420 331 2455 Che
355 2421 409 2455 del
432 2419 496 2464 far'
498 2442 809 2460 --------

214 2468 376 2510 scilicet,
404 2470 534 2507 donum
563 2473 620 2507 vel
648 2471 851 2508 servitium:

265 2543 282 2549 -—
310 2542 326 2549 -
352 2543 368 2549 -
394 2543 410 2549 -
437 2536 452 2556 e
478 2523 529 2556 dri
556 2523 675 2557 chieder
701 2534 751 2557 tra
776 2525 832 2558 voi
864 2527 923 2559 due

265 2573 331 2609 Fia
354 2573 460 2621 prima
485 2574 556 2620 quel
573 2602 583 2615 ,
627 2574 679 2607 che
704 2584 755 2608 tra
777 2574 829 2621 gli
854 2575 933 2609 altri
958 2577 975 2609 ἐ

312 2624 372 2672 pit>
398 2625 488 2658 tardo
507 2648 514 2659 5

1081 363 1175 404 petas
1203 352 1290 401 sibi3
1329 365 1425 400 cujus
1453 351 1648 400 oppositum
1680 365 1837 388 commu—

1081 405 1173 440 niter
1199 402 1335 439 faciunt
1355 402 1417 437 alii
1441 402 1614 451 Domini3
1643 403 1755 438 immo
1776 414 1839 438 vo*

1081 457 1159 491 lunt
1186 456 1220 489 &
1248 452 1383 489 faciunt
1411 451 1508 500 saepe
1545 452 1576 487 se
1612 453 1727 501 rogari
1756 467 1839 488 con—

1081 516 1134 542 tra
1161 505 1251 541 illud
1279 502 1501 539 Salomonis.
1538 505 1590 538 Ne
1629 505 1717 538 dicas
1743 504 1839 539 amico

1082 567 1137 591 tuo
1152 570 1172 598 ,·
1199 557 1306 590 Vade.

1134 609 1200 640 Con
1226 606 1274 640 lm·
1300 605 1414 640 vedrai
1438 605 1545 648 colui,

1082 657 1175 692 Heic
1201 655 1439 704 Caeciaguida
1481 655 1723 704 praenuntiata
1751 655 1841 692 libe-

1082 707 1221 743 ralitate
1237 705 1425 754 Capitanei
1446 706 1707 742 Bartholomaei
1721 735 1730 751 ‚
1748 718 1841 742 nunc

1083 757 1305 807 praenuntiat
1333 756 1543 805 probitatem
1583 758 1617 791 8<
1646 757 1840 793 liberalita-

1082 818 1154 843 tem
1182 806 1332 843 Domini
1360 807 1467 843 Canis
1495 807 1645 843 Grandis
1673 809 1745 857 ejus
1771 807 1840 844 filii
1876 844 1879 847 χ

1083 860 1139 894 vel
1167 858 1326 907 nepotis,
1354 871 1458 906 quem
1487 858 1601 907 primo
1629 857 1794 894 describit
1821 872 1840 894 a

1084 909 1281 945 strenuitate
1303 921 1477 944 armorum
1492 936 1501 950 ,
1526 908 1724 950 ostendens,
1746 908 1841 956 quod

1083 959 1189 995 fuerit
1217 962 1296 995 vere
1324 958 1418 994 filius
1445 960 1596 1003 Martis,
1639 960 1750 995 audax
1769 985 1778 999 ,
1805 960 1841 994 8<

1084 1020 1240 1059 promtus
1277 1010 1314 1045 in
1352 1010 1510 1058 proelio,
1555 1011 1588 1045 δ(
1633 1009 1842 1046 νὶξὶοτίοΐυε

1083 1061 1208 1096 valde.
1238 1060 1344 1095 Unde
1371 1059 1481 1095 dicit:
1511 1063 1577 1094 Con
1603 1061 1677 1100 lui,
1706 1060 1842 1097 scilicet

1083 1124 1162 1147 cum
1191 1110 1368 1160 praedif'to
1396 1109 1688 1151 Bartholomaeo,
1728 1113 1843 1147 vedrai

1082 1162 1184 1206 colui,
1211 1161 1370 1205 scilicet,
1397 1163 1531 1197 Canem
1559 1161 1764 1198 Grandem:

1135 1232 1320 1240 -----
1347 1212 1399 1246 che
1425 1211 1562 1261 impreffi)
1583 1213 1640 1257 sue

1135 1263 1297 1307 Nascendo
1323 1283 1511 1290 -----

1086 1312 1241 1352 scilicet,
1278 1312 1315 1349 in
1343 1313 1533 1350 nativitate
1561 1313 1638 1354 sua,
1663 1314 1747 1352 idest
1774 1316 1844 1365 jam

1086 1363 1295 1399 efficaciter.

1136 1435 1152 1441 -
1179 1435 1195 1440 -
1222 1435 1238 1441 —
1264 1436 1281 1441 -
1308 1416 1336 1448 si
1362 1416 1406 1449 da
1432 1416 1537 1461 quella
1562 1417 1666 1451 Stella
1689 1417 1792 1461 forte,

1087 1463 1244 1506 scilicet,
1272 1465 1402 1501 Martis
1432 1467 1617 1509 Planetae,
1659 1468 1721 1515 qui
1759 1467 1846 1505 facit

1088 1515 1181 1550 viros
1209 1514 1315 1550 fortes
1341 1517 1372 1550 8<
1404 1515 1533 1552 feroces
1560 1517 1597 1552 in
1626 1518 1740 1554 bello:

1135 1566 1200 1599 Che
1228 1566 1363 1600 notabili
1381 1566 1451 1609 fien
1480 1567 1504 1600 l’
1521 1578 1607 1614 opere
1626 1569 1707 1613 sue.

1087 1615 1245 1659 scilicet,
1281 1615 1319 1650 in
1357 1616 1480 1660 bellis,
1517 1617 1601 1653 ficut
1630 1619 1699 1666 jam
1731 1619 1847 1667 patuit

1085 1679 1129 1701 ex
1157 1665 1220 1705 iis,
1248 1678 1336 1713 quae
1365 1665 1489 1714 scripta
1518 1666 1596 1703 sunt
1623 1669 1665 1704 de
1691 1683 1757 1705 eo.

1137 1719 1209 1751 Non
1231 1716 1267 1760 se
1293 1730 1330 1750 ne
1350 1717 1425 1761 fimo
1451 1731 1543 1752 ancor
1568 1740 1757 1748 -----

1087 1766 1145 1800 Ad
1172 1766 1425 1801 exaltationem
1465 1769 1614 1804 Domini
1655 1770 1765 1805 Canis
1792 1772 1848 1806 di-

1087 1816 1157 1853 cit,
1200 1815 1294 1861 quod
1344 1816 1457 1850 virtus
1502 1818 1576 1863 ejus
1616 1819 1772 1855 nondum
1801 1821 1848 1856 est

1087 1874 1192 1908 nota,
1230 1873 1370 1912 propter
1406 1866 1598 1914 juvenilem
1642 1868 1715 1915 ejus
1751 1882 1846 1906 aeta-

1086 1923 1178 1950 tem.
1216 1914 1279 1950 Sed
1306 1914 1343 1950 in
1371 1915 1470 1951 brevi
1498 1916 1558 1952 fiet
1594 1919 1739 1955 celebris
1768 1922 1847 1957 ubi-

1086 1979 1173 2013 que.
1202 1964 1309 2002 Unde
1336 1964 1445 2002 dicit:

1136 2037 1153 2042 -
1180 2036 1196 2042 -
1222 2037 1239 2042 -
1264 2037 1281 2042 -
1307 2016 1337 2050 le
1359 2018 1451 2063 genti
1477 2028 1591 2054 accone

1137 2069 1199 2100 Per
1225 2067 1261 2100 la
1288 2068 1414 2102 novella
1434 2070 1505 2109 etd,

1087 2115 1248 2157 scilicet,
1293 2117 1335 2152 de
1375 2119 1539 2167 operibus
1575 2121 1715 2159 bellicis
1742 2126 1844 2174 ejus,

1087 2166 1155 2203 five
1191 2180 1366 2204 armorum
1412 2169 1531 2217 gestis.
1577 2174 1713 2210 Tamen
1757 2176 1845 2213 mira

1087 2217 1222 2254 indoles
1260 2220 1507 2267 praetendebat
1547 2221 1701 2260 futuram
1731 2226 1845 2263 virtu—

1086 2277 1156 2304 tem
1185 2269 1223 2305 in
1265 2283 1326 2305 eo.
1367 2272 1415 2306 Et
1450 2271 1597 2321 affignat
1639 2275 1772 2312 causam
1802 2292 1844 2314 ex

1088 2329 1184 2368 parte
1211 2320 1357 2360 aetatis,
1384 2334 1455 2356 non
1483 2334 1648 2370 naturae,
1676 2326 1816 2363 dicens:

1138 2391 1153 2396 -
1179 2391 1196 2397 -
1221 2391 1239 2396 -
1265 2392 1281 2397 -
1307 2373 1359 2406 che
1379 2382 1443 2419 pur
1466 2373 1539 2408 nov’
1555 2377 1635 2411 anm'

1136 2423 1200 2455 son
1220 2422 1320 2468 queste
1348 2433 1410 2456 rote
1436 2445 1452 2450 -
1479 2444 1495 2451 -
1520 2446 1537 2451 -
1563 2446 1581 2453 -

1087 2470 1244 2515 scilicet,
1272 2473 1478 2509 Martiales:

1138 2543 1326 2549 -----
1353 2524 1474 2559 intorno
1500 2526 1536 2560 di
1558 2527 1606 2561 lui
1628 2539 1706 2564 torte
1722 2556 1730 2565 .

1086 2574 1133 2608 Et
1172 2572 1335 2622 intellige
1370 2574 1413 2609 cle
1451 2576 1553 2612 annis
1593 2579 1845 2628 Martialibus,

1742 2640 1795 2666 ita
