2216 3105
266 256 350 296 737
558 235 860 279 COMMENT.
894 236 959 280 IN
984 232 1210 282 DANTJS
1238 232 1477 276 COMOED.
1694 240 1778 293 733

207 298 325 346 pultus
352 297 397 334 est
424 296 604 333 Bononiae
623 308 703 331 ante
726 298 865 331 Portam
888 295 964 332 Mi-
1004 300 1037 334 A
1085 294 1164 330 ralis
1185 293 1419 337 consuetud0‚
1445 307 1514 329 non
1535 302 1713 333 tenemur,
1741 298 1838 332 Haec

206 360 332 384 norum
361 349 398 384 in
428 350 544 398 pulcra
570 349 603 382 &
633 348 825 382 marmorea
853 347 965 395 sepul-

207 406 306 435 tura·
356 400 420 435 Sed
466 400 582 448 potius
625 411 685 446 per
725 398 938 434 contrarium
956 426 964 435 .

211 450 312 486 Unde
340 450 448 486 dicit:

261 503 324 534 Ma
348 511 403 545 per
428 514 513 535 amor
538 501 576 535 de
602 501 636 534 la
661 513 769 534 verace
797 514 932 536 manna.

210 549 293 586 idest
320 564 420 586 verae
450 550 701 590 beatitudinis,
729 564 796 599 qua
823 554 967 600 palcun-

209 609 268 636 tur
295 601 430 637 animae
457 603 665 637 Beatorum.

262 655 309 686 Et
335 667 355 688 a
381 653 414 687 la
440 654 538 687 seclia
554 681 568 696 ‚
564 667 742 679 ·····
803 678 805 681 «

213 703 305 738 Heic
341 704 587 739 Bonaventura
623 704 763 751 probat(
789 716 849 752 per
889 703 968 739 effe-

214 753 331 791 Εὶαῐτι,
360 753 453 801 quod
483 754 693 789 Dominicus
714 767 783 789 non
805 755 971 790 studuerit

215 803 257 838 ad
287 801 390 839 finem
418 805 506 840 lucri
529 806 583 839 vel
605 804 770 849 honoris,
797 805 880 852 quia
902 818 971 840 non

214 854 345 901 petivit
373 868 390 889 a
411 854 545 890 summo
572 855 765 894 pontifice,
794 855 970 904 postquam

216 903 326 938 fabius
363 905 406 939 est
444 919 586 954 magnus
624 905 778 945 metor,
820 919 859 941 ea
885 919 972 953 quae

216 955 453 990 communiter
503 965 626 1004 petunt
669 957 732 992 alii
773 957 971 992 Sacerdotes

216 1006 249 1039 8<
279 1005 472 1053 Religiosi,
501 1007 562 1054 qui
591 1016 714 1055 petunt
737 1009 972 1052 Praelaturas,

217 1055 443 1102 potestatem,
488 1056 526 1093 ὅ(
563 1058 829 1093 auctoritatem.
868 1060 972 1094 Nunc

216 1118 351 1153 expone
378 1107 540 1151 literam,
582 1110 614 1143 &
642 1108 795 1144 construe
823 1108 885 1144 fic.
928 1111 973 1143 Er.

219 1168 300 1204 cape
330 1158 443 1205 primo
471 1158 580 1198 illud,
622 1159 713 1206 quod
742 1160 786 1195 est
813 1160 849 1195 in
879 1160 971 1208 prin-

219 1206 314 1254 cipio
342 1207 435 1243 istius
466 1209 569 1256 primi
609 1210 806 1259 Rhythmi3
850 1210 974 1246 deinde

217 1256 335 1301 illud,
372 1260 464 1306 quod
508 1260 551 1295 est
596 1260 633 1295 in
672 1261 847 1309 principio
876 1261 971 1297 tertii

219 1307 417 1354 Rhythmi.
453 1312 499 1346 Et
534 1311 657 1346 dicas:
696 1312 742 1346 Ei
782 1325 841 1346 non
881 1313 973 1347 adcli-

218 1362 352 1394 mando.

269 1429 285 1435 -
309 1429 326 1436 =
352 1431 369 1437 -
394 1412 572 1457 dIspensare
598 1425 614 1447 o
639 1416 699 1448 due
725 1426 741 1446 o
762 1423 808 1447 tre
832 1424 885 1459 per
905 1413 973 1457 sei,

217 1458 323 1504 idest,
359 1474 427 1496 non
459 1463 588 1510 petivit
614 1476 632 1497 a
664 1465 753 1510 Papa
795 1464 885 1510 posse
920 1463 974 1497 di-

217 1507 370 1554 spensare
395 1513 553 1557 quinque
581 1525 642 1558 pro
669 1512 749 1553 sex,
787 1513 872 1547 sicut
899 1523 972 1547 tota

216 1557 272 1592 die
298 1557 434 1595 faciunt
462 1560 755 1609 permutationes.
794 1564 860 1597 Vel
903 1576 971 1597 non

215 1608 347 1655 petivit
374 1609 445 1657 ipse
472 1611 658 1660 dispensari
687 1612 723 1647 in
752 1613 896 1660 aliquo,
934 1613 974 1647 sl—

217 1668 277 1692 cut
313 1660 418 1695 multi
460 1661 651 1708 impetrant
701 1663 805 1699 hodie
827 1691 838 1707 ,
880 1666 972 1711 quod

221 1706 285 1742 lint
313 1709 463 1744 absoluti
492 1711 533 1745 ab
559 1712 718 1746 Ordine:

270 1761 341 1792 Non
369 1760 401 1793 la
424 1760 554 1804 somma
580 1762 616 1795 di
642 1763 741 1805 primo
770 1766 903 1798 Vacante
917 1779 937 1807 ,-

220 1807 324 1852 idest,
351 1823 420 1845 non
451 1811 581 1859 petivit
600 1811 838 1856 Beneficium,
866 1827 974 1861 quum

219 1860 335 1907 primo
362 1871 500 1897 vacaret
530 1876 587 1911 per
615 1874 762 1898 mortem
795 1864 975 1907 habentis,

220 1911 312 1956 quod
339 1911 384 1946 est
413 1925 528 1960 parare
556 1914 737 1949 materiam
779 1915 811 1949 δ(
841 1914 974 1950 causam

221 1960 424 1997 hominibus
452 1964 595 2009 optandi
624 1966 658 1999 &
687 1965 782 2014 saepe
807 1978 976 2012 quaeren-

221 2010 255 2046 di
286 2022 434 2047 mortem
463 2015 631 2050 alferius:

270 2064 343 2096 Non
371 2065 516 2099 Decimus
532 2090 542 2105 ,
578 2079 656 2112 quae
689 2066 767 2111 sunt
802 2070 976 2113 Pauperum

323 2114 387 2148 Dei
402 2140 411 2148 .

217 2161 321 2203 idest,
350 2177 419 2198 non
448 2165 599 2212 petivit,
627 2165 719 2213 poffe
746 2166 895 2202 retinere
915 2166 973 2202 fibi

220 2214 383 2249 Decimas
419 2214 456 2250 in
485 2215 582 2251 suum
611 2218 667 2251 vel
709 2218 849 2252 alterius
876 2217 973 2253 usum

220 2263 279 2299 sub
307 2266 427 2311 aliquo
455 2268 594 2305 colore,
621 2280 709 2313 quae
729 2268 892 2303 deberent
913 2282 973 2315 po—

217 2315 289 2349 tius
325 2318 484 2351 converti
531 2317 567 2352 in
617 2318 711 2352 usum
762 2320 973 2360 pauperum.

218 2366 382 2401 Decimas
410 2368 503 2401 enim
534 2369 634 2402 debet
661 2368 892 2416 unusquisque
917 2372 973 2404 Sa-

217 2416 351 2451 cerdoti
381 2416 438 2452 suo
467 2430 508 2452 ex
538 2420 644 2466 Legis
682 2420 845 2454 mandato
881 2420 973 2455 anti-

216 2481 326 2514 qvae.
358 2467 462 2503 Unde
489 2469 621 2504 diffium
650 2469 714 2505 est:
757 2473 900 2504 Decimus
928 2476 971 2508 e>

213 2519 376 2565 primitias
404 2522 470 2554 Deo
496 2531 548 2554 tuo
576 2534 635 2554 non
675 2522 822 2555 tardabis
848 2521 974 2564 offerre.

217 2572 390 2606 Attamen
428 2571 465 2605 in
503 2571 679 2619 partibus,
732 2572 791 2607 ubi
829 2585 903 2608 non
929 2572 973 2607 est

1083 344 1122 381 &
1158 345 1227 380 alia
1262 343 1390 380 similia
1430 357 1500 379 non
1544 344 1675 392 petivit
1713 348 1838 383 Beatus

1085 395 1294 431 Dominicus
1320 409 1342 430 a
1367 397 1401 429 la
1424 397 1524 430 Sedia
1540 423 1550 440 ,
1579 395 1714 432 scilicet
1740 400 1834 448 Apo-⁴

1083 447 1222 482 stolica:

1133 519 1149 524 -
1174 519 1191 524 -
1217 518 1234 524 -
1259 518 1276 525 -
1302 498 1354 532 che
1376 497 1414 541 su
1437 497 1496 544 gid
1523 496 1660 545 benigna

1133 550 1198 582 Pia
1224 547 1377 596 a'poveri
1398 548 1518 595 giusti,
1545 569 1562 575 -
1587 569 1604 574 -
1631 570 1647 574 —
1674 571 1690 575 —

1083 598 1239 643 scilicet,
1267 600 1371 648 quam
1400 599 1505 635 modo
1532 598 1596 648 fit;
1635 599 1719 647 quia
1749 614 1837 637 nunt.-

1083 649 1129 685 est
1156 649 1303 698 benigna
1331 650 1504 697 divitibus
1531 650 1689 699 injustis.
1729 653 1776 687 Et
1803 653 1839 688 in

1084 699 1149 735 hoc
1175 701 1412 736 commendat·
1441 700 1591 737 Pastores
1633 701 1837 750 primitivae

1084 751 1279 790 Ecclesiae,
1306 753 1339 787 δε
1368 752 1486 799 culpat
1514 752 1719 787 modernos.
1757 753 1832 789 Unr

1082 802 1124 837 de
1152 802 1298 851 corrigit
1325 802 1458 837 difflum
1488 802 1606 842 suum,
1647 803 1787 839 dicens:

1133 873 1149 878 -
1175 873 1192 879 -
1219 873 1234 879 -
1261 873 1278 878 -
1305 866 1365 887 mm
1389 865 1446 897 per
1471 853 1536 888 lei.

1084 901 1187 947 idest,
1223 916 1293 938 non
1333 905 1434 950 culpa
1473 903 1576 952 ipfius
1603 903 1726 943 Sedis,
1754 918 1841 953 quae

1085 954 1124 988 de
1151 953 1184 988 se
1211 954 1335 989 Sangia
1362 954 1426 993 est,
1463 953 1518 990 sed
1544 955 1647 1003 culpa
1675 954 1840 992 Pastoris„

1088 1003 1195 1039 Unde
1223 1004 1334 1039 dicit:

1136 1056 1200 1089 Ma
1232 1065 1287 1101 per
1321 1055 1422 1099 colui,
1461 1056 1513 1090 che
1542 1055 1653 1101 fiede,
1699 1057 1750 1091 che
1776 1067 1841 1092 tra*

1188 1105 1298 1151 ligna.

1085 1154 1241 1199 scilicet,
1279 1156 1379 1204 culpa
1422 1158 1552 1205 Papae.
1592 1159 1640 1193 Et
1682 1157 1843 1206 loquitur

1085 1206 1126 1241 de
1163 1206 1368 1245 Bonifacio‚
1412 1208 1474 1255 qui
1522 1216 1604 1243 tunc
1642 1207 1779 1244 sedebat
1805 1210 1842 1245 in

1074 1256 1169 1302 ¹Sede
1207 1257 1301 1292 Petri
1342 1258 1485 1306 injuste.
1527 1259 1629 1294 Unde
1655 1259 1766 1299 dicit,
1794 1261 1845 1294 che

1086 1307 1251 1354 traligna‚
1280 1307 1383 1347 idest,
1408 1309 1613 1357 degenerat.
1641 1310 1704 1345 Sed
1727 1311 1843 1356 potius

1088 1358 1217 1402 petivit
1243 1358 1412 1394 Officium
1456 1359 1698 1407 inquisitionis
1725 1360 1843 1396 haere·

1087 1409 1177 1444 ticae
1205 1411 1414 1458 pravitatis3
1446 1412 1534 1445 unde
1561 1411 1674 1446 dicit:

1137 1480 1153 1485 -
1179 1480 1195 1485 -
1222 1480 1238 1486 -
1265 1474 1316 1494 ma
1341 1471 1447 1495 contra
1471 1460 1495 1494 'l
1520 1465 1631 1496 mondo
1657 1473 1803 1497 errante⁰

1088 1508 1227 1558 supple,
1254 1510 1412 1557 petivit:

1139 1560 1278 1606 Licenza
1303 1562 1339 1594 di
1365 1561 1532 1596 conabatter
1554 1574 1610 1610 per
1636 1564 1666 1597 [ο
1686 1564 1793 1609 seme..

1088 1609 1195 1649 idest,
1225 1621 1364 1656 propter
1393 1613 1539 1648 Fidem:

1139 1662 1202 1695 Del
1217 1662 1334 1708 qffldst
1349 1662 1471 1706 fast-ian
1487 1664 1704 1711 ventt'quattro
1716 1666 1845 1712 piante.

1089 1713 1134 1746 Et
1161 1712 1238 1747 heic
1266 1722 1349 1747 nota
1377 1714 1469 1760 quod
1498 1715 1609 1762 aliqui
1639 1726 1846 1763 exponunt,

1088 1762 1200 1796 immo
1239 1762 1332 1809 quafi
1366 1776 1520 1808 omnes,
1559 1765 1671 1802 idest,
1715 1768 1846 1801 XXIV.

1088 1810 1190 1846 Libri
1233 1812 1396 1852 Bibliae,
1439 1814 1500 1861 qui
1542 1814 1621 1850 sunt
1665 1824 1847 1863 tamquam

1089 1862 1227 1908 plantae
1253 1862 1427 1898 virentes:
1465 1864 1611 1909 jastium,
1648 1865 1754 1910 idest,
1791 1866 1848 1902 in-

1088 1912 1262 1955 formant,
1291 1914 1322 1947 8<
1352 1913 1516 1949 muniunt
1552 1928 1643 1964 nos;
1682 1916 1724 1950 de
1766 1917 1846 1965 qui·

1090 1963 1149 1997 bus
1175 1961 1372 2011 figuraliter
1397 1963 1530 1999 die’cum
1567 1966 1612 2000 est
1649 1966 1686 2001 in
1717 1967 1846 2016 Purga-

1088 2012 1203 2056 tori0‚
1231 2013 1291 2048 ubi
1311 2013 1425 2049 dixit:
1454 2015 1671 2063 ventiquattro
1695 2018 1846 2064 signori.

1088 2063 1151 2098 Sed
1180 2063 1266 2098 licet
1293 2063 1352 2099 ista
1380 2065 1551 2113 expositio
1580 2066 1739 2103 videatur
1760 2081 1845 2103 con-

1089 2115 1168 2149 sona
1188 2141 1197 2158 ‚
1239 2127 1309 2149 non
1337 2123 1454 2150 tamen
1481 2116 1527 2151 est
1554 2116 1595 2152 de
1623 2127 1740 2153 mente
1767 2120 1846 2155 Au—

1088 2164 1217 2208 ξὶονίε,
1252 2163 1275 2198 fi
1304 2165 1382 2212 quis
1410 2166 1495 2202 bene
1530 2167 1722 2204 considerat
1746 2181 1846 2217 prae-

1089 2215 1219 2250 sentem
1257 2214 1457 2251 fiffionem.
1511 2217 1596 2253 Ideo
1650 2229 1846 2268 exponatur

1091 2267 1237 2309 melius,
1272 2267 1306 2300 δε
1343 2265 1412 2302 fic:
1463 2270 1526 2302 Del
1562 2270 1637 2315 qual
1662 2271 1690 2303 ti
1720 2270 1846 2314 fasciam

1087 2319 1305 2363 ventiquattro
1328 2317 1440 2363 piante
1455 2332 1474 2360 ,·
1510 2319 1593 2354 idest
1620 2320 1717 2368 cujus
1746 2320 1849 2357 semi-

1088 2367 1143 2402 nis
1185 2367 1307 2411 Fidei,
1354 2368 1486 2417 viginti
1537 2380 1687 2418 quatuor
1728 2370 1848 2408 floridi

1092 2417 1261 2454 Do5‘tores
1289 2418 1436 2466 cingunt
1463 2429 1520 2455 te.
1561 2420 1654 2466 Quia
1673 2449 1681 2462 ,
1710 2431 1749 2457 ur
1777 2422 1848 2470 jam

1092 2478 1185 2516 patet
1206 2482 1247 2504 ex
1268 2468 1371 2504 diffis
1393 2469 1429 2504 in
1455 2471 1630 2520 principio
1654 2472 1756 2520 hujus
1777 2475 1847 2508 Ca-

1092 2519 1196 2566 pituli
1238 2519 1324 2555 duae
1365 2533 1512 2556 coronae
1555 2517 1749 2558 Doe‘corum
1777 2523 1848 2559 cir-

1088 2569 1358 2618 cumcingebant
1384 2570 1576 2608 Aufiorem
1594 2600 1605 2617 ,
1633 2586 1776 2620 quarum
1807 2587 1845 2609 u-

1644 2636 1795 2670 naquae-
