2216 3105
301 224 376 260 161

600 205 965 256 DISSERTATJO
1007 207 1508 253 DECIMASEPTIMAss

1720 213 1797 250 162

325 332 589 377 Confirmatio
613 331 843 375 ‘donationis
885 331 1058 384 Insulae,
1089 346 1188 388 quae
1219 333 1325 371 Orto
1354 327 1592 385 appellatur,
1622 326 1720 369 faeta
1750 328 1775 369 :2

440 393 674 448 Berengario
706 396 945 447 Imperatore
992 389 1233 431 Monasterio
1263 387 1462 430 Ticinenfi
1493 386 1657 430 Sanffiae

688 451 840 493 Mariae
871 450 1130 502 Theodotae,
1160 452 1281 490 Anno
1311 462 1412 502 920.

338 571 371 604 N
399 568 541 604 nomine
567 567 716 603 Domini
743 566 809 602 Dei
838 566 990 602 aeterni.

238 647 261 664 ‚‚
361 618 585 666 Berengarius
609 617 730 654 divina
757 617 895 652 favente
923 617 992 651 cle<

236 697 260 714 ‚,
290 670 421 705 mentia
449 671 643 718 Imperator
669 668 863 717 Augustus.
892 669 991 712 Quo-

235 747 260 765 „
288 720 384 755 niam
423 720 564 767 quidem
602 722 831 768 Imperatores
860 719 892 752 &
924 721 990 753 Re-

236 793 261 815 ,.
288 784 345 819 ges
371 771 562 806 sanctarum
591 770 656 805 Dei
682 768 909 804 Ecclessarum
938 768 990 804 su-

236 848 261 865 „
291 822 483 857 blimitates
532 820 698 856 custodire
744 818 781 855 ἃ
829 819 990 867 ampliari

235 898 260 915 „
289 872 493 911 condecuit,
516 871 647 907 idcirco
669 871 826 919 precibus
851 869 888 907 ἃ
914 869 990 916 sup-

236 949 260 966 „
290 922 539 969 plicationibus
565 922 739 969 Agimonis
766 920 990 956 venerabilli-

236 999 260 1015 „
291 972 339 1006 mi
375 973 556 1016 Praesnlis,
584 985 719 1007 necnon
756 971 788 1005 δ(
817 970 991 1017 Walperti

237 1048 261 1064 „
290 1021 496 1057 nobiliffimi
525 1022 594 1057 viri
621 1021 659 1057 ἃ
697 1020 860 1056 cariffimi
889 1020 991 1055 Fide-

237 1098 260 1115 „
288 1071 332 1107 lis
359 1071 486 1110 nostri,
514 1072 664 1107 libenter
700 1070 824 1106 inflexi
853 1069 991 1105 conces-

235 1148 260 1164 „
289 1121 416 1165 fimus,
453 1120 491 1157 ἃ,
531 1131 695 1169 perpetuo
734 1122 806 1169 jure
844 1120 992 1156 donavi-

235 1198 260 1215 „
288 1185 364 1206 mus
392 1172 650 1219 aliquantulum
689 1181 797 1207 terrae
824 1171 861 1206 in
888 1173 990 1215 loco,

237 597 261 614 θ’

222 1248 259 1264 ’θ’

235 1297 259 1314 ,,
288 1272 329 1306 de
371 1270 483 1306 Curte
524 1271 633 1307 nostra
659 1271 866 1315 rMarinco‚
907 1271 990 1309 ficut

235 1347 259 1365 „
289 1320 441 1357 confinia
469 1321 613 1357 inferius
640 1321 765 1368 scripta
792 1322 988 1356 declarant:

236 1397 260 1415 ,‚
289 1384 351 1406 nec
379 1385 449 1407 non
485 1373 518 1406 ὃς
558 1371 729 1419 quandam
768 1371 918 1406 Insulam
950 1372 990 1406 de

236 1448 260 1465 ,‚
287 1421 405 1457 eadem
422 1424 532 1458 Curre
552 1421 717 1458 Marinco
737 1421 966 1468 pertinentem
980 1447 989 1460 ‚

236 1498 260 1516 „
288 1485 374 1519 quae
402 1472 532 1508 dicitur
555 1475 668 1512 Orto,
692 1471 776 1507 ficut
801 1471 858 1506 hic
887 1471 989 1507 cohe-

235 1549 259 1565 ,‚
287 1523 418 1558 rentiae
446 1523 655 1561 decernunt,
676 1521 890 1557 Nion-asterio
911 1522 988 1557 bea-

234 1598 258 1615 „
285 1572 433 1608 tiffimae
470 1573 604 1608 fandilae
641 1572 840 1621 semperque
869 1571 989 1620 Virgi-

233 1648 257 1666 ‚,
285 1623 341 1659 nis
364 1623 524 1663 Mariae,
545 1637 632 1671 quae
657 1632 875 1670 nuncupatur
897 1625 989 1658 Deo-

234 1698 258 1714 „
286 1673 410 1713 dorae.
438 1673 497 1708 sub
525 1673 623 1709 omni
651 1674 876 1721 integritate,
905 1673 989 1708 ficut

235 1749 260 1765 ,‚
287 1726 329 1758 ad
356 1723 488 1764 nostram
526 1724 719 1770 Imperialem
755 1724 797 1756 (9⁴
824 1723 990 1758 Publicam

234 1798 257 1814 „
283 1782 404 1819 partem
432 1773 549 1808 eadem
588 1782 678 1808 terra
705 1771 742 1808 &
773 1772 886 1808 Insula
914 1786 989 1821 per-

235 1848 258 1865 „
286 1823 486 1858 tinuerunt.
522 1825 652 1858 Terrae
688 1822 855 1870 fiquidem
893 1836 987 1870 prae—

235 1898 260 1916 „
288 1873 468 1908 nominate
492 1873 528 1908 in
552 1875 654 1917 loco,
675 1873 736 1920 qui
761 1873 892 1909 dicitur
912 1875 989 1908 An-

235 1948 259 1966 „
287 1925 404 1972 glare‚
433 1924 572 1959 coheret
602 1925 644 1959 ab
672 1937 741 1959 uno
769 1924 883 1970 capite
911 1924 988 1972 pos-

235 1998 258 2016 „
287 1973 382 2009 seffio
409 1973 447 2009 &
475 1983 563 2010 terra
591 1973 708 2009 Sanffli
739 1973 917 2016 Martini,
946 1975 987 2009 ab

235 2048 259 2066 ‚‚
287 2024 359 2059 alio
396 2024 509 2073 capite
551 2024 703 2060 decurrit
744 2025 862 2059 alveus
900 2026 986 2060 Bur-

235 2097 258 2118 „
286 2074 398 2118 miae,
426 2088 443 2109 a
480 2075 583 2110 tertia
612 2084 707 2120 parte
744 2074 892 2109 consistit
920 2074 987 2110 fo(-

235 2149 259 2167 „
287 2124 396 2159 satum
424 2124 464 2159 de
494 2127 689 2169 Rovereto,
715 2138 733 2159 a
761 2134 881 2172 quarta
912 2139 987 2172 par-

234 2201 257 2218 „
285 2183 319 2209 te
357 2174 514 2221 adjacent
542 2177 644 2210 Prata
681 2174 722 2210 de
751 2175 844 2210 Avi.
886 2177 986 2211 Prae-

236 2251 259 2268 „
288 2225 488 2260 nominatae
524 2239 662 2272 quoque
702 2225 861 2269 Insulae,
899 2240 985 2274 quae

232 2301 255 2318 ,‚
283 2274 413 2311 dicitur
439 2276 550 2314 Orto,
578 2275 717 2310 coheret
746 2277 787 2310 ab
815 2290 881 2312 una
910 2291 985 2326 par-

330 2582 422 2614 Tamo
448 2580 509 2614 m.

287 1223 348 1268 qui
385 1222 517 1256 dicitur
544 1223 719 1269 Anglare,
758 1223 1013 1268 pertinentem·

1020 566 1062 605 ‚A

1013 2011 1018 2056 1

1031 1930 1059 1962 D

1105 593 1129 610 „
1156 574 1191 601 te
1221 563 1374 602 fluvius,
1402 575 1490 610 quae
1526 568 1746 610 nuncupatur
1772 561 1852 595 Bur—

1106 644 1129 661 „
1157 615 1249 653 mia,
1278 613 1316 650 ⁴&
1344 627 1387 649 ex
1415 613 1483 648 alia
1520 622 1616 661 parte
1652 611 1770 650 rivus,
1798 611 1856 658 qui

1104 694 1129 711 ,‚
1157 665 1288 701 dicitur
1331 663 1520 712 Frigidus,
1557 677 1576 699 a
1616 662 1722 698 tertia
1765 671 1860 710 parte

1104 744 1128 761 ,‚
1156 715 1306 752 consistit
1333 724 1470 763 pratum
1500 713 1624 762 Regis.
1659 715 1756 748 Haec
1782 726 1858 748 om·-

1098 794 1128 813 „,
1157 767 1243 809 nia,
1283 765 1367 801 ficut
1408 765 1563 811 superius
1605 777 1664 811 per
1706 762 1859 799 confinia

1105 846 1128 863 ‚,
1156 827 1260 865 atque
1288 816 1505 852 coherentias
1536 814 1708 850 declarata
1735 812 1773 849 ἃ
1801 814 1860 849 de—

1105 897 1128 915 „
1156 867 1282 916 scripta
1331 866 1585 904 dinoscuntur,
1632 865 1860 913 praetitulato

1104 947 1129 965 ‚‚
1156 917 1372 954 Monasterio
1408 916 1636 953 Theodoram
1663 915 1724 950 ubi
1754 928 1855 949 vene*

1105 997 1128 1016 „
1155 969 1277 1005 rabilis
1304 969 1338 1003 &
1361 966 1525 1016 religiosa
1549 965 1693 1006 Refinda
1717 965 1781 1000 effe
1806 966 1853 1000 di-

1105 1048 1128 1066 „
1156 1018 1312 1055 noscitur
1338 1017 1543 1060 Abbatissa‚
1570 1014 1711 1064 ejusque
1741 1015 1859 1063 sequa-

1104 1098 1129 1117 „
1157 1069 1278 1109 cibus,
1315 1069 1356 1105 ad
1394 1068 1589 1104 habendum
1625 1065 1664 1102 &
1701 1078 1859 1102 commu<

1104 1148 1128 1167 ‚,
1156 1120 1298 1155 tandum
1312 1146 1322 1162 ‚
1337 1120 1369 1154 8<
1388 1118 1593 1167 regulariter
1613 1117 1834 1153 alienandum
1849 1146 1858 1161 ,

1104 1198 1128 1217 ‚,
1158 1169 1197 1205 ὃς
1230 1168 1464 1205 Ecclefiastica
1499 1167 1640 1203 censura
1679 1167 1781 1202 docet
1808 1166 1854 1202 fa-

1103 1248 1128 1266 „
1156 1220 1339 1260 ciendum,
1361 1218 1584 1255 concedimus
1609 1215 1646 1252 ⁴&
1668 1217 1858 1265 largimur,

1103 1298 1127 1317 ‚,
1155 1284 1193 1306 ac
1221 1271 1261 1306 de
1298 1270 1410 1306 nostro
1446 1270 1520 1318 jure
1556 1266 1593 1304 ὅτ,
1632 1267 1793 1303 dominio
1820 1268 1859 1304 in

1104 1349 1127 1366 ,‚
1154 1334 1271 1358 earum
1311 1322 1362 1367 jus
1398 1319 1436 1355 ἃ.
1474 1318 1673 1355 dominium
1711 1318 1860 1354 omnino

1104 1399 1127 1415 „
1156 1370 1429 1407 transfundimus
1466 1379 1569 1417 atque
1601 1368 1792 1408 donamus,
1820 1378 1860 1404 ut

1102 1448 1126 1465 ,‚
1154 1420 1324 1464 habeant,
1348 1429 1510 1459 teneant,
1537 1419 1749 1468 possideant,
1773 1433 1856 1467 que—

1102 1499 1125 1515 „
1154 1470 1376 1506 madmodum
1431 1470 1516 1505 alias
1561 1483 1613 1505 res
1663 1470 1857 1517 praetaxati

1100 1548 1125 1566 „
1153 1520 1380 1563 Monasterii‚
1408 1520 1445 1556 in
1480 1533 1552 1567 quo
1577 1519 1758 1556 ordinatae
1785 1520 1857 1556 fue-

1102 1599 1126 1616 „
1153 1571 1251 1610 rint,
1287 1571 1385 1606 omni
1423 1570 1559 1614 nostra,
1596 1570 1858 1618 nostrorumque

1102 1649 1126 1666 „
1155 1620 1378 1657 succefforum
1391 1646 1401 1661 ‚
1421 1622 1455 1656 8<
1475 1621 1623 1656 Publicae
1643 1621 1751 1654 Partis
1775 1634 1858 1656 con-

1102 1699 1126 1717 ‚‚
1154 1672 1365 1707 tradi&iorie
1392 1681 1545 1707 remota.
1579 1670 1614 1706 Si
1642 1670 1721 1717 quis
1749 1670 1859 1720 igitur

1103 1749 1126 1767 ‚,
1154 1721 1220 1757 hoc
1247 1722 1377 1758 nostrae
1407 1720 1628 1758 auctoritatis
1655 1722 1688 1756 8(
1718 1721 1856 1758 conces-

1102 1800 1125 1817 „
1154 1771 1257 1807 fionis
1296 1775 1521 1820 Praeceptum
1558 1771 1770 1819 infringere,
1797 1773 1857 1808 vel

1102 1851 1126 1867 „
1153 1822 1286 1858 violare
1305 1823 1493 1870 aliquando
1511 1821 1759 1870 temptaverit,
1773 1821 1858 1858 sciat

1102 1901 1126 1916 ,,
1154 1873 1186 1908 se
1213 1873 1484 1920 compositurum
1522 1872 1596 1908 auri
1624 1872 1754 1920 optimi
1791 1873 1855 1909 Li-

1103 1951 1126 1967 „
1156 1924 1230 1959 bras
1271 1933 1438 1962 centum,
1475 1924 1669 1957 medietatem
1709 1926 1857 1958 Gamerae

1101 2001 1125 2017 ‚‚
1153 1974 1288 2015 nostrae,
1325 1972 1362 2008 δε
1400 1973 1624 2009 medietatem
1661 1973 1855 2018 praedie‘tae

1101 2051 1124 2069 ‚,
1155 2024 1317 2059 Refindae
1353 2024 1580 2063 Abbatiffae‚
1625 2023 1763 2071 ejusque
1806 2024 1855 2060 se·-

1102 2102 1126 2119 ‚,
1154 2074 1341 2121 quacibus.
1379 2074 1484 2120 Quod
1513 2083 1552 2110 ut
1589 2074 1706 2109 verius
1736 2075 1853 2110 creda-

1101 2152 1124 2169 „
1153 2134 1232 2164 tur,
1252 2123 1289 2159 &
1313 2124 1519 2174 diligentius
1539 2124 1759 2163 observetur,
1782 2138 1853 2160 ma-

1100 2202 1123 2220 „
1152 2188 1196 2210 nu
1235 2175 1373 2223 propria
1408 2176 1634 2217 roborantes,
1671 2174 1711 2210 de
1749 2177 1852 2211 anulo

1099 2253 1123 2270 „
1150 2225 1263 2262 nostro
1290 2224 1405 2261 subter
1433 2225 1586 2274 juffimus
1614 2223 1792 2274 insigniri,

1652 2578 1793 2627 Signum
