2216 3105
244 228 321 278 561

183 279 337 315 medium
367 276 456 312 luti.

183 329 284 365 nibus
312 325 412 362 flexis
440 325 477 361 in
506 325 582 360 luto
611 323 822 358 conciliavit
858 323 942 366 fibi,

183 377 418 429 praesentibus
445 374 610 411 omnibus
639 373 854 409 Baronibus.
897 375 943 408 Et

184 428 279 464 dedit
307 427 367 463 fibi
397 426 506 462 filiam
536 425 572 460 in
602 437 771 467 uxorem,
809 423 847 460 δε
876 427 944 459 Re-

185 491 291 528 gnum
320 477 495 513 restituit.
525 478 570 511 Et
597 474 640 510 fic
668 474 850 523 superbum
879 474 944 510 hu-

187 528 363 565 miliavit,
413 526 452 563 δε
495 526 724 562 humiliatum
771 526 944 561 exaltavit

187 579 242 617 die
289 580 420 614 XXVI.
468 577 639 625 Augusti.
682 579 729 611 Et
769 575 813 611 fic
842 575 945 620 vide,

187 643 291 675 quare
339 631 444 664 Poeta
491 628 592 676 ponit
629 627 741 676 ipsum
791 626 945 663 salvum.

188 682 282 717 Nam
320 679 526 719 Rodulphus
566 678 626 714 iste
669 677 738 712 fuit
765 677 947 724 magnani—

188 743 286 769 mus,
314 728 542 777 magnificus,
574 728 697 773 justus,
738 727 807 763 fine
831 723 946 767 dolo,
982 733 1009 766 B

189 780 318 816 timens
348 782 482 819 Deum,
513 779 627 814 vietor
654 778 690 814 in
713 778 828 818 bello,
857 780 948 814 mul-

190 840 265 867 tum
293 830 501 866 formidatus
529 831 569 865 ab
607 830 817 865 Alamannis
852 830 885 864 δε
915 831 949 864 1-

190 881 328 917 talicis.
365 883 411 915 Et
449 890 540 916 certe
578 879 599 915 fi
630 880 792 915 voluisset
828 880 948 916 venire

190 932 227 967 in
257 931 421 971 Italiam,
459 930 527 965 fine
555 930 738 966 refistentia
775 939 848 966 erat
875 933 949 966 Do-

191 981 307 1017 minus
326 1007 333 1016 .
364 980 445 1016 Ideo
476 981 611 1016 Au5³mr
638 982 754 1030 arguit
781 995 859 1016 eum
890 995 950 1017 ne-

192 1031 383 1080 gligentiae
430 1031 508 1066 heic
553 1033 587 1066 &
643 1032 680 1067 in
732 1031 950 1079 praecedenti

195 1084 333 1117 Cantu.
376 1081 434 1116 Ad
480 1081 619 1117 literam
664 1081 799 1130 igitur.
846 1085 952 1118 Poeta

196 1131 394 1179 praemittit
422 1132 647 1179 Rodulphum
676 1132 833 1176 ευηξὶὶε,
870 1133 952 1180 quia

195 1182 319 1217 habuit
349 1181 590 1230 Principatum
621 1186 842 1225 Romanurn,
883 1197 953 1230 quo
985 1183 1029 1227 C}

196 1233 313 1267 nullus
341 1232 384 1267 est
412 1233 518 1267 altior
546 1233 581 1268 in
611 1233 704 1268 Orbe
731 1233 950 1269 Christiano:

197 1282 250 1318 sed
279 1283 394 1330 arguit
422 1296 500 1317 eum
526 1283 784 1332 negligentiae,
813 1284 951 1319 dicens:

195 1333 313 1371 colui,
350 1333 400 1366 che
432 1334 491 1375 pit}
520 1333 606 1373 stede
642 1335 726 1373 alto,
766 1333 955 1381 superemi-

196 1394 279 1417 nens
306 1381 496 1421 omnibus,
525 1383 607 1429 quia
635 1383 854 1430 Imperator,

245 1453 432 1459 -----
459 1446 474 1466 e
494 1433 533 1475 fa
553 1433 744 1476 semblantt',

194 1482 302 1520 idest,
329 1481 478 1516 ostendit
505 1482 543 1516 in
571 1483 772 1528 apparentia
792 1508 803 1522 ,

246 1530 290 1566 D'
307 1544 384 1566 aver
411 1532 546 1577 negletto
572 1532 615 1566 εῐὸ
632 1557 641 1571 ,
684 1533 734 1567 che
755 1533 811 1576 far
837 1537 956 1569 (lovea.

195 1584 289 1619 Nam
317 1581 464 1616 debebat
493 1581 612 1618 venire
641 1584 814 1624 Romam,
843 1593 882 1619 ut
904 1598 957 1619 re-

195 1632 326 1679 ciperet
354 1633 532 1667 Coronam
562 1633 729 1681 Imperii,
757 1635 790 1669 &
819 1634 956 1670 vifitare

198 1680 235 1717 ἃ
263 1681 435 1729 corrigere
472 1683 634 1722 Italiam,
681 1684 806 1720 deinde
846 1684 957 1721 facere

199 1730 380 1766 tranfitum
420 1731 460 1765 ad
497 1733 766 1779 recuperandam
808 1736 955 1770 Terram

199 1780 386 1829 San&am;
408 1781 520 1816 immo
539 1782 782 1830 principaliter
799 1785 839 1819 ad
856 1784 956 1820 istum

201 1830 305 1867 finem
337 1833 426 1877 Papa
455 1833 645 1880 Gregorius
674 1835 715 1868 X.
743 1833 784 1869 de
813 1835 957 1870 Placen-

200 1881 251 1917 tia
279 1880 405 1916 fecerat
433 1881 545 1929 ipsum
584 1883 670 1932 eligi
698 1883 734 1918 in
765 1885 956 1932 Imperato-

200 1945 292 1967 rem.
335 1933 435 1977 Quae
476 1932 595 1968 omnia
645 1930 756 1969 facere
800 1935 958 1983 neglexit

202 1981 393 2030 cupiditate
449 1983 626 2028 potentiae
669 1984 706 2020 in
748 1985 957 2026 Germania,

203 2041 241 2067 ut
269 2031 405 2067 Aufflor
432 2033 553 2080 tetigit
595 2036 681 2082 Cap.
713 2035 957 2085 praecedenti3

203 2082 315 2117 immo
354 2082 446 2117 visus
483 2083 528 2117 est
554 2083 749 2120 diminuere
787 2086 859 2133 jura
888 2089 958 2121 Im—

205 2131 292 2180 perii
321 2131 357 2166 in
387 2133 511 2171 Italia,
554 2134 636 2180 quia
677 2134 864 2183 resignavit
891 2138 960 2172 Bo-

206 2182 376 2224 noniam,
415 2181 452 2217 ἃ
492 2183 761 2220 Romandiolam
790 2186 960 2222 Ecclefiae

204 2234 237 2267 ἃ
277 2234 387 2280 Papae
426 2233 579 2269 Nicolao
615 2233 656 2270 de
684 2234 838 2271 Ursinis.
877 2236 961 2272 Ideo

206 2282 315 2318 dicit:

257 2336 288 2368 E
316 2334 366 2367 che
394 2347 453 2368 mm
480 2347 589 2369 muove
614 2336 702 2371 bocca
733 2351 755 2373 a
786 2337 838 2384 gli
862 2338 963 2373 altrui

310 2395 393 2418 cantt
411 2411 419 2419 .

207 2433 302 2480 Qaia
330 2434 426 2470 dolet
453 2436 486 2470 δε
515 2435 684 2473 erubescit
711 2436 753 2473 de
780 2438 962 2488 negligen-

207 2486 258 2520 tia
287 2484 366 2532 sua3

259 2536 390 2580 Ridolfo
416 2539 594 2582 Imperador
611 2538 651 2582 su
677 2558 904 2567 ------

209 2585 337 2622 elegius
352 2610 364 2626 9
985 2580 998 2614 l

532 213 833 258 COMMENT.
864 215 930 258 IN
958 212 1088 258 DAN
1093 210 1182 253 TIS
1209 209 1450 254 COMOED.

498 276 545 309 Et
572 274 676 308 illum
712 273 856 308 stantem
884 288 942 321 ge·
975 276 1007 310 A

1662 215 1747 267 '362

1095 290 1410 296 --------
1437 270 1487 303 che
1512 279 1604 313 potea

1094 324 1201 355 Sanar
1226 321 1256 353 le
1279 319 1421 366 piaghe‚
1449 338 1679 346 ------

1046 370 1149 414 idest,
1179 369 1410 417 partialitates
1440 368 1477 404 ὃ(
1506 368 1713 409 divifiones,

1096 442 1282 449 -----
1309 419 1467 454 ch’hanno
1493 419 1592 453 Italia
1616 431 1737 466 morta3

1046 472 1096 509 ita
1124 471 1218 519 quod
1246 470 1337 506 forte
1366 482 1558 517 numquam
1597 469 1804 505 reviviscet.

1096 524 1132 557 Si
1159 523 1210 557 che
1236 521 1322 556 tardi
1345 532 1401 565 per
1427 521 1509 556 altro
1534 519 1562 560 si
1588 520 1704 555 rierea.

1048 573 1155 615 1dest,
1181 571 1391 608 reformatur
1419 585 1477 619 per
1504 569 1701 606 Henricum
1735 571 1809 604 Im-

1049 633 1244 672 peratorem
1272 622 1313 658 de
1340 622 1604 670 Lucimborgo‚
1632 620 1693 668 qui
1722 620 1808 656 licet

1047 674 1265 710 descenderet
1302 686 1381 709 cum
1419 673 1512 707 bono
1554 671 1695 710 animo,
1736 683 1808 705 non

1049 725 1166 773 potuit
1193 724 1324 772 erigere
1352 723 1515 762 Italiam,
1545 731 1582 758 ut
1603 721 1737 757 tatium
1763 720 1808 756 est

1049 776 1086 811 in
1115 773 1333 824 praecedenti
1369 772 1566 819 Capitulo,
1608 771 1645 808 &
1687 782 1809 820 tange-

1052 835 1106 861 tur
1134 827 1270 870 plenius
1297 827 1402 861 Cant.
1433 826 1544 859 XXX.
1573 822 1743 858 Paradifi.

1100 876 1140 911 L’
1160 877 1241 911 altro
1268 894 1709 902 -----------

1052 926 1143 962 Heic
1172 926 1347 961 Sordellus
1370 925 1533 961 nominat
1552 923 1684 967 alium,
1713 922 1809 958 scili-

1052 986 1106 1013 cet
1146 980 1275 1024 Regem
1304 976 1516 1017 Bohemiae‚
1558 975 1620 1023 qui
1656 974 1725 1009 fuit
1752 986 1810 1021 ge-

1052 1041 1112 1063 ner
1139 1026 1226 1063 dieti
1256 1026 1458 1073 Rodulphi‚
1498 1027 1533 1061 δε
1571 1024 1692 1061 eodem
1721 1033 1811 1059 tem—

1053 1091 1155 1126 pore,
1184 1077 1264 1113 satis
1293 1090 1438 1125 magnae
1465 1075 1632 1111 virtutis.

1104 1149 1288 1155 -----
1314 1128 1364 1162 che
1384 1141 1421 1161 ne
1439 1127 1473 1161 la
1487 1127 1572 1169 w'fla
1587 1126 1636 1160 lui
1650 1125 1806 1168 conforta;

1054 1178 1138 1214 ficut
1166 1177 1426 1214 confortaverat
1452 1190 1532 1212 eum
1570 1176 1606 1211 in
1635 1176 1732 1219 vita,
1774 1187 1813 1210 ut

1055 1229 1233 1278 perficeret
1259 1228 1354 1263 die'ta
1382 1227 1439 1264 sua
1466 1227 1607 1276 debitag

1105 1278 1195 1323 Reffe
1221 1280 1255 1313 la
1281 1283 1379 1313 Terra
1395 1303 1405 1318 ‚
1432 1299 1662 1304 ——————

1056 1329 1211 1372 scilicet,
1250 1329 1478 1369 Bohemiam,
1515 1341 1619 1375 quam
1649 1326 1812 1363 describit

1055 1393 1073 1415 a
1102 1379 1307 1415 fluminibus
1336 1379 1430 1424 suis,
1459 1379 1597 1414 dicens:

1105 1451 1294 1456 -----
1321 1433 1402 1464 dove
1427 1429 1451 1463 l’
1467 1443 1564 1476 acqua
1590 1429 1698 1474 nafie,

1056 1480 1212 1524 scilicet,
1241 1478 1369 1515 fluvius
1397 1479 1596 1524 Melottus‚
1624 1479 1702 1527 (vel
1722 1480 1813 1514 Mol-

1055 1531 1168 1578 (lava)

1106 1582 1171 1615 Che
1195 1590 1300 1614 monta
1326 1581 1358 1614 ln
1378 1581 1504 1616 Albia.
1532 1601 1764 1607 ------

1030 1630 1168 1672 ¹Idest,
1210 1631 1361 1679 expreffa
1407 1629 1573 1666 inferius.
1618 1631 1730 1666 Albia
1770 1630 1815 1665 est

1058 1681 1210 1723 flumen,
1247 1681 1341 1728 quod
1368 1681 1547 1717 derivatur
1573 1681 1615 1716 ab
1643 1682 1816 1716 Alaman-

1058 1733 1142 1771 nia,
1184 1733 1225 1767 de
1262 1745 1332 1779 quo
1369 1734 1532 1768 Lucanus
1573 1731 1610 1766 in
1639 1731 1816 1767 Secundo.

1059 1784 1127 1818 Vel
1163 1782 1349 1817 secundum
1391 1782 1495 1817 aliam
1533 1781 1673 1817 literam
1709 1782 1818 1816 Molta

1060 1846 1078 1867 a
1116 1832 1278 1879 mulgeo,
1315 1831 1401 1866 ficut
1441 1835 1559 1866 Monta
1601 1845 1619 1866 a
1664 1844 1816 1879 mungo.

1061 1883 1129 1917 Vel
1157 1881 1201 1917 est
1227 1880 1340 1930 ipsum
1368 1894 1495 1916 nomen
1524 1880 1647 1917 fluvii.

1112 1954 1128 1959 -
1155 1953 1171 1958 -
1197 1953 1213 1958 -
1240 1952 1256 1958 —
1284 1932 1327 1965 (9⁶
1352 1931 1461 1967 ,Albia
1486 1932 1521 1965 in
1548 1943 1616 1966 mar
1641 1944 1679 1965 ne
1701 1940 1818 1975 porta.

1064 1982 1239 2020 Melottus
1267 1981 1311 2017 est
1339 1981 1467 2018 fluvius
1494 1995 1659 2030 magnus,
1688 1981 1748 2028 qui
1768 1982 1820 2016 la-

1065 2034 1160 2069 bitur
1186 2046 1245 2080 per
1272 2032 1426 2067 medium
1456 2030 1583 2081 Pragae
1612 2031 1738 2071 Urbis,
1759 2031 1820 2066 ubi

1065 2086 1260 2131 Imperator
1298 2082 1402 2118 habet
1447 2082 1550 2118 hodie
1591 2080 1703 2117 sedem
1723 2108 1732 2117 .
1774 2084 1821 2116 Et

1066 2133 1235 2181 exprimit
1270 2146 1398 2169 nomen
1434 2133 1468 2168 &
1514 2133 1684 2168 virtutem
1727 2132 1822 2181 ejus,

1068 2185 1185 2220 dicens
1204 2197 1212 2219 t

1118 2235 1280 2269 Ottacbero
1305 2236 1376 2269 ebbe
1403 2247 1488 2269 nome
1497 2248 1517 2277 ;
1536 2254 1722 2261 -----

1069 2288 1114 2321 Et
1135 2284 1244 2328 dicit,
1265 2285 1358 2332 quod
1386 2294 1480 2333 pater
1507 2284 1575 2320 fuit
1600 2283 1727 2321 melior
1747 2281 1824 2320 filio

1070 2337 1243 2379 multum,
1272 2336 1361 2371 unde
1389 2335 1499 2371 dicit:

1119 2407 1391 2413 -------
1417 2401 1432 2420 e
1459 2400 1496 2420 ne
1521 2386 1550 2420 le
1570 2386 1654 2431 fasce

1121 2440 1173 2472 Fu
1199 2437 1311 2483 meglio
1336 2435 1436 2482 assai,
1464 2457 1692 2464 ------

1071 2487 1177 2532 idest,
1203 2487 1242 2523 in
1267 2487 1442 2536 regalibus
1468 2486 1683 2532 honoribus,

1601 2587 1778 2621 -—·-cbe
