2216 3105
405 239 492 278 779

692 216 1160 263 BENVENUTI
1193 218 1639 270 IMOLENSIS

1836 227 1920 279 780

348 292 385 315 re
414 280 551 315 Αυᾶοι·
578 278 664 315 facit
684 281 792 316 altam
813 280 1008 315 vindictam
1030 292 1109 315 curn
1139 281 1182 316 {A
1222 278 1314 314 Heic
1359 278 1597 329 Caeciaguida
1633 279 1719 316 facit
1760 283 1975 317 mentionem

347 343 483 377 penna,
511 343 616 378 quam
645 344 715 366 non
746 331 862 379 potuit
891 330 1001 366 facere
1029 343 1108 366 cum

348 380 444 427 spata
461 408 469 417 .
500 384 604 417 Nunc
632 382 673 417 ad
701 382 841 418 literam
859 408 868 417 .
899 381 1000 417 Dicit
1026 394 1109 429 ergo

349 432 606 481 Caeciaguida:

399 482 439 517 L’
455 484 639 518 altre-cutura
663 484 822 528 schiatta,
851 504 867 509 —
894 505 910 509 —
937 504 952 509 -
978 503 994 508 -

348 531 507 573 scilicet,
538 533 804 569 Adimariorum
823 560 833 577 ‚
871 533 922 569 sui
951 545 1109 568 commo-

349 582 385 618 di
413 582 452 619 ἃ
480 583 648 619 honoris:
1138 577 1140 615 Ι

401 655 417 660 -
444 656 459 661 -
488 656 503 661 -
529 655 546 660 -
573 635 623 668 che
648 633 674 668 s’
692 634 844 677 indracti,

348 684 434 720 idest
451 713 460 728 ‚
497 698 585 732 quae
613 684 767 720 desaevit
795 697 891 719 more
918 682 1105 719 draconis:

401 735 514 770 Dt'etro
539 750 560 769 a
586 736 635 769 chi
658 735 784 781 fugge:
810 755 998 760 —————

348 786 397 821 Et
422 784 459 820 in
480 785 547 820 hoc
569 785 707 820 Αυξὶοι·
727 785 835 820 tacite
856 784 994 820 mordet
1013 798 1111 833 prae-

349 835 461 871 fatum
491 836 774 879 Buccaccinum,
812 835 872 883 qui
909 844 982 870 erat
1017 834 1110 870 fero-

350 885 504 922 ciffirnus
534 895 656 921 contra
686 885 799 934 ipsum
827 885 1021 921 Auctorem
1051 887 1111 920 ab-

351 936 483 972 sentem
511 938 545 972 &
573 936 778 986 expulsum.
815 939 862 972 Et
890 950 949 986 per
975 935 1111 985 opposi-

350 996 424 1023 tum
440 1001 448 1023 :

403 1061 419 1066 -
445 1060 461 1066 -·
488 1061 505 1066 -
531 1060 547 1066 —
575 1041 617 1074 Θ·
643 1055 663 1075 a
690 1040 737 1074 chi
763 1039 874 1082 mostra
893 1038 917 1072 ’l
943 1039 1060 1082 dente,

403 1095 487 1124 Over
513 1091 547 1125 la
573 1091 660 1135 borsa
676 1115 686 1129 ‚
713 1104 792 1125 come
817 1090 911 1136 agne!
938 1088 970 1130 fi
993 1090 1087 1132 placa
1103 1114 1112 1123 .

354 1140 466 1185 Idest,
496 1140 661 1176 refistenti
680 1168 690 1184 ‚
720 1139 758 1175 ἃ
787 1139 988 1175 defendenti
1016 1138 1048 1174 se
1077 1152 1113 1174 a·

354 1202 472 1240 perte,
511 1193 567 1226 vel
595 1192 650 1235 ei,
690 1191 751 1238 qui
779 1190 927 1226 ostendit
955 1189 1017 1225 fibi
1055 1202 1114 1239 pe-

355 1243 520 1278 cuniam.
563 1242 658 1288 Quia
697 1255 758 1287 pro
796 1241 941 1289 pecunia
982 1240 1145 1285 recepit¹

355 1293 417 1328 fibi
445 1293 587 1329 verbera
613 1294 648 1328 3<
677 1292 901 1328 verecundias
930 1304 1026 1326 more
1062 1291 1116 1339 jo-
1143 1274 1146 1324 l

355 1345 551 1380 culatorum
568 1371 578 1380 .
1143 1325 1146 1374 l

405 1396 470 1430 Gid
497 1395 594 1430 venia
615 1395 678 1440 su,
707 1417 723 1422 -
749 1416 766 1421 —
792 1416 808 1422 -
835 1415 851 1421 -
1143 1376 1147 1457 ¹

358 1446 426 1493 jam
455 1446 648 1495 incipiebat
678 1445 824 1481 florere:

407 1519 423 1524 -
450 1518 466 1523 -
493 1518 509 1524 -
534 1518 550 1524 -
577 1511 629 1531 ma
655 1498 691 1531 di
715 1496 846 1541 pico-iola
868 1505 988 1541 gente,
1142 1463 1146 1552 l

357 1547 513 1588 scilicet,
554 1547 718 1595 Populati
746 1547 779 1580 &
807 1545 972 1580 obscura.
1006 1542 1115 1589 Quod
1142 1554 1144 1589 ζ

355 1597 509 1633 declarat
539 1611 598 1645 per
625 1609 732 1632 unum
770 1594 926 1643 signum,
964 1595 1047 1641 quia
1076 1607 1115 1629 u-

355 1661 419 1683 nus
456 1646 588 1682 nobilis
623 1647 665 1681 de
704 1645 854 1680 Donatis
890 1645 1034 1679 nomine
1066 1646 1115 1678 U-

355 1697 513 1733 bertinus
550 1697 690 1733 moleste
731 1695 843 1734 tulit,
886 1694 979 1741 quod
1021 1694 1143 1729 soror*

355 1747 476 1783 uxoris
514 1746 592 1782 suae
622 1747 760 1781 daretur
797 1745 859 1780 uni
894 1745 936 1779 de
964 1744 1114 1779 Adima—

355 1798 424 1834 ris.
454 1796 556 1832 Unde
583 1795 695 1831 dicit:

406 1848 444 1882 s}
472 1847 524 1882 che
555 1859 615 1880 non
650 1846 781 1892 piaeque
805 1845 850 1879 ad
883 1843 1013 1879 Ubertin
1045 1846 1114 1878 Do-

357 1908 601 1987 immdmiloal'de
629 1945 832 1995 displicuit:

405 1998 506 2035 Che'l
526 1998 648 2043 suocero
673 2001 724 2042 poi
744 1998 769 2032 il
790 1995 867 2042 feffe
892 1996 939 2030 lor
962 2005 1114 2042 parente.

354 2050 413 2086 Ad
440 2049 535 2098 quod
572 2048 772 2091 sciendum,
808 2047 902 2094 quod
940 2045 1115 2081 Dominus
1144 2073 1146 2089 ,

354 2100 599 2137 Bellincionus
616 2127 625 2143 ‚
654 2099 696 2135 de
720 2112 793 2145 quo
821 2098 920 2146 supra
948 2097 1017 2145 jam
1046 2095 1117 2131 sae-
1144 2093 1188 2129 {E

354 2165 397 2201 pe
433 2150 567 2187 dietum
605 2150 677 2193 est,
714 2149 783 2184 fuit
819 2148 913 2184 socer
949 2145 1116 2182 Ubertini

356 2203 398 2238 de
428 2201 604 2245 Donatis,
633 2200 696 2248 qui
724 2199 837 2235 filiam
868 2198 963 2234 suam
992 2196 1116 2233 habuit

356 2253 395 2288 in
425 2264 597 2289 uxorem:
637 2250 692 2286 sed
722 2250 804 2298 quia
832 2248 980 2285 tradidit
1008 2248 1115 2283 aliam

360 2302 469 2339 filiam
507 2303 569 2339 uni
605 2301 647 2337 de
681 2300 885 2340 Adimaris,
923 2297 1116 2334 Ubertinus

358 2354 460 2388 valde
489 2353 692 2401 indignatus
729 2351 822 2391 fuit,
859 2350 942 2398 quia
977 2358 1116 2398 reputa-

360 2403 421 2438 bat
456 2402 515 2438 sibi
553 2404 594 2438 ad
621 2402 888 2444 verecundiam,
925 2399 1009 2447 quia
1035 2399 1117 2435 effet

361 2452 474 2489 faetus
511 2453 624 2489 affinis
659 2455 694 2489 &
729 2462 898 2500 cognatus
936 2449 1038 2486 unius
1074 2449 1116 2485 de

361 2502 569 2540 Adimaris:

412 2554 476 2590 Gid
502 2566 556 2588 era
582 2572 894 2580 --------

1141 1117 1185 1231 NC

1221 329 1263 365 de
1289 329 1401 366 tribus
1438 331 1627 375 Familiis,
1665 344 1752 378 quae
1788 331 1857 380 jam
1886 340 1975 365 tern-

1221 393 1304 428 pore
1331 379 1391 416 suo
1417 383 1514 417 erant
1550 382 1795 425 honorabiles,
1832 381 1973 416 dicens:

1271 432 1336 465 Gi&
1361 445 1413 467 era
1440 432 1465 466 il
1490 433 1681 477 Caponsacco
1708 433 1760 466 nel
1787 443 1915 466 mercato

1271 482 1392 526 Dtfiesb
1414 484 1475 529 git>
1500 485 1544 517 da
1570 483 1715 526 Fiesole,
1744 504 1760 509 -
1787 504 1802 509 -
1830 503 1846 508 -
1872 502 1888 507 —

1220 530 1302 567 idest
1324 557 1334 571 ,
1380 534 1422 568 ad
1463 532 1690 569 habitandum
1735 533 1772 568 in
1815 535 1974 569 Mercato

1222 582 1364 618 Veteri:

1270 653 1500 659 ------
1527 647 1542 666 e
1564 634 1623 680 gie}
1648 648 1699 669 era

1271 687 1364 718 Buon
1391 683 1558 717 Cittadino
1585 685 1688 718 Guido
1715 682 1759 722 &⁶
1788 684 1975 730 Infangato.

1222 733 1304 768 Istae
1332 744 1401 768 tres
1430 734 1565 767 Domus
1593 732 1672 767 sunt
1699 733 1859 781 expulsae
1889 734 1976 781 jam—

1221 783 1282 819 diu
1312 796 1372 831 pro
1402 792 1496 831 parte
1524 783 1725 818 Gibellina.

1272 836 1306 869 Io
1331 834 1400 867 άὶνὸ
1427 853 1697 860 -------

1221 884 1314 921 Heic
1335 883 1573 932 Cacciaguida
1601 885 1759 932 propalat
1779 897 1882 920 unam
1905 887 1979 920 Do³

1222 948 1318 970 mum
1347 934 1529 982 antiquam
1548 961 1557 977 ,
1594 934 1752 983 ignotam
1783 936 1906 971 valde,
1944 937 1978 970 ὅ(

1221 999 1309 1034 quae
1336 986 1378 1020 ab
1407 985 1570 1032 ignorato
1598 984 1675 1021 casu
1713 986 1978 1020 accidentaliter

1221 1049 1349 1071 nornen
1379 1035 1508 1071 traxit.
1548 1037 1652 1071 Nunc
1679 1035 1721 1071 ad
1757 1035 1899 1071 literam
1926 1035 1980 1071 di-

1221 1087 1272 1122 cit
1300 1086 1462 1122 Auaor:

1191 1118 1194 1188 Ι
1272 1140 1305 1172 Io
1331 1138 1400 1172 dire)
1426 1137 1493 1181 cosa
1520 1137 1702 1172 incredibile
1728 1151 1743 1171 e
1769 1150 1847 1171 vera
1860 1150 1881 1180 ,-

1192 1192 1195 1196 '
1221 1187 1312 1224 Satis
1339 1187 1435 1224 enirn
1463 1188 1670 1224 incredibile
1700 1187 1859 1225 videtur,
1886 1187 1980 1235 quod

1222 1252 1290 1274 una
1320 1240 1424 1274 Porta
1452 1239 1583 1274 nobilis
1619 1238 1793 1274 Civitatis
1832 1237 1980 1274 sumeret

1224 1289 1551 1325 denominationem
1580 1289 1622 1325 ab
1659 1302 1729 1325 uno
1759 1288 1981 1337 Vendipera‚

1223 1341 1258 1376 δε
1286 1350 1403 1376 tamen
1431 1339 1475 1375 fic
1502 1339 1595 1376 fuit.
1633 1341 1679 1375 Et
1715 1353 1759 1375 ex
1796 1338 1862 1374 hoc
1900 1338 1980 1374 satis

1225 1400 1391 1440 apparet,
1420 1391 1512 1438 quod
1541 1391 1631 1426 male
1659 1390 1891 1439 intelligunt,
1919 1389 1983 1437 qui

1224 1451 1428 1490 exponunt,
1450 1441 1543 1488 quod
1565 1441 1702 1476 Aufilor
1720 1441 1884 1488 loquatur
1904 1439 1983 1475 heic

1224 1491 1266 1526 de
1303 1491 1454 1526 Perutiis
1491 1491 1532 1524 de
1569 1491 1769 1524 Florentia.
1807 1491 1910 1524 Tunc
1946 1502 1982 1523 e-

1224 1540 1298 1575 nim
1327 1552 1397 1574 non
1426 1539 1603 1574 videretur
1629 1552 1682 1573 res
1709 1538 1759 1573 ita
1790 1537 1983 1573 incredibi-

1224 1591 1296 1625 lis.
1335 1588 1418 1626 Ideo
1456 1590 1568 1637 prima
1595 1588 1767 1636 expositio
1805 1589 1880 1631 plus
1910 1590 1983 1635 pla-

1224 1650 1279 1675 cet
1307 1639 1421 1687 mihi3
1458 1639 1542 1683 quia
1570 1651 1638 1673 non
1668 1638 1737 1672 sine
1772 1650 1878 1683 quare
1907 1640 1984 1672 Au—

1223 1691 1300 1725 Εὶοι·
1322 1690 1417 1724 dixit
1444 1687 1617 1736 signanter
1644 1686 1846 1727 incredibile,
1874 1685 1913 1722 &
1934 1686 1985 1722 es-

1224 1740 1256 1774 se
1284 1752 1354 1773 rem
1384 1738 1628 1772 incredibilem
1657 1736 1695 1773 &
1725 1749 1863 1772 veram:

1274 1790 1338 1824 Nel
1356 1788 1466 1833 piccio!
1480 1788 1594 1822 cerchia
1607 1787 1780 1822 s'emrava
1796 1798 1852 1831 per
1866 1791 1984 1833 Porta,

1275 1842 1342 1874 Che
1363 1838 1393 1881 fi
1419 1852 1555 1873 noma-va
1581 1859 1598 1865 -
1622 1860 1639 1865 -
1665 1859 1682 1864 -
1708 1859 1724 1864 —

1225 1889 1333 1934 ldest,
1361 1903 1449 1937 quae
1480 1891 1583 1925 Porta
1609 1889 1902 1925 denominabatur

1276 1962 1292 1967 -
1319 1962 1334 1966 -
1361 1961 1379 1966 -
1405 1961 1422 1967 -
1447 1941 1491 1974 da
1516 1940 1588 1986 quei
1612 1941 1650 1974 de
1675 1942 1710 1974 la
1739 1939 1843 1975 P2r22.

1227 1993 1271 2026 Et
1301 2000 1404 2029 nota,
1442 1990 1534 2037 quod
1571 1989 1654 2026 haec
1686 1992 1786 2025 Porta
1816 2003 1885 2025 non
1914 1998 1988 2026 erat

1226 2042 1267 2076 de
1295 2040 1568 2089 principalibus.
1598 2041 1759 2075 Habebat
1782 2043 1875 2075 enim
1905 2042 1987 2075 Flo-

1227 2091 1339 2127 rentia
1367 2100 1519 2138 quatuor
1548 2091 1669 2125 Portas
1697 2090 1892 2133 magistras,
1921 2089 1986 2125 sci-

1228 2142 1335 2181 licet,
1365 2142 1504 2176 Portam
1534 2139 1651 2176 Sanffi
1683 2142 1801 2175 Petri.
1845 2142 1986 2176 Portam

1229 2193 1327 2241 juxta
1357 2193 1534 2231 Domum,
1575 2193 1712 2226 Portam
1743 2190 1859 2226 Sane'ti
1900 2192 1988 2227 Pau-

1229 2244 1284 2287 li,
1321 2241 1359 2279 ὃς
1390 2244 1529 2277 Portam
1568 2241 1711 2277 sanetae
1748 2241 1905 2277 Mariae.
1936 2244 1989 2277 A-

1229 2294 1299 2330 liae
1326 2306 1410 2329 vero
1436 2302 1534 2329 erant
1573 2293 1735 2329 Portulae
1771 2306 1895 2342 parvae
1932 2291 1989 2328 seu

1231 2346 1394 2394 parvulae
1410 2371 1419 2379 .

1281 2395 1414 2439 Ciascun
1442 2414 1671 2422 ------

1231 2445 1323 2481 Heic
1349 2444 1588 2493 Cacciaguida
1616 2444 1702 2480 facit
1726 2457 1833 2480 unum
1864 2443 1990 2481 fascem

1231 2497 1272 2531 de
1300 2496 1437 2544 aliquot
1466 2495 1657 2531 Nobilibus
1684 2495 1872 2534 Pam21iis.
1902 2508 1989 2541 quae

1196 2539 1203 2592 ὲ
1231 2559 1351 2582 omnes
1379 2555 1522 2595 portant
1559 2546 1653 2582 idem
1690 2545 1901 2595 Insigniurn,
1932 2541 1989 2578 Ad

1840 2606 1939 2643 cujus
