2216 3105
248 204 328 232 201

188 244 368 295 distinguit
390 241 603 290 Anastafius;
632 243 665 277 &
689 240 855 289 postrema
874 238 939 274 hac

188 308 275 332 voce
316 298 511 330 Romanum
556 292 746 340 Imperium
786 289 939 338 designa-

187 353 283 384 tum,
324 343 395 392 post
435 343 518 382 illa,
560 356 647 389 quae
683 355 792 389 nuper
819 340 941 375 attuli-

187 408 285 436 muS,
313 406 416 428 nemo
445 407 514 428 non
543 394 659 429 videt.
703 395 817 427 Immo
844 392 942 425 Ana-

187 444 319 480 stalium
357 443 469 491 ipsum
513 443 590 479 suae
619 443 745 478 mentis
773 441 944 488 interpre—

188 503 260 530 tem
306 495 524 529 luculentum
569 494 733 529 habemus
754 517 764 532 ‚
805 490 943 539 quando

189 544 310 580 auctor
337 544 381 579 est
407 545 444 580 in
465 544 651 580 Zachariae
674 542 857 579 Pontificis
878 540 944 575 Vi-

189 604 227 630 ta
251 619 259 634 ,
301 594 570 630 Constantinum
627 594 822 643 Augustum
866 593 946 626 duas

189 643 333 689 Maffas,
362 658 439 692 quae
465 647 630 692 Nymphas
656 645 701 684 &1
726 643 864 680 Nornias
887 652 946 688 ap-

187 697 350 744 pellantur
366 720 376 735 ,
412 695 494 739 juris
529 698 689 738 existentes
714 693 918 741 Reipublicae
935 718 944 732 ,

191 747 289 780 eidem
309 745 502 791 Jan²iiffi1no
521 750 649 792 Papae,
670 745 859 791 sanft'aeque
878 748 946 778 Ro-

190 810 303 832 manae
321 797 474 837 Ecclesiae
499 798 568 839 jure
585 807 728 843 perpetuo
752 795 947 842 poffidendas

191 847 378 894 elargitum
425 846 550 882 fuisse.
589 847 623 882 Si
664 846 823 895 geminae
864 845 947 882 illae

192 897 324 933 Maffae
351 896 392 931 ad
421 897 472 944 jus
500 898 705 942 Reipublicae
746 906 846 932 antea
874 896 948 944 spe-

194 947 356 990 ,rstabann
393 946 514 993 easque
553 949 743 994 Imperator
772 950 949 982 Romanae

193 997 232 1033 in
259 996 413 1031 futurum
442 996 611 1032 Ecclesiae
641 997 824 1032 conceffit:
868 1010 949 1044 ergo

196 1045 257 1082 sub
285 1046 489 1092 Reipublicae
512 1047 655 1082 nomine
675 1052 854 1082 Romanum
873 1057 950 1082 tan-

198 1097 384 1132 tummodo
421 1096 583 1146 veniebat
621 1099 805 1143 Imperium.
846 1097 951 1141 Quod

199 1148 234 1182 &
282 1146 414 1194 jamdiu
459 1148 606 1194 agnovit
651 1147 983 1183 Eminentiffimue

199 1197 392 1235 Batonius,
419 1195 501 1231 dum
530 1211 567 1232 ea
596 1198 665 1246 ipsa
697 1199 798 1234 verba
820 1199 856 1233 in
879 1198 954 1233 suos

200 1247 358 1282 Annales
385 1246 527 1282 intulit.
573 1249 672 1283 Paria
701 1249 802 1283 habet
832 1249 954 1283 Frede-

201 1295 291 1344 garii
310 1293 552 1332 Continuator
566 1325 573 1338 ,
601 1297 641 1332 de
662 1298 850 1345 Aistulpho
873 1298 955 1333 scri-

201 1347 304 1381 bens:
344 1347 439 1391 ⁸Quod
474 1348 611 1393 nequiter
637 1359 742 1382 contra
768 1350 956 1391 Rempubli-

202 1410 288 1435 cam,
324 1395 371 1433 εἰ)
397 1398 507 1430 Sedem
543 1401 720 1433 Romanam
746 1399 957 1444 ¹Aposiolicam

202 1446 394 1490 admiserat,
436 1447 552 1489 nefarie
578 1447 738 1482 nitebatur
774 1449 958 1492 defendere.

203 1496 391 1532 Pollicitus
418 1496 541 1532 deinde
568 1499 773 1545 Aillulphus
801 1498 891 1537 fuit,
927 1498 960 1542 se

202 1546 333 1582 ulterius
369 1548 412 1580 ad
446 1548 555 1581 Sedem
590 1550 804 1596 Apostolicam
840 1554 959 1584 Roma-

206 1610 305 1635 nam,
343 1594 389 1634 ὅ)
417 1598 655 1644 Rempuhlicam
691 1600 843 1641 hostiliter
871 1613 962 1633 num*
988 1607 990 1639 ζ

206 1660 298 1693 quam
317 1645 514 1691 acceffurum.
539 1650 727 1696 Gregorius
748 1659 863 1685 autem
885 1651 961 1685 Tu-

206 1694 358 1732 ronensis
385 1696 470 1730 Lib.
505 1709 536 1732 2.
564 1699 690 1733 Histor.
713 1699 865 1747 scripfit,
892 1703 960 1735 Ge·
990 1707 992 1733 ὲ

207 1744 387 1781 lifimirem
416 1747 652 1783 Vandalorum
684 1751 811 1796 Regem
848 1753 869 1784 ei
897 1755 963 1784 Re—
990 1746 992 1787 ξ

206 1796 333 1843 publica
353 1795 534 1841 superatum
561 1797 659 1834 fuisse
678 1827 687 1840 ,
723 1799 807 1835 idest
844 1801 862 1834 ὲ
904 1802 962 1843 Ju-
991 1795 992 1799 ¹

209 1845 358 1882 stiniano
387 1847 413 1880 I.
442 1847 620 1895 Augusto.
662 1849 800 1894 Quibus
841 1864 882 1885 ex
912 1864 964 1885 re—

212 1897 274 1932 bus
302 1897 370 1944 jam
400 1906 496 1932 extra
524 1900 792 1935 controverfiam
815 1899 962 1947 pofitum

212 1956 319 1996 puto,
348 1946 435 1993 apud
463 1949 567 1984 modo
594 1950 752 1985 laudatos
773 1951 964 1999 Scriptores

211 2010 283 2033 non
304 1997 372 2031 alia
393 1996 644 2045 significatione
665 2000 860 2047 usurpatam
883 2000 965 2037 fuis-
992 2008 994 2017 ¹

695 2052 798 2098 quam
828 2052 967 2086 Romani
992 2048 994 2069 ἶ

213 2047 246 2082 se
274 2047 478 2093 ReIpublrcae
514 2063 658 2090 vocem,

213 2097 360 2143 Imperii.
388 2098 494 2140 Quod
521 2099 542 2134 si
571 2101 648 2148 quis
677 2102 836 2149 pertinax
857 2102 966 2138 adhuc

215 2158 334 2182 contra
363 2146 508 2189 sentiat,
538 2151 690 2187 Valefios
718 2152 843 2199 quaeso
868 2153 966 2188 adeat

214 2198 252 2233 in
282 2196 388 2232 Notis
416 2198 456 2232 ad
484 2200 564 2235 Lib.
596 2204 650 2237 16.
677 2204 764 2251 Cap.
794 2215 849 2239 12.
878 2205 967 2238 Am·
995 2205 998 2222 ἲ

214 2248 324 2283 miani
346 2249 570 2294 Marcellini,
598 2252 631 2286 3<
657 2264 837 2289 monentes
872 2268 968 2289 com—

216 2298 350 2347 periet,
380 2300 544 2344 Imperium
570 2305 748 2337 Romanum
774 2306 968 2344 Ammiano,

216 2350 346 2395 aliisque
387 2349 548 2390 Hstoricis
589 2352 683 2398 saepe
730 2356 968 2400 Rempublicam

215 2400 351 2444 absolute
388 2402 585 2446 nuncupari,
626 2402 672 2441 &⁰
713 2405 873 2438 exercitum
903 2410 968 2439 Ro-

217 2463 341 2485 manum
357 2474 367 2488 ,
394 2451 555 2485 exercitum
583 2454 809 2498 Reipublicae.
846 2458 892 2490 Et
919 2455 968 2489 sa-

218 2517 261 2540 ne
287 2503 324 2539 id
350 2502 482 2539 factum
518 2503 537 2536 ὲ
572 2505 693 2541 Mario
719 2505 969 2548 Aventicensi,

562 179 926 228 DISSERTATIO
956 170 1431 221 DECIMAOCTAVA;

1668 186 1749 213 202

984 238 1015 271 A
1050 235 1069 270 ὲ
1107 231 1256 276 jordane
1291 230 1330 265 in
1369 229 1498 264 Histor.
1533 227 1762 270 Gothorum,
1789 229 1808 264 a

1026 616 1030 687 Ι

995 692 1029 725 Β,

1050 282 1206 328 Johanne
1233 281 1372 316 Abbate
1401 278 1608 318 Biclarenfi,
1636 281 1655 313 a
1677 281 1807 314 Proco-

1052 334 1133 382 pio,
1160 331 1199 368 &
1226 330 1327 366 aliis.
1369 329 1467 374 Quid
1496 328 1618 377 plura?
1649 329 1809 364 Praelau-

1052 385 1150 420 datus
1179 379 1373 417 Anastasius
1402 378 1724 417 Bibliothecarius,
1753 378 1809 414 seu

1052 433 1207 483 quisquis
1229 431 1269 467 s1t
1289 429 1548 478 antiquiffimus
1568 429 1724 473 scriptor
1744 429 1812 464 Vi—

1053 495 1108 521 tae
1137 481 1269 532 Vigilii
1299 483 1434 530 Papae,
1461 480 1545 516 haec
1572 480 1614 515 de
1641 478 1811 515 Belisario

1054 535 1243 571 memoriae
1279 531 1459 582 prodidit:
1501 531 1633 566 Veniens
1660 531 1694 564 in
1725 528 1813 575 fines

1053 586 1189 631 Africae
1209 582 1270 630 sub
1297 584 1367 618 dolo
1389 581 1477 630 pacis
1505 581 1658 626 interfecit
1678 581 1811 615 Gunela-

1056 650 1124 671 rum
1150 640 1270 682 Regem
1305 633 1568 672 Guandalorum,
1606 633 1648 666 θ
1684 630 1813 665 redaffa

1056 687 1097 730 est
1123 686 1241 730 Africa
1260 687 1322 733 sub
1348 684 1604 731 Rempuhlicam.
1632 684 1672 718 In
1701 680 1815 729 cujus*—

1057 750 1137 773 nam
1174 737 1249 785 jura
1276 744 1362 771 tunc
1389 733 1523 770 cefferit
1549 732 1695 771 Africa,
1736 745 1814 767 eru-

1058 788 1152 823 ditus
1180 785 1325 835 quisque
1352 785 1475 821 novit.
1503 784 1566 819 Sed
1594 782 1632 818 &
1660 783 1697 818 in
1725 782 1813 817 Vita

1058 837 1177 874 Sanffi
1204 836 1336 874 Leonis
1364 838 1425 871 IX.
1456 837 1567 882 Papae
1603 835 1621 868 a
1649 833 1812 869 VViberto

1059 888 1205 936 scripta,
1233 887 1317 923 haec
1344 887 1385 922 de
1413 885 1479 922 illo
1507 885 1699 920 habentur:
1742 886 1814 918 Non

1058 940 1189 974 modicus
1217 951 1333 985 quoque
1359 937 1388 971 ei
1414 936 1516 971 inerat
1551 936 1659 980 fervor
1695 935 1728 967 in
1755 947 1813 968 au—

1054 991 1160 1037 genda
1196 988 1389 1036 Republica.
1435 986 1533 1032 Quid
1571 985 1636 1020 hoc
1674 984 1817 1020 nomine

1060 1041 1238 1075 Wibertus
1278 1037 1471 1087 significet,
1514 1034 1693 1084 sequentia
1737 1048 1816 1083 pro—

1060 1091 1167 1125 dunt.
1207 1092 1344 1136 Nempe
1386 1089 1548 1126 curabat,
1589 1101 1626 1121 ne
1668 1086 1816 1132 Hungari

1059 1139 1266 1175 detrecffarent
1286 1139 1386 1184 solitd
1408 1137 1599 1183 subjeclione
1634 1135 1817 1182 Imperatori

1057 1191 1158 1238 prisca
1183 1190 1354 1237 persolvere
1379 1188 1520 1222 tributa.
1548 1189 1600 1222 At
1627 1186 1709 1233 quia
1739 1199 1814 1234 pre-

1061 1255 1114 1276 ces
1142 1242 1159 1275 {t
1188 1239 1314 1275 Sanfilo
1342 1241 1462 1275 Leone
1485 1236 1663 1285 praediolo
1685 1250 1745 1284 pro
1767 1236 1816 1271 eis

1062 1291 1234 1326 adhibitas
1263 1290 1437 1325 Henricus
1466 1287 1638 1336 Augustus
1668 1286 1812 1322 exaudi-

1061 1355 1097 1376 re
1123 1342 1260 1380 noluit,
1286 1340 1353 1374 ideo
1379 1344 1524 1373 Romana
1552 1338 1739 1384 Respublica
1760 1338 1817 1381 su—

1062 1390 1244 1435 ejectionem
1285 1391 1393 1436 Regni
1431 1389 1618 1436 Hungariae
1655 1388 1816 1435 perdidit,

1064 1443 1106 1475 (9‘
1133 1441 1232 1476 adhuc
1257 1440 1360 1475 dolet.

1114 1491 1353 1536 Quamobrem
1397 1490 1449 1526 nil
1492 1489 1619 1524 mirum
1642 1514 1652 1529 ‚
1695 1488 1717 1523 fi
1756 1487 1818 1537 ipsi

1064 1555 1202 1590 quoque
1231 1543 1459 1588 Imperatores
1501 1541 1625 1574 franci
1667 1540 1732 1574 hoc
1760 1553 1819 1574 eo-

1065 1594 1143 1628 dem
1173 1592 1376 1638 Reipublicae
1404 1591 1580 1626 vocabulo
1617 1589 1660 1624 usl
1690 1589 1819 1624 fuerint

1066 1644 1106 1679 ad
1134 1642 1377 1690 designandum
1418 1654 1488 1676 non
1530 1640 1639 1676 solum
1672 1639 1821 1674 Romani

1068 1694 1212 1741 Imperii
1239 1692 1434 1731 ditionem,
1462 1691 1516 1727 sed
1545 1692 1651 1726 ctiam
1681 1690 1821 1725 uni-Jer-

1067 1745 1100 1780 sa
1129 1746 1247 1791 Regna
1275 1742 1352 1777 suae
1373 1741 1532 1790 potestati
1554 1741 1724 1789 subjeeia.
1753 1742 1824 1775 Im—

1068 1809 1126 1830 mo
1154 1806 1261 1841 quum
1288 1792 1385 1841 saepe
1408 1793 1529 1839 publici
1556 1805 1625 1826 vox
1647 1792 1682 1826 in
1704 1804 1823 1826 eorum

1068 1848 1102 1881 &
1139 1843 1420 1891 subsequentium
1463 1852 1660 1890 temporum
1699 1854 1823 1877 monu-

1069 1895 1197 1932 mentis
1238 1902 1423 1936 occurrat,
1467 1892 1604 1940 iuvabit
1644 1892 1721 1928 heic
1749 1891 1825 1927 ani-

1070 1947 1305 1982 madvertere,
1325 1957 1411 1991 quae
1432 1943 1486 1978 vis
1508 1943 1608 1992 hujus
1632 1943 1729 1978 vocis
1751 1942 1823 1977 fue-

1070 1998 1117 2033 rit
1144 1996 1233 2039 apud
1261 1996 1404 2030 illorum
1438 1995 1639 2029 Seculorum
1671 1993 1825 2040 Scripto-

1071 2061 1122 2083 res
1141 2074 1151 2089 ,
1178 2048 1211 2082 3<
1240 2045 1277 2080 in
1305 2044 1437 2080 Literis
1465 2057 1503 2079 ac
1533 2043 1727 2091 Praeceptis
1760 2047 1826 2078 Re-

1072 2111 1174 2146 gum.
1217 2095 1400 2133 Nimirum
1441 2094 1492 2129 ibi
1531 2095 1650 2141 publici
1668 2094 1827 2138 jndices,

1074 2148 1205 2183 Palatia
1226 2145 1373 2193 publica,
1401 2149 1481 2180 Pars
1505 2145 1653 2192 publica,
1682 2143 1829 2185 Ministri

1075 2198 1300 2245 Reipublicae,
1328 2206 1432 2243 atquc
1459 2195 1582 2230 horum
1612 2193 1737 2229 similia
1765 2207 1827 2228 no—

1077 2249 1171 2284 mina
1200 2250 1384 2296 leguntur,
1413 2259 1559 2293 quorum
1590 2244 1720 2280 sensum
1750 2257 1830 2292 pro-

1076 2301 1117 2335 be
1146 2299 1258 2337 noffe,
1286 2307 1360 2333 tum
1390 2297 1430 2332 ad
1459 2295 1692 2332 cruditionem
1722 2294 1829 2329 medii

1078 2350 1178 2390 aevi,
1204 2359 1279 2384 tum
1308 2348 1349 2383 ad
1377 2346 1647 2396 intelligendum
1672 2355 1828 2380 veterum

1078 2401 1269 2436 sermonem
1316 2397 1482 2433 conducit
1502 2424 1511 2432 .
1557 2396 1705 2432 Carolus
1748 2396 1828 2429 Ma-

1077 2464 1184 2499 gnus,
1225 2458 1265 2484 ut
1307 2449 1351 2484 est
1394 2448 1431 2483 in
1473 2449 1566 2493 Lege
1611 2443 1829 2491 Langobard.

1083 2513 1163 2538 121.
1194 2503 1285 2536 Part.
1315 2501 1361 2534 11.
1388 2497 1500 2534 Tomi
1529 2499 1556 2533 Ι.
1587 2499 1666 2533 Rer.
1691 2493 1831 2529 Italica-

1684 2556 1781 2581 rum,
