2216 3105
402 259 409 267 ,
441 218 524 259 447

733 205 1183 251 BENVENUTI
1234 208 1669 252 IMOLENSIS

1858 213 1942 265 448

383 262 456 309 tiag
487 275 547 310 pro
575 274 645 310 quo
672 265 783 300 multa
812 266 999 302 viaoriose
1027 266 1138 311 fecit,
1175 267 1217 306 AY
1243 267 1335 307 ciae,
1373 270 1455 304 Dux
1496 268 1747 317 Andegaviae,
1783 267 1822 304 ὅ(
1868 271 1998 305 Comes

383 323 491 357 quum
520 312 660 349 haberet
697 315 827 351 bellum
867 330 945 353 cum
976 318 1164 381 Principe<

383 361 516 398 Salerni
533 390 541 399 .
569 363 778 401 Guiscardus
806 366 925 414 itaque
952 368 1137 417 magnifice

381 422 641 454 remuneratus,
697 416 827 452 redivit
877 419 913 453 in
961 421 1137 454 Norman-

380 462 497 498 niam.
541 467 585 499 Et
612 464 783 502 ostentans
810 467 955 504 divitias
983 468 1021 504 &
1049 469 1137 504 deli—

383 512 453 548 cias
483 516 660 563 Apuliae,
702 516 804 552 duxit
832 531 938 565 equos
966 519 1137 555 fraenatos

381 562 509 599 fraenis
530 566 720 613 argenteis.
753 569 897 606 Propter
916 569 1008 615 quod
1032 570 1135 605 multi

381 614 518 650 nobiles
559 616 706 651 animati
754 617 947 663 cupiditate
986 620 1075 655 lucri
1103 620 1136 654 &

383 664 537 711 gloriae,
575 665 710 713 sequuti
739 666 817 703 sunt
844 681 944 703 eum.
985 669 1058 716 Ipse
1085 683 1137 704 re—

381 714 498 750 versus
526 716 562 750 in
593 716 785 761 Apuliam,
828 717 980 754 fideliter
1008 732 1138 767 pugna-

381 763 440 798 bat
470 778 530 812 pro
558 765 654 801 dicio
684 769 780 803 Duce
804 770 974 812 Apuliae.
1001 771 1047 804 Et
1068 782 1137 804 non

380 814 455 862 post
482 817 634 852 multum
665 818 831 862 temporis
863 820 1033 855 Robertus
1055 821 1136 855 Dux

381 865 538 912 Apuliae
568 867 708 903 veniens
736 869 777 903 ad
807 879 979 910 mortem,
1006 871 1047 905 de
1075 884 1137 906 vo-

381 916 518 951 luntate
570 917 706 953 suorum
761 921 935 955 Bai-onum
991 920 1137 969 reliquit

381 966 611 1003 Guiscardum
650 968 869 1005 successorem
912 971 948 1006 in
978 973 1137 1007 Ducatu.

379 1018 427 1052 Et
455 1016 498 1052 fic
528 1020 725 1063 Ducatum,
764 1035 866 1068 quem
896 1021 1073 1057 dimiserat
1100 1023 1136 1057 in

381 1069 603 1106 Normannia
626 1098 636 1114 ‚
683 1072 901 1119 recuperavit
937 1072 974 1106 in
1013 1073 1136 1107 ltalia.

380 1119 554 1155 Robertus
582 1120 692 1169 igitur
719 1123 858 1170 accepta
885 1121 959 1157 filia
991 1122 1135 1158 Roberti

380 1167 418 1205 in
447 1183 618 1210 uxorem,
647 1170 731 1207 ficut
760 1172 992 1220 promiserat,
1021 1173 1056 1208 vi
1086 1187 1137 1208 ar-

380 1231 518 1255 morum
557 1220 756 1270 subjugavit
793 1224 991 1271 Apuliam,
1032 1225 1137 1259 Cala·

381 1269 516 1314 briam,
552 1272 585 1307 &
624 1282 739 1308 totum
779 1276 958 1322 Regnum.
1002 1274 1137 1309 Deinde

381 1322 541 1369 Regnum
579 1322 743 1364 Siciliae,
786 1325 877 1371 quod
907 1334 1137 1372 occupaverat

381 1372 533 1407 Alexius
554 1373 749 1420 Imperator
768 1377 978 1410 Graecorum
993 1402 1000 1410 .
1028 1375 1138 1410 Dein-

381 1421 423 1457 de
451 1421 619 1458 succurrit
647 1425 842 1474 Ecclesiae3
885 1425 1029 1460 veniens
1067 1428 1137 1460 Ro-

380 1486 474 1508 mam
504 1473 540 1508 in
569 1473 724 1509 favorem
753 1475 917 1523 Gregorii
946 1477 1028 1510 VII.
1054 1488 1137 1510 con-

381 1532 435 1559 tra
463 1523 658 1559 Henricum
688 1526 751 1559 111.
786 1525 900 1571 Hujus
938 1524 1137 1561 successores

381 1584 614 1622 regnaverunt
641 1574 678 1609 in
708 1574 830 1610 Sicilia
853 1575 956 1621 usque
977 1575 1018 1610 ad
1043 1578 1138 1611 Hen-

381 1625 493 1659 ricum
533 1634 664 1671 patrem
703 1625 873 1660 Friderici
911 1625 956 1661 Π.
987 1628 1038 1660 De
1068 1628 1137 1660 Ro-

381 1675 481 1709 berto
510 1674 700 1710 Guiscardo
729 1677 826 1723 plura
849 1675 1009 1711 dicentur
1037 1678 1137 1711 Para—

381 1724 443 1760 dii}
472 1724 579 1761 Cant.
605 1727 739 1761 XVIII.
770 1729 874 1762 Nunc
902 1726 941 1761 ad
972 1726 1136 1775 literam3

384 1775 493 1810 dicit:

432 1829 499 1860 Con
519 1827 643 1873 quella,
668 1828 718 1861 che
730 1827 828 1871 set-1520
843 1827 879 1860 di
898 1827 977 1873 colpt'
990 1827 1114 1873 dogHe,

384 1876 466 1924 quia
494 1876 628 1912 scilicet
655 1890 736 1925 gens
766 1877 828 1912 illa
853 1877 921 1912 fuit
946 1877 1139 1916 trucidata,

435 1931 496 1961 Per
516 1927 700 1970 contrastare
720 1942 739 1962 a
757 1930 892 1963 Roberto
911 1928 1080 1972 Guiscardo
1092 1955 1100 1963 .

386 1979 432 2012 Et
473 1976 550 2013 heic
592 1987 698 2018 nota,
739 1978 832 2024 quod
872 1979 1042 2013 Robertus
1071 1991 1140 2013 non

387 2028 510 2063 habuit
537 2041 697 2077 magnam
722 2027 944 2064 resistentiam
966 2028 1002 2063 in
1023 2029 1142 2074 acqui—

386 2079 494 2114 rendo
522 2079 720 2123 Apuliam,
755 2079 837 2126 quia
874 2079 988 2127 Apuli
1026 2078 1142 2114 facili-

386 2138 440 2164 ter
468 2129 634 2165 cesserunt
661 2129 745 2165 fibi.
773 2130 836 2165 Sed
865 2128 903 2164 in
931 2129 1142 2177 acquirendo

390 2179 547 2215 Siciliam
577 2181 653 2226 plus
680 2180 877 2215 laboravit.

439 2233 472 2265 E
498 2231 618 2265 l’altra
635 2257 647 2274 ,
674 2231 698 2264 il
725 2231 774 2265 cui
800 2229 907 2276 effante
934 2244 1024 2265 amor
1049 2229 1077 2265 ,ς’
1091 2244 1142 2265 ac-

491 2281 606 2327 cnglie.

390 2330 481 2366 Heic
510 2330 648 2366 Aueior
667 2329 782 2379 tangit
806 2339 967 2377 quartum
991 2331 1144 2370 bellum,

389 2380 480 2427 quod
517 2381 646 2429 gestum
682 2381 728 2416 est
770 2390 890 2416 contra
918 2380 1142 2415 Ma-nfredum

389 2445 448 2479 per
475 2429 645 2466 Carolum
688 2431 716 2466 I.
757 2431 815 2466 Ad
844 2431 940 2479 cujus
969 2431 1144 2478 praenoti-

388 2482 475 2517 tiam
513 2481 558 2516 est
600 2481 754 2516 breviter
794 2480 999 2523 sciendum,
1051 2480 1143 2528 quod

389 2533 537 2569 Carolus
563 2531 669 2568 frater
694 2531 875 2568 Ludovici
906 2531 1010 2580 Regis
1039 2535 1144 2567 Fran-

1213 695 1215 711 2
1241 669 1433 704 exercitum
1474 669 1577 704 duxit

1243 318 1472 362 Provinciae,
1499 320 1540 354 de
1565 333 1634 367 quo
1657 319 1755 367 supra
1776 320 1908 355 dietum
1930 318 1996 359 est,

1240 369 1272 403 &
1302 368 1433 417 saepius
1469 370 1625 414 dicetur,
1669 380 1812 406 vocatus
1849 370 1890 405 ab
1926 372 1995 405 Ec-

1241 418 1337 455 clefia
1365 429 1485 455 contra
1514 423 1643 469 Regem
1665 419 1888 456 Manfredum
1903 448 1911 464 ‚
1933 420 1995 468 qui

1241 468 1312 517 post
1339 470 1508 506 Friderici
1538 473 1583 506 11.
1613 471 1720 519 patris
1744 470 1817 514 sui,
1845 473 1877 506 8<
1900 473 1997 507 Con-

1241 519 1314 555 radi
1341 519 1457 555 fratris
1486 531 1657 565 mortem,
1685 530 1916 570 occupaverat
1941 521 1995 556 Si—

1241 570 1343 605 ciliae
1374 573 1530 619 Regnum
1558 572 1591 606 &
1613 573 1788 619 Apuliae,
1817 572 1916 607 venit
1937 584 1996 617 per

1241 633 1333 655 mare
1370 623 1519 655 Romam
1561 634 1638 655 curn
1677 621 1820 669 paucis,
1861 623 1894 657 8<
1923 621 1996 670 ejus

1614 683 1673 718 per
1713 680 1838 705 terram
1867 674 1996 707 Comes

1241 719 1358 754 Guido
1394 719 1435 754 de
1471 719 1656 755 Monforte
1697 721 1805 754 Anno
1849 721 1999 756 Domini

1241 771 1466 805 MCCLXV.
1502 769 1576 815 Qui
1604 769 1776 817 susceptus
1804 769 1998 806 honorifice

1241 833 1258 855 a
1289 819 1477 862 Romanis,
1506 819 1705 868 exspecians
1733 830 1871 869 gentem
1902 820 1995 856 suam

1242 883 1300 917 per
1341 879 1453 905 totam
1497 870 1654 906 aestatem
1681 898 1692 914 ,
1743 870 1961 906 consultabat
1986 898 1996 916 ,

1242 920 1419 966 quomodo
1447 920 1593 956 intraret
1615 923 1773 970 Regnum
1796 920 1995 957 Manfredi.

1242 973 1287 1005 Et
1315 979 1500 1006 coronatus
1527 971 1650 1006 deinde
1677 985 1695 1006 a
1726 973 1836 1019 Papa,
1878 972 1996 1020 coepit

1242 1021 1292 1056 ire
1320 1022 1436 1056 versus
1465 1021 1634 1069 Apuliam
1665 1035 1722 1070 per
1743 1022 1995 1070 Campaniam.

1242 1070 1446 1106 Manfredus
1501 1071 1646 1111 dolens,
1693 1081 1831 1118 gentem
1874 1073 1997 1108 Caroli

1242 1122 1381 1157 intraffe
1408 1122 1517 1157 libere
1545 1136 1604 1170 per
1631 1122 1905 1160 Lombardiam‚
1937 1122 1998 1158 ubi

1242 1172 1389 1208 habebat
1417 1185 1576 1220 magnam
1605 1181 1743 1221 gentem
1781 1172 1821 1208 ad
1849 1173 1997 1208 obvian-

1241 1223 1347 1266 dum,
1398 1223 1494 1258 dedit
1535 1236 1674 1271 operam
1717 1223 1758 1258 ad
1809 1222 1995 1259 custodiam

1244 1273 1365 1309 Pontis
1393 1273 1584 1322 Ceperani.
1626 1273 1688 1309 Sed
1727 1274 1873 1309 Carolus
1901 1283 1995 1308 tran-

1242 1324 1303 1359 sito
1342 1326 1475 1368 Ponte,
1517 1337 1576 1372 per
1603 1323 1779 1362 fraudem,
1823 1322 1916 1369 cepit
1944 1325 1997 1358 A-

1241 1374 1387 1421 quinum
1417 1373 1484 1408 fine
1511 1373 1719 1413 refistentia‚
1762 1372 1885 1408 deinde
1913 1375 1997 1408 San-

1241 1424 1334 1459 &um
1364 1427 1576 1459 Germanum
1606 1423 1739 1459 viribus
1757 1450 1765 1458 .
1793 1422 1996 1459 Manfredus

1212 1475 1362 1509 ²audito
1399 1473 1538 1509 excidio
1576 1473 1693 1508 Sangii
1730 1475 1919 1513 Germani,
1956 1474 1997 1509 de

1212 1527 1214 1552 ἒ
1242 1523 1385 1559 conlilio
1413 1524 1549 1558 suorum
1588 1523 1774 1559 Comitum
1804 1523 1901 1558 venit
1929 1525 1995 1559 Be·

1241 1583 1456 1617 neventum,
1493 1574 1574 1620 quia
1615 1573 1666 1608 ibi
1705 1583 1840 1621 poterat
1869 1575 1994 1609 melius

1186 1626 1215 1673 ’ᾗ
1241 1625 1367 1672 eligere
1396 1624 1562 1671 partitum
1593 1624 1796 1671 pugnandi,
1824 1625 1856 1658 8<
1885 1624 1997 1672 impe—

1241 1675 1313 1710 dire
1341 1673 1512 1709 Carolum
1531 1701 1541 1716 ,
1583 1674 1642 1721 qui
1674 1686 1742 1707 non
1781 1682 1915 1721 poterat
1943 1675 1999 1710 in—

1243 1735 1330 1760 trare
1370 1724 1639 1770 Principatum,
1681 1736 1742 1758 nec
1783 1723 1922 1759 tranfire
1960 1724 1999 1759 in

1244 1774 1410 1821 Apuliam
1441 1773 1503 1808 nifi
1533 1787 1590 1822 per
1628 1775 1888 1809 Beneventum.
1927 1773 1999 1809 Ca-

1214 1825 1336 1874 {rolus
1374 1825 1439 1859 hoc
1481 1824 1629 1859 sentiens
1667 1823 1799 1858 receffit
1826 1837 1843 1857 a
1873 1824 1999 1860 Sancio

1216 1910 1217 1922 χ
1245 1879 1419 1910 Germano
1435 1899 1446 1914 ‚

1245 1925 1404 1973 Capuam
1435 1938 1492 1971 per
1519 1927 1663 1959 Terram
1702 1924 1873 1966 Laboris,
1916 1925 1999 1971 quia

1217 2003 1218 2018 ἶ
1247 1990 1314 2012 non
1344 1975 1507 2023 potuisset
1536 1974 1674 2009 transire
1702 1974 1740 2009 ad
1765 1983 1905 2020 pontem
1928 1973 1999 2009 for-

1217 2039 1219 2077 ᾗ
1246 2026 1413 2062 tiffimum
1443 2024 1608 2073 Capuae,
1635 2037 1737 2072 quem
1767 2024 1891 2059 fecerat
1923 2023 1999 2060 fieri

1484 1876 1516 1908 8<
1546 1888 1615 1909 non
1644 1875 1757 1909 tenuit
1787 1874 1854 1908 iter
1881 1877 1998 1909 versus

1247 2077 1441 2113 Fridericus
1462 2077 1507 2111 H.
1529 2076 1581 2111 sed
1605 2074 1761 2111 transivit
1784 2076 2000 2110 Vulturnum

1248 2128 1337 2175 apud
1372 2127 1631 2170 Tulivernum,
1670 2125 1728 2161 ubi
1770 2135 1903 2173 poterat
1940 2138 2001 2160 va—

1248 2179 1348 2218 dari,
1380 2179 1414 2213 &
1443 2190 1501 2226 per
1528 2177 1641 2224 aspera
1669 2176 1796 2211 itinera
1825 2175 1999 2210 montium

1250 2231 1574 2264 Beneventanoru-rn
1604 2240 1682 2262 cum
1721 2225 1877 2261 maximo
1904 2226 2001 2260 labo-

1249 2293 1284 2315 re
1327 2278 1364 2314 &
1406 2278 1542 2313 defeci-’tu
1583 2276 1792 2312 viffiualium
1845 2276 2002 2323 pervenit

1250 2332 1488 2365 Beneventum
1533 2341 1637 2376 prope
1680 2340 1739 2375 per
1774 2327 1844 2362 duo
1870 2325 2002 2360 millia-

1251 2380 1328 2416 ria.
1364 2378 1567 2414 Nlanfredus
1608 2377 1720 2413 statim
1764 2376 1856 2424 cepit
1892 2374 1999 2410 consi-

1252 2431 1341 2466 lium
1370 2429 1567 2478 pugnandi,
1595 2441 1637 2464 ne
1659 2427 1874 2476 permitteret
1895 2425 2002 2461 hosti·

1223 2498 1224 2510 π
1254 2482 1315 2516 bus
1351 2479 1440 2515 feffis
1477 2489 1613 2527 tempus
1653 2475 1898 2513 refocillandi.
1939 2475 2003 2510 Sed

1223 2516 1347 2572 leerte
1389 2530 1517 2566 elefftio
1558 2527 1627 2564 fuit
1675 2524 1867 2574 perniciosa
1918 2525 2006 2560 fibi.

1862 2575 1957 2621 Quia
