2216 3105
215 267 303 302 culis
331 267 368 301 in
398 265 492 308 vita,
521 263 559 300 &
580 264 652 310 post
673 273 844 307 mortem,
871 262 967 301 cuius

217 320 352 365 Corpus
389 315 499 350 adhuc
541 315 715 356 integrum
760 314 890 349 colitur
916 313 968 348 ibi

218 381 296 402 curn
326 379 447 414 magna
471 365 712 401 veneratione.
741 367 787 400 Et
808 364 884 399 heic
905 378 968 400 no-

215 427 272 459 ta,
300 418 391 464 quod
421 415 557 451 Aufilor
583 417 620 451 in
646 416 709 451 isto
729 418 846 451 Cantu
867 415 968 461 punit

216 468 326 503 solum
366 467 582 506 Baraterios,
624 467 685 514 qui
729 468 969 502 barataverant

217 518 314 553 suum
343 519 561 557 Commune,
589 516 672 553 ficut
702 527 796 565 patet
823 530 865 552 ex
894 530 970 552 ver-

218 570 271 604 bis
299 568 438 604 literae.
468 571 563 603 Nota
592 568 721 608 etiam,
749 567 842 614 quod
868 567 972 604 Civi-

219 629 271 655 tas
300 622 440 655 Lucana
469 618 572 654 habet
600 619 755 668 egregios
777 618 972 654 Baraterios

220 670 258 706 in
286 669 501 708 Communi,
538 669 622 704 licet
663 669 787 705 habeat
816 682 974 704 commu-

222 720 314 756 niter
342 721 468 768 legales
489 722 722 755 mercatores.
751 720 872 768 Fingit
893 733 974 768 ergo

222 770 381 814 Au&or,
423 770 515 818 quod
552 771 612 806 iste
654 780 808 819 portatus
837 784 852 805 a
884 773 975 805 Dae—

224 834 328 857 mone
355 831 428 856 erat
456 834 543 857 unus
570 821 773 870 praecipuus
801 820 977 857 Officialis

223 885 266 908 ex
294 871 388 907 illis.

474 926 534 958 Aa
562 923 643 968 Vers.
670 936 729 970 41.

277 974 361 1020 Ogm'
380 972 458 1008 uom’
478 974 540 1008 v’e}
555 976 738 1014 Bnrattier‚
752 974 879 1018 fuorchae?
894 977 982 1008 Bon-

329 1035 419 1058 turo.

229 1076 276 1109 Et
311 1073 389 1109 heic
425 1083 536 1114 nota,
572 1075 664 1123 quod
694 1075 832 1111 Aufi’tor
867 1075 983 1124 potius

229 1124 383 1160 includit
409 1124 507 1160 istum
537 1125 572 1160 in
602 1139 783 1162 numerum
812 1126 985 1168 aliorum,

231 1175 314 1220 quia
350 1175 508 1222 loquitur
544 1175 704 1220 ironice,
741 1176 832 1224 quafi
865 1177 983 1211 dicat:
1013 1186 1014 1189 ’

232 1227 407 1260 Bonturus
436 1225 480 1260 est
516 1225 692 1262 summus.
732 1229 822 1263 Nam
853 1229 988 1262 Bontu-

231 1289 287 1310 rus
320 1274 388 1309 fuit
421 1276 744 1316 Archibaraterius‚
782 1277 865 1323 quia
895 1277 989 1325 saga—

234 1326 322 1360 citer
348 1324 494 1360 ducebat
519 1327 553 1360 &
580 1326 737 1362 versabat
764 1327 853 1362 illud
878 1329 989 1364 Com-

234 1387 338 1410 mune
366 1384 479 1410 totum
498 1403 508 1416 ,
537 1374 574 1410 ὃ(
602 1376 705 1412 dabat
732 1377 883 1419 Officia,
911 1377 991 1425 qui-

235 1426 296 1460 bus
313 1426 454 1460 volebat
466 1452 474 1460 .
491 1426 665 1461 Similiter
681 1427 887 1462 excludebat
904 1441 990 1474 quos
1017 1423 1019 1430 ¹

235 1475 397 1511 volebat.
424 1476 525 1511 Unde
548 1477 628 1512 dum
656 1477 757 1512 semel
785 1477 902 1512 iviffet
923 1480 992 1513 Le—

235 1536 333 1583 gatus
362 1525 402 1561 ad
441 1528 568 1574 Papam
606 1527 828 1563 Bonifatium
847 1551 855 1566 ‚
884 1527 994 1563 Boni-

236 1580 374 1621 tamus,
412 1590 555 1626 magnus
593 1577 842 1614 marescalchus
878 1578 997 1614 homi-

236 1640 320 1663 num
339 1654 348 1670 ‚
376 1627 437 1673 qui
466 1628 694 1676 cognoscebat
730 1631 874 1678 laqueos
900 1630 995 1676 ejus,
1023 1638 1024 1642 ’

239 1678 334 1725 cepit
363 1690 439 1712 eum
479 1691 537 1725 per
574 1679 781 1724 brachium,
817 1681 850 1715 8<
879 1680 996 1716 vibra-

240 1727 316 1762 vit.
345 1727 415 1762 Cui
444 1727 506 1763 ille
534 1728 735 1777 respondit:
775 1734 826 1764 Tu
853 1729 1000 1777 quassasti

240 1777 408 1812 dimidiam
443 1781 585 1814 Lucam.
622 1781 668 1815 Et
704 1780 764 1815 iste
799 1789 872 1815 erat
908 1780 997 1815 forte

241 1841 333 1863 nunc
371 1837 526 1876 portatus
564 1843 581 1864 a
619 1832 824 1866 Daemone.
861 1830 998 1866 Audivi

241 1887 358 1914 tamen
396 1878 532 1926 aliquos
563 1880 739 1925 dicentes,
776 1881 869 1928 quod
907 1883 1000 1916 Bon-

242 1938 338 1964 turus
376 1929 434 1964 iste
463 1930 530 1965 fuit
569 1932 677 1967 bonus
714 1932 751 1967 in
779 1931 1000 1973 Communi,

243 1981 277 2015 &
305 1980 397 2027 quod
426 1981 564 2017 Aufilor
600 1982 759 2030 loquitur
795 1982 877 2030 pie:
908 1981 1000 2029 quod

245 2043 315 2065 non
341 2031 462 2070 credo,
489 2032 570 2078 quia
597 2034 771 2069 Bonturus
799 2033 867 2068 fuir
893 2034 1002 2068 bonus

246 2081 464 2117 Barattator.
488 2084 534 2117 Et
560 2083 645 2118 bene
666 2083 833 2120 convenit
857 2083 918 2119 fibi
940 2096 1003 2118 no-
1030 2091 1032 2104 ¹

247 2143 325 2166 men
344 2155 353 2169 ‚
381 2131 461 2178 quia
496 2133 581 2168 bene
614 2133 742 2169 sciebat
769 2135 931 2170 obturare
965 2148 1003 2169 u-

247 2195 329 2217 num
357 2180 512 2217 foramen
540 2196 707 2219 vacuum.
735 2187 782 2220 Et
809 2186 896 2220 bene
919 2183 1004 2219 scie-

249 2233 308 2267 bat
333 2241 465 2280 tergere
490 2246 593 2268 unam
620 2236 791 2270 maculam
817 2234 1004 2269 infamiae.

248 2285 295 2318 Et
323 2283 403 2318 audi
440 2282 463 2317 fi
491 2282 570 2319 sunt
605 2284 689 2320 boni
725 2284 896 2321 Baraterii
932 2287 1005 2321 Lu-

250 2347 333 2375 cae,
362 2333 444 2383 quia

300 2387 367 2421 Del
394 2389 432 2420 nb
459 2395 515 2433 per
540 2386 569 2420 li
592 2386 692 2421 denar
714 2386 754 2420 υἱ
773 2386 806 2426 fi
825 2387 864 2430 fa
891 2386 955 2425 ita,

250 2439 331 2473 Hoc
367 2437 437 2481 est,
480 2435 572 2483 quod
603 2436 644 2471 de
673 2436 859 2486 negatione
889 2435 930 2472 fit
956 2436 1007 2471 ibi

250 2488 460 2527 affirmatio,
483 2486 575 2534 quasi
603 2486 720 2527 dicat,
740 2486 832 2535 quod
860 2487 901 2522 de
929 2488 1008 2521 fal-

249 2537 287 2575 so
311 2538 372 2575 fiat
396 2539 448 2575 ibi
471 2541 604 2574 Verum
628 2551 688 2587 per
711 2537 917 2587 pecuniam.
945 2536 1008 2573 Sed

567 203 867 247 COMMENT.
898 202 961 245 IN
990 196 1216 244 DANTIS
1243 193 1484 236 COMOED.

1006 262 1039 295 A

1080 264 1172 291 certe
1199 254 1257 289 ista
1286 252 1405 300 regina
1433 250 1578 298 pecunia
1605 207 1716 284 habet3
1737 248 1834 283 istam

1080 305 1301 355 potentiam,
1338 305 1372 337 &
1410 301 1578 347 majorem
1617 313 1685 334 non
1723 299 1836 334 solum

1079 358 1115 392 in
1154 368 1259 402 parva
1286 352 1398 388 Curia
1426 354 1564 389 Lucae,
1601 349 1657 384 sed
1692 349 1729 383 in
1763 362 1836 384 rna-

1080 407 1176 443 xima
1203 405 1312 441 Curia
1341 406 1517 438 Romana.
1546 402 1593 434 Et
1620 399 1773 434 finaliter
1799 412 1839 433 o-

1081 456 1205 493 stendit
1227 484 1237 498 ,
1279 453 1457 503 quomodo
1501 453 1661 486 Daemon
1703 448 1839 483 vocatis

1082 508 1206 551 sociis,
1227 509 1260 542 &
1284 501 1568 542 recommendato
1595 500 1656 535 fibi
1685 499 1746 535 isto
1768 512 1840 533 ma-

1082 573 1151 607 gno
1192 557 1380 600 Antiano,
1423 552 1551 602 dejecit
1595 550 1709 600 ipsum
1749 549 1843 585 inter

1086 611 1227 646 brancas
1254 621 1374 644 eorum
1390 633 1399 642 .

1336 659 1398 694 Ad
1427 656 1509 701 Vers}
1536 657 1597 701 48.

1137 711 1284 746 Gr1'dar:
1319 711 1386 756 „Qui
1414 722 1473 742 non
1500 707 1540 741 ha
1575 707 1665 752 luogo
1692 704 1717 737 il
1745 706 1845 738 santo

1191 764 1298 797 Volto.

1088 812 1192 859 Quasl
1221 812 1340 847 dicat:
1380 809 1473 846 Heic
1500 820 1570 843 non
1598 806 1642 842 est
1669 818 1754 852 opus
1783 816 1846 839 vo—

1088 875 1126 900 to
1157 865 1211 899 vel
1240 875 1339 907 prece
1357 889 1366 903 ‚
1394 860 1477 909 quia
1506 871 1577 893 non
1607 866 1703 906 potes
1731 868 1847 891 recur—

1089 928 1161 951 rere
1189 913 1229 949 ad
1259 913 1409 948 Vultum
1449 909 1613 945 Sanfi'tum
1633 935 1643 952 ,
1680 906 1763 941 licut
1795 905 1848 939 so-

1090 967 1164 1002 lent
1192 963 1301 999 facere
1330 960 1501 998 Lucenses
1531 960 1568 994 in
1598 959 1698 993 rebus
1728 958 1849 991 adver-

1091 1016 1155 1051 sls-
1192 1014 1248 1050 Ad
1278 1015 1374 1062 cujus
1411 1012 1460 1047 rei
1498 1007 1775 1057 intelligentiam
1804 1005 1848 1041 est

1093 1066 1291 1108 sciendum,
1319 1063 1413 1111 quod
1441 1062 1526 1097 ficut
1554 1060 1665 1108 reperi
1699 1059 1737 1093 in
1765 1070 1849 1105 qua-

1092 1117 1170 1152 dam
1192 1115 1359 1163 scriptura
1373 1142 1381 1155 ,
1399 1111 1595 1161 apocrypha
1616 1119 1731 1146 tamen
1746 1136 1756 1152 ,
1772 1109 1851 1155 qui—

1066 1168 1170 1213 ,dam
1201 1165 1420 1201 Venerabilis
1458 1162 1670 1211 Episcopus,
1708 1159 1851 1194 nomine

1093 1217 1331 1260 Gualfredus‚
1375 1215 1455 1250 dum
1496 1212 1608 1262 gratia
1649 1209 1850 1245 devotionis

1094 1269 1208 1304 ivisset
1235 1266 1477 1309 Hierusalem,
1501 1265 1535 1298 8<
1558 1264 1635 1298 loca
1658 1260 1775 1298 sanfila
1799 1272 1852 1294 re—

1096 1328 1255 1354 verenter
1294 1316 1476 1359 visitaret,
1516 1313 1610 1349 vidit
1651 1312 1687 1347 in
1731 1311 1852 1345 somno

1097 1370 1274 1417 Angelum
1302 1367 1475 1402 dicentem
1504 1364 1565 1400 fibi
1583 1391 1592 1408 ‚
1625 1372 1663 1398 ut
1691 1361 1853 1410 exquire-

1097 1429 1147 1455 ret
1185 1417 1433 1454 sanffiffimum
1472 1417 1621 1450 Vultum
1662 1411 1853 1449 Salvatoris

1097 1471 1134 1506 in
1154 1470 1261 1504 domo
1282 1467 1457 1515 cujusdam
1484 1465 1633 1501 Seleucii
1654 1463 1721 1499 viri
1744 1462 1854 1498 Chri-

1098 1518 1318 1558 stianiffimi,
1359 1516 1559 1553 adhaerenti
1595 1515 1716 1550 domui
1754 1513 1855 1548 suae.

1099 1571 1280 1617 Quoniam
1323 1569 1539 1604 Nicodemus
1579 1565 1649 1614 post
1696 1563 1855 1600 Resurre-

1099 1623 1254 1658 &ionem
1281 1619 1319 1655 δε
1349 1617 1589 1655 Ascenslonem
1616 1615 1771 1656 Christi,
1796 1613 1857 1649 fla-

1101 1686 1200 1719 grans
1229 1673 1302 1719 ejus
1339 1683 1481 1712 amore,
1519 1666 1702 1716 affignavit
1730 1665 1789 1700 fibi
1819 1678 1858 1700 u-

1103 1737 1181 1759 nam
1206 1722 1398 1770 Imaginem
1420 1719 1592 1755 vifibilem
1614 1718 1733 1759 illius,
1755 1728 1857 1763 quem

1104 1774 1243 1809 tenebat
1280 1773 1318 1807 in
1355 1771 1478 1814 corde,
1516 1768 1725 1804 confiderata
1760 1766 1859 1803 omni

1105 1824 1216 1859 forma⁴
1256 1825 1288 1857 &
1332 1821 1558 1871 proportione
1601 1818 1860 1854 membrorum.

1108 1876 1189 1910 Ideo
1228 1877 1341 1908 Vultus
1376 1873 1600 1922 appellatur,
1638 1869 1719 1917 quia
1756 1867 1860 1903 facies

1107 1925 1262 1961 hominis
1290 1924 1349 1959 dat
1387 1922 1629 1970 cognitionem
1664 1920 1756 1967 ejuS.
1796 1918 1863 1953 Ni-

1109 1976 1272 2012 eodemus
1317 1983 1431 2009 autem
1479 1972 1624 2018 reliquit
1669 1968 1863 2016 Imaginem

1109 2028 1197 2062 hanc
1219 2025 1354 2061 cuidam
1378 2023 1521 2059 nomine
1546 2022 1675 2063 Macar,
1697 2020 1758 2067 qui
1787 2031 1865 2066 pro—

1112 2087 1189 2126 pter
1218 2086 1350 2111 metum
1377 2074 1583 2118 Judaeorum
1620 2071 1722 2107 illam
1748 2069 1867 2104 occul-

1112 2127 1239 2163 tiffime
1276 2125 1489 2161 reconditam
1528 2121 1687 2170 quotidie
1724 2133 1867 2154 venera-

1113 2180 1237 2221 batur,
1263 2179 1297 2212 &
1326 2174 1508 2212 succeffive
1539 2172 1698 2222 pervenit
1725 2171 1765 2206 ad
1795 2183 1867 2205 ma-

1114 2243 1177 2265 nus
1208 2230 1399 2264 multorum
1437 2224 1642 2261 haeredum.
1678 2220 1868 2270 Episcopus

1115 2280 1250 2315 narrata
1286 2277 1416 2313 vifione
1459 2275 1608 2314 ceteris,
1651 2271 1787 2309 acceffit
1829 2270 1870 2305 ad

1117 2331 1333 2370 Seleucium,
1362 2342 1378 2363 a
1407 2341 1476 2374 quo
1505 2325 1628 2374 magna
1656 2334 1728 2359 arte
1755 2324 1788 2357 ὅ(
1817 2321 1872 2356 in-

1116 2382 1219 2430 genio
1249 2379 1462 2415 difficillime
1491 2375 1650 2412 obtinuit
1677 2373 1807 2409 (iustam
1839 2373 1871 2406 1-

1118 2431 1290 2478 maginem
1309 2455 1318 2469 ‚
1349 2442 1450 2476 quam
1492 2440 1570 2462 cum
1608 2426 1740 2461 summa
1768 2435 1871 2456 vene-

1117 2483 1253 2518 ratione
1280 2480 1409 2516 detulit
1440 2478 1544 2526 usque
1576 2477 1615 2512 ad
1654 2476 1737 2511 litus
1765 2471 1872 2508 Civi-

1117 2532 1201 2570 tatis
1225 2535 1357 2581 Joppe,
1382 2543 1468 2578 quae
1495 2529 1608 2578 postea
1631 2526 1724 2562 di&a
1752 2523 1795 2560 est
1820 2523 1872 2557 A-

1738 2586 1802 2610 (On
1815 2598 1822 2607 .
