2216 3105
417 214 469 252 61

409 286 427 294 ν»
453 224 512 294 -50
539 288 555 293 —
583 288 598 294 -
624 270 668 301 ,da
694 266 779 302 εἶπ’]
807 268 956 303 Demonio

410 322 474 353 Lar
495 318 529 364 se
556 332 576 352 n
599 318 698 365 gird.
727 340 915 346 -----

360 368 466 413 idest,
493 369 632 417 quando
653 369 905 418 Maghinardus
928 369 1117 409 morietur,

360 433 466 468 quem
493 417 599 456 vocat
627 422 843 456 Daemonem
873 434 931 469 per
958 421 1117 469 pulcher-

359 471 487 506 rimam
518 470 784 520 metaphoram.
822 474 981 507 Daemon
1023 471 1117 507 enim

361 520 612 570 interpretatur
640 521 768 557 sciens.
804 524 852 557 Et
887 522 931 557 est
960 524 1117 557 Daemon

361 571 473 607 bonus
500 574 533 607 8<
563 573 674 607 malus
701 572 790 618 apud
818 575 992 614 Graecos,
1036 573 1119 607 sicut

361 624 520 672 Angelus
549 623 658 658 bonus
685 623 716 657 8(
747 624 858 658 malus
900 623 988 671 apud
1017 623 1117 659 Lati-

361 686 447 717 nos,
484 682 523 709 ut
559 672 749 719 saepiffime
777 682 872 720 patet
909 687 968 722 per
997 676 1119 721 Augu-

361 723 486 758 stinum
507 723 550 758 de
577 722 738 758 Civitate
760 723 850 766 Dei,
877 724 910 758 &
933 736 991 771 per
1011 723 1119 759 Chal-

361 773 494 808 cidium
531 772 631 819 super
665 772 817 808 Timaeo
846 773 1028 809 Platonis.
1057 774 1120 808 Iste

362 832 480 859 autem
516 822 585 859 fuit
621 822 843 858 astutiffimus
884 822 922 859 ὃς
951 823 1120 871 sagaciffi-

363 887 440 910 mus
476 873 688 909 hominum.
729 875 861 919 Quales
903 875 1016 922 aliqui
1057 875 1120 910 alii

363 924 504 960 fuerunt
531 924 567 959 in
598 925 832 960 Romandiola
849 949 859 964 ‚
896 939 982 973 quos
1019 925 1061 960 ab
1086 939 1121 960 a-

362 975 465 1011 stutia
507 977 612 1010 Poeta
649 974 760 1009 noster
800 975 1000 1011 numeravit
1041 989 1120 1011 cum

366 1025 490 1071 Ulyffe
518 1025 626 1062 Cant.
658 1027 808 1060 XXVII.
837 1025 988 1062 Inferni.
1024 1027 1122 1062 Sicut

366 1078 462 1112 enim
491 1076 727 1112 Romandiola
754 1076 859 1112 habet
885 1077 1004 1124 aliqua
1025 1077 1122 1123 inge—

366 1126 425 1162 nia
453 1128 626 1176 Angelica
643 1155 652 1171 ‚
681 1126 733 1162 ita
760 1126 863 1162 habet
890 1128 1009 1175 aliqua
1037 1128 1123 1163 Dia-

367 1177 502 1213 bolica.
529 1177 613 1213 [deo
640 1176 750 1212 dicit:

417 1249 603 1254 -----
630 1242 681 1263 ma
710 1241 770 1262 non
795 1232 866 1272 per—'o
894 1229 946 1262 che
972 1239 1050 1272 puro

367 1278 467 1315 idest:
513 1292 582 1314 non
610 1288 682 1314 tam
712 1278 762 1313 ita
791 1279 875 1314 bene
903 1278 1032 1314 facient
1062 1281 1125 1314 Pa-

366 1329 447 1379 gani
477 1343 536 1378 per
563 1339 712 1366 mortem
741 1329 995 1378 Maghinardi:

417 1381 482 1414 Che
508 1381 572 1414 mai
599 1382 743 1428 rimanga
769 1379 865 1425 d'effi
891 1380 1081 1422 testimonio.

368 1430 479 1469 mest,
519 1431 608 1467 bona
636 1431 728 1467 fama
755 1431 798 1465 de
825 1430 1060 1478 Maghinardo
1088 1430 1124 1465 in

369 1482 499 1517 mundo
527 1481 748 1517 viventium.
786 1483 866 1516 Hoc
903 1481 982 1515 ideo
1011 1481 1125 1520 dicit,

368 1533 451 1581 quia
478 1531 624 1568 infamia
665 1542 737 1568 erat
766 1532 874 1579 vulgo
913 1530 955 1566 de
982 1531 1127 1579 Maghi-

369 1583 476 1618 nardo
494 1607 503 1621 ,
549 1582 643 1630 quod
688 1582 760 1630 ipse
805 1581 946 1616 tenebat
992 1591 1124 1628 partem

1162 1197 1193 1231 C

368 1632 566 1680 Guelpham
595 1633 631 1667 in
661 1632 817 1674 Tuscia,
844 1632 876 1666 ὃ(
906 1631 1125 1666 Gibellinam
1153 1630 1197 1684 'D

1155 1918 1157 1934 ι

367 1684 404 1719 in
436 1682 694 1718 Romandioia.
732 1685 779 1717 Et
815 1681 912 1717 istam
942 1681 1124 1717 infamiam

368 1736 476 1769 Poeta
504 1733 590 1768 facit
611 1732 829 1773 durabilem,
857 1732 967 1766 donec
987 1732 1126 1767 durabit

367 1784 427 1821 iste
464 1784 594 1827 Liber,
636 1784 719 1830 quia
759 1782 854 1817 dixit
899 1782 936 1817 in
986 1781 1127 1817 Inferno

367 1835 408 1870 de
418 1847 591 1920 (fliz-muta
611 1887 706 1918 Parce
725 1884 817 1917 dalla
845 1886 936 1917 State
955 1883 990 1917 al
1011 1885 1127 1917 Verno.

367 1938 414 1972 Et
442 1935 526 1970 haec
554 1933 701 1969 infamia
729 1936 809 1969 vere
830 1933 897 1967 fuit
918 1932 1023 1976 falsa,
1044 1932 1128 1968 sicut
1154 1948 1157 1954 ·

368 1988 471 2035 plene
506 1986 702 2020 declaratur
743 1984 779 2019 in
818 1983 883 2018 illo
917 1982 1040 2019 Cantu
1069 1983 1127 2019 In—

369 2036 479 2073 ferni.
508 2039 602 2072 Nam
631 2036 652 2070 si
681 2033 935 2083 Maghinardus
955 2033 1024 2069 fuit
1044 2047 1127 2069 con—

1154 1935 1158 2049 i

1155 2054 1158 2085 Ι

369 2098 422 2123 tra
450 2086 651 2124 Gibellinos
687 2086 724 2121 in
765 2085 920 2120 favorem
950 2085 1127 2120 Florenti·
1156 2089 1157 2092 ’

370 2151 494 2173 norum
513 2163 522 2177 ,
564 2151 607 2173 ex
636 2137 701 2172 hoc
731 2135 847 2184 potius
875 2144 1026 2170 meretur
1053 2136 1128 2171 lau·

371 2189 448 2224 dem
477 2190 580 2236 quam
611 2187 817 2230 infamiam,
859 2186 941 2234 quia
982 2186 1128 2221 debebat

372 2239 445 2274 illis
474 2249 587 2274 totum
616 2238 682 2273 effe
722 2239 755 2273 8<
794 2237 884 2285 poffe
920 2236 1038 2272 suum.
1075 2238 1128 2271 De

371 2289 608 2337 hlaghinardo
637 2301 706 2323 non
735 2287 897 2323 remanfit
920 2288 1033 2335 proles
1056 2300 1127 2321 ma-

372 2339 484 2374 scula:
516 2339 568 2374 sed
596 2339 764 2387 quaedam
793 2337 907 2376 filiae,
949 2350 1037 2383 quae
1073 2337 1129 2372 in·—

373 2399 553 2425 traverunt
581 2390 618 2424 in
640 2388 826 2424 Familiam
850 2387 1126 2422 Ubaldinorum.

423 2444 449 2473 O
477 2440 590 2485 Ugolin
616 2458 931 2466 --------

375 2490 466 2526 Heic
492 2489 612 2524 Guido
641 2489 832 2536 praedssff‘ms
862 2487 1022 2522 nominat
1043 2487 1128 2524 ulti-
1155 2499 1159 2528 ι

375 2554 471 2577 mum
508 2539 671 2590 spiritum
712 2542 752 2574 de
796 2538 1049 2578 Romandiola,
1093 2529 1161 2578 &l
1206 2539 1377 2583 {Mortui
1414 2552 1485 2573 non
1510 2538 1677 2573 dividunt
1714 2547 1876 2583 tempus,
1915 2535 1996 2581 quia

721 205 1606 252 BENVENUTI‘IMOLENSIS

1843 217 1930 254 616

1160 265 1191 299 A
1228 267 1328 303 illum
1358 267 1575 308 consolatur,
1622 268 1704 317 quia
1741 282 1811 305 non
1839 272 1986 319 reliquit

1229 318 1321 354 filios
1349 333 1389 355 ex
1420 320 1473 362 se,
1501 320 1562 368 qui
1593 321 1723 367 possent
1746 321 1985 370 degenerando

1227 369 1391 406 offuscare
1419 370 1546 406 famam
1575 373 1666 419 ejus.
1707 373 1807 408 Unde
1834 375 1985 421 apostro—

1230 420 1311 469 phat
1329 421 1519 457 sermonem
1539 423 1641 468 suum·
1657 423 1697 457 ad
1723 436 1822 458 eum:
1843 425 1981 460 dicens:

1277 476 1304 505 O
1332 473 1444 518 Ugolin
1472 472 1520 506 de’
1539 476 1692 508 fantolin
1720 494 1736 499 —
1764 495 1778 499 -
1805 496 1820 500 -
1849 496 1864 500 -

1230 521 1290 557 Iste
1318 522 1386 558 fuit
1413 523 1452 558 de
1485 524 1673 563 Faventia,
1712 524 1769 560 vir
1804 524 1983 574 singula-ric

1200 585 1205 637 1
1229 573 1420 613 bonitatis,
1448 571 1485 608 &
1516 575 1738 621 prudentiae:

1170 732 1195 765 Β

1206 2095 1210 2124 ¹,

1279 643 1595 650 --------
1616 624 1716 665 ficum

1281 674 1322 708 E*
1349 674 1375 706 il
1402 686 1488 707 nome
1512 683 1565 706 tuo
1591 693 1778 701 -----

1230 723 1323 769 quod
1352 721 1512 757 remansit
1532 722 1574 757 de
1595 731 1628 757 te
1649 724 1804 769 clarum,
1832 727 1848 760 ὲ
1867 727 1989 768 ficum,

1231 772 1366 807 scilicet
1393 773 1435 807 ab
1463 772 1631 808 infamia:

1281 843 1470 850 -----
1496 827 1539 858 da
1565 824 1618 858 che
1640 825 1701 868 pila
1727 839 1787 860 non
1829 826 1857 860 ,ς’
1871 827 1993 872 aspetta

1230 873 1360 920 aliquis
1388 873 1484 908 heres
1513 875 1568 908 vel
1597 874 1783 911 successor:

1282 925 1344 958 Chi
1366 924 1421 968 sar
1446 925 1476 958 lo
1501 924 1585 969 possa
1625 927 1832 973 tralignando
1867 928 1966 972 oscuro
1983 956 1991 963 .

1231 974 1334 1013 idest,
1371 974 1608 1017 degenerando
1649 990 1667 1011 a
1710 990 1789 1013 vera
1835 978 1989 1022 virtute,

1231 1024 1315 1060 ficut
1350 1025 1481 1060 accidit
1521 1026 1558 1061 in
1598 1026 1789 1063 Nobilibus
1826 1029 1906 1064 aliis
1949 1029 1989 1064 de

1231 1076 1420 1111 Faventia.
1460 1077 1562 1111 Unde
1597 1077 1699 1116 vide,
1745 1079 1837 1125 quod
1884 1081 1988 1115 Po'e'ta

1231 1126 1341 1162 noster
1377 1126 1536 1171 posuerat
1571 1126 1656 1162 duos
1693 1129 1830 1165 nobiles
1856 1130 1897 1165 de
1927 1133 1990 1165 Fa—

1230 1177 1350 1212 ventia
1378 1177 1414 1212 in
1443 1177 1579 1226 glacie.
1623 1179 1716 1214 Heic
1757 1183 1841 1216 vero
1869 1181 1909 1216 ad
1938 1194 1990 1216 re-

1230 1227 1429 1263 dimendam
1467 1227 1649 1264 infamiam
1698 1230 1859 1267 nominat
1905 1231 1990 1267 duos

1232 1279 1390 1327 Plebejos
1445 1278 1614 1314 famosos.
1659 1282 1705 1315 Et
1758 1281 1836 1317 heic
1884 1292 1988 1319 nota.

1231 1329 1324 1376 quod
1355 1331 1458 1364 Poeta
1495 1329 1627 1365 nobilis
1662 1332 1796 1366 nullam
1841 1333 1987 1368 Provin—

1231 1382 1320 1414 ciam
1360 1380 1401 1414 de
1439 1381 1570 1415 mundo
1612 1390 1750 1417 tantum
1798 1381 1989 1419 honoravit

1231 1439 1401 1475 quantum
1430 1429 1548 1465 istam.
1587 1433 1682 1465 Nam
1710 1432 1748 1466 in
1776 1432 1839 1467 isto
1867 1433 1988 1468 eodem

1230 1478 1404 1527 Capitulo
1457 1479 1651 1514 describens
1701 1483 1953 1518 Lombardiam
1981 1509 1990 1525 ,

1232 1529 1451 1564 solummodo
1479 1539 1547 1564 tres
1574 1532 1780 1578 exceptabat
1807 1546 1825 1567 a
1851 1534 1990 1581 regula.

1232 1582 1307 1628 Ego
1343 1582 1428 1615 vero
1469 1581 1608 1615 nullum
1649 1580 1771 1616 inveni
1823 1595 1991 1629 umquam

1233 1630 1425 1665 Auelorem
1455 1630 1662 1677 antiquum,
1699 1631 1760 1678 qui
1789 1632 1877 1667 hanc
1908 1635 1992 1668 Pro-

1233 1681 1386 1715 vinciam
1416 1680 1453 1715 in
1481 1680 1602 1726 aliquo
1631 1681 1847 1726 culpaverit.
1876 1684 1992 1718 Immo

1234 1729 1469 1765 Romandiola
1505 1731 1594 1764 olim
1632 1730 1823 1766 vocabatur
1859 1732 1992 1768 Flami-

1233 1779 1291 1815 nia
1318 1793 1337 1815 a
1366 1779 1562 1827 frequentia
1589 1781 1623 1814 δ(
1652 1781 1883 1818 multitudine
1912 1784 1992 1819 Fla-

1233 1831 1368 1866 minum
1390 1855 1400 1870 ,
1437 1830 1519 1866 idest
1574 1831 1795 1866 Sacerdotum
1817 1859 1826 1868 .
1883 1835 1993 1870 Parva

1234 1884 1316 1916 vero
1346 1880 1599 1920 Romandiola‚
1636 1881 1727 1928 quasi
1757 1884 1891 1919 Hortus
1922 1886 1992 1920 Ro-

1235 1945 1374 1967 manus.
1397 1931 1459 1966 Sed
1480 1931 1565 1979 quid
1588 1932 1685 1979 plura
1705 1932 1855 1980 loquor?
1884 1947 1992 1981 quum

1235 1984 1330 2017 nulla
1377 1981 1447 2016 fere
1489 1994 1565 2027 pars
1606 1982 1679 2029 ejus
1721 1982 1826 2018 hodie
1868 1983 1994 2019 floreat

1235 2042 1367 2079 praeter
1384 2032 1590 2067 Ariminum
1603 2058 1611 2067 .
1637 2031 1745 2068 Certe
1763 2033 1873 2082 magis
1889 2047 1993 2082 quam

1236 2083 1292 2118 hic
1331 2082 1587 2117 Romandiolus
1629 2082 1773 2123 fecerit,
1814 2084 1995 2120 miserabi-

1237 2135 1303 2169 lem
1348 2132 1471 2168 statum
1500 2132 1599 2168 illius
1643 2133 1884 2181 deplorarem,
1931 2133 1994 2170 nifi

1236 2183 1406 2219 desolatio
1449 2184 1518 2232 jam
1560 2183 1745 2220 transiisset
1781 2185 1822 2220 ad
1865 2195 1995 2221 ceteras

1237 2233 1306 2271 fere
1333 2234 1544 2283 provincias
1561 2234 1706 2270 Italiae.

1362 2289 1427 2321 Ad
1450 2289 1546 2320 Cant.
1584 2288 1670 2321 XVI.
1700 2286 1782 2331 Vers.
1813 2289 1870 2323 28}

1288 2337 1361 2371 Cos)
1387 2347 1442 2381 per
1466 2349 1531 2371 una
1556 2349 1629 2370 voce
1653 2337 1738 2370 detto
1759 2337 1816 2381 sue
1833 2365 1841 2372 .

1240 2386 1303 2422 Ista
1331 2400 1419 2422 uxor
1445 2396 1519 2423 erat
1545 2387 1660 2422 Marci
1688 2387 1901 2425 Lombardi.

1489 2441 1552 2473 ,ΑΔ
1579 2438 1661 2483 Vers.
1693 2450 1750 2485 27.

1289 2488 1419 2533 Parrfsfi
1444 2502 1535 2523 ancor
1569 2490 1599 2522 lo
1625 2500 1723 2534 tempo
1754 2495 1811 2534 per
1836 2487 1992 2521 Calentli.

1860 2595 1948 2620 tem·-
