2216 3105
451 224 499 265 15
726 211 1134 271 ANTIQUJT.
1196 212 1431 256 MEDII
1484 215 1666 258 AEVI
1907 224 1958 260 16

387 265 644 303 humanitatem
667 271 789 307 multis
811 271 992 308 invehitur
1007 275 1039 308 S.
1057 275 1147 308 Am-

390 316 518 353 brosius
546 318 582 354 in
612 319 694 356 Lib.
723 320 764 357 de
792 322 935 362 Tobia‚
972 332 1062 359 artes
1089 337 1147 359 eo-

387 367 464 403 'rum
493 370 657 418 graphice
681 371 874 408 describens
898 371 937 408 &
960 373 1147 409 damnans.

388 418 490 455 Paria
518 420 647 456 habent
674 422 792 458 Sanffi
817 423 1053 471 Augustinus,
1081 426 1148 459 Ba-

389 468 507 509 filius,
534 471 820 518 Chrysostomus,
848 474 981 521 aliique
1010 476 1146 510 Patres.

388 521 622 568 Argentarios
642 532 755 558 autem
769 548 779 563 ,
801 524 1091 564 Nummuhrios,
1111 539 1147 559 a—

388 570 525 618 liosque
549 571 586 607 id
613 586 721 621 genus
746 575 803 609 vel
831 575 1028 622 antiquitus
1053 576 1148 610 alue-

388 630 469 656 runt
500 624 738 659 Romanorum
767 624 907 665 Urbes,
937 625 990 661 uti
1017 626 1147 661 constat

389 685 431 706 ex
469 672 604 708 Codice
639 674 878 717 Justinianeo,
914 690 956 712 ex
991 677 1147 725 Agnello

391 724 615 763 Ravennate,
647 724 794 773 aliisque
821 735 978 762 veterum
1007 727 1147 762 Libris.

389 773 506 808 Immo
551 772 642 809 olim'
686 789 838 824 quoque·
870 777 1035 812 statutum
1077 777 1147 821 est,

387 822 472 870 quid
502 823 579 859 heic
607 824 748 861 liceret.
779 829 916 875 Nempe
943 826 1147 863 Constanti-

385 886 450 908 nus
481 875 635 922 Magnus
670 875 707 911 in
739 875 875 913 Codice
903 878 1146 913 Theodosiano

347 937 352 941 ·
384 923 470 959 Lib.
497 936 528 960 2.
556 925 634 960 Tit.
659 938 718 974 33.
742 927 784 963 de
811 927 919 963 Usur.
945 929 968 963 l.
999 940 1030 964 1.
1060 929 1147 977 post—

385 987 491 1021 quam
529 974 744 1021 interdixit,
782 977 934 1014 Usuram
973 992 1092 1028 capere
1128 993 1145 1015 e

383 1024 545 1073 frugibus
581 1037 706 1063 mutuo
740 1027 857 1068 datis,
900 1028 984 1065 haec
1020 1029 1141 1065 addit:

384 1078 472 1110 Nam
495 1087 554 1123 pro
585 1078 717 1123 pecunia
752 1080 838 1114 ultra
864 1079 1053 1120 Centefimas
1082 1094 1144 1114 cre·
1199 1097 1205 1099 -

382 1126 469 1159 ditor
494 1137 624 1161 vetatur
648 1129 780 1174 accipere
796 1156 804 1164 .
842 1130 940 1164 Haec
977 1129 1039 1164 ille
1066 1131 1144 1164 An-

380 1188 428 1210 no
456 1175 589 1212 Christi
617 1179 835 1213 CCCXXV.
871 1181 967 1214 Tum
998 1179 1034 1213 in
1067 1179 1144 1214 sub-

381 1226 540 1273 lequenti
569 1229 666 1275 Lege
693 1229 734 1263 ab
771 1229 1044 1277 Imperatoribus
1072 1233 1143 1265 Va—

380 1276 580 1312 lentiniano
596 1302 609 1316 ,v
635 1278 834 1314 Theodosio
850 1304 860 1318 ,
895 1277 933 1314 &
963 1280 1117 1315 Arcadio
1133 1306 1143 1320 ,

382 1328 604 1376 promulgata
618 1330 725 1364 Anno
738 1331 1043 1365 CCCLXXXVI.
1060 1330 1142 1366 haec

381 1377 519 1413 decreta
547 1378 665 1414 fuere:
696 1380 891 1426 ‚Quicumque
916 1381 1003 1414 ultra
1029 1384 1143 1415 Cente-

373 1427 489 1469 simum
511 1428 586 1474 jure
610 1429 786 1476 permiffam
814 1430 940 1476 aliquid
977 1429 1033 1471 lub
1060 1444 1144 1465 occa-

373 1478 461 1520 stone
488 1480 672 1525 neceffitatis
697 1480 834 1519 eruerit,
870 1480 1042 1527 quadrupli
1071 1492 1142 1527 poe-

380 1542 441 1563 nae
466 1529 657 1576 obligatione
682 1529 884 1573 constric‘lus,
905 1530 977 1571 fine
1005 1530 1142 1577 ceffatio-

380 1592 440 1617 ne,
460 1579 531 1620 fine
553 1580 674 1627 requie,
698 1581 842 1626 protinus
866 1582 976 1615 ablata
1000 1583 1141 1616 redhibe-

381 1630 449 1663 hit.
477 1629 582 1665 Nihil
609 1630 705 1666 aliud
730 1630 904 1671 Centestma
927 1632 1026 1670 Usum
1050 1631 1140 1676 fuit,

380 1692 485 1726 quam
528 1693 710 1716 nummum
754 1694 862 1717 unum
901 1695 965 1729 pro
999 1691 1138 1718 centum

383 1730 539 1765 nummis
563 1730 715 1768 foeneris
739 1732 848 1767 titulo
875 1731 1016 1780 singulis
1036 1735 1165 1769 Men--

382 1779 469 1815 sibus
497 1780 673 1830 accipere:
710 1795 798 1829 quae
826 1783 941 1831 gravis
970 1792 1062 1819 certe
1091 1786 1142 1819 U-

385 1830 459 1865 sura
481 1831 644 1868 videatur
664 1834 881 1880 temporibus
902 1833 1044 1877 nostris,
1062 1835 1142 1882 qui-

383 1882 445 1917 bus
474 1884 678 1931 plerumque
701 1884 804 1930 longe
833 1883 955 1918 mitius
976 1897 1054 1919 cum
1083 1884 1141 1920 de-

382 1932 556 1969 bitoribus
585 1935 723 1983 agitur.
753 1936 800 1969 Et
828 1933 985 1982 proselito
1012 1934 1079 1970 hoc
1107 1949 1142 1970 e-

383 1982 470 2018 tiam
502 1983 632 2023 Usurae
658 1997 787 2033 genus,
816 1985 928 2020 immo
957 1986 990 2019 8<
1019 1998 1142 2032 quam-

384 2046 533 2082 cumque
570 2035 674 2071 aliam
704 2049 721 2070 e
748 2037 881 2071 Mutuo
906 2035 1140 2072 deducendam

384 2083 573 2121 interdixit
603 2085 753 2123 Clericis
792 2087 947 2123 Nicaena
984 2086 1143 2132 Synodus

387 2135 525 2171 Prima.
560 2138 620 2172 An
649 2139 682 2173 8<
710 2137 853 2181 Laicis,
883 2135 906 2170 fi
936 2137 1050 2184 petis,
1078 2151 1142 2186 ego

385 2186 589 2233 neutiquam
621 2198 725 2235 puto.
762 2187 938 2222 Ufitaram
972 2187 1142 2235 ejusmodi

388 2235 535 2271 Usuram
565 2251 651 2272 aevo
678 2251 818 2286 quoque
854 2238 914 2273 suo
942 2238 1059 2284 prodit
1089 2239 1144 2274 Si—

386 2285 513 2322 donius
538 2288 758 2332 Apollinaris
784 2288 866 2324 Lib.
891 2301 925 2334 4.
953 2289 1057 2335 Epist.
1085 2301 1141 2334 24.

438 2337 501 2372 Sed
537 2340 620 2373 nolo
648 2339 807 2388 progredi
845 2338 1005 2386 longius,
1034 2353 1141 2387 quum

387 2387 478 2423 mihi
509 2402 614 2424 unum
653 2390 850 2429 statuerim,
882 2403 1005 2436 nempe
1040 2391 1080 2426 de
1110 2392 1143 2425 1-

386 2439 505 2474 salicis
532 2439 605 2475 ivis
630 2440 918 2476 foeneratoribus
944 2443 1079 2475 tantum
1106 2455 1142 2475 a·

386 2502 486 2536 gere,
513 2490 573 2537 qui
603 2491 673 2538 post
711 2492 890 2526 Saecu¹um
924 2493 964 2525 X.
993 2500 1052 2527 aut
1081 2493 1144 2526 XI.

386 2553 551 2589 magnum
575 2540 635 2578 fibi
663 2555 811 2588 nomen,
832 2541 995 2578 sinistram
1021 2551 1139 2578 tamen

1183 274 1214 307 A
1258 272 1408 313 famam,
1425 287 1484 322 per
1504 274 1699 311 universam
1719 276 1896 323 Europam
1918 287 2013 310 com—

1260 333 1441 370 pararunt.
1472 325 1654 373 Postquam
1683 325 1778 360 enim
1810 325 2018 361 affurrexere

1259 373 1296 409 in
1324 374 1523 412 libertatem
1550 377 1733 423 pleraeque
1760 374 2017 412 Lombardiae‚

1261 423 1433 468 Tusciae,
1450 425 1651 465 Aemiliae,
1672 439 1710 461 ac
1730 425 1926 461 Flaminiae
1949 427 2017 460 Ur-

1261 475 1318 510 bes
1339 502 1351 519 ,
1386 475 1495 512 Cives
1531 476 1660 512 animis
1700 475 1824 511 creetis
1867 474 2016 511 studium

1260 538 1366 561 omne
1393 526 1550 562 conferre
1577 534 1765 575 coeperunt
1790 538 1861 561 non
1889 526 1930 561 ad
1958 538 2018 561 au-

1262 575 1409 624 gendam
1438 576 1550 611 soliim
1577 576 1656 612 suae
1682 575 1856 612 Civitatis
1884 589 1922 611 ac
1954 577 2018 610 Pa-

1261 625 1351 662 triae
1378 626 1596 674 potentiam‚
1622 626 1677 662 sed
1705 626 1812 662 etiam
1839 626 1882 661 ad
1906 625 2017 661 fortu-

1263 689 1325 711 nas
1365 677 1521 724 proprias
1563 676 1851 727 amplificandas.
1895 678 2018 723 Itaque

1261 735 1344 761 tunc
1371 730 1479 763 Artes
1513 729 1647 763 multae
1682 727 1788 763 utiles
1813 725 2017 774 restitutae3

1262 786 1476 813 mercaturae
1507 780 1590 813 vero
1618 777 1698 813 data
1717 776 1952 813 -solertiffime
1979 789 2019 811 o-

1262 840 1362 875 pera,
1391 841 1428 863 ac
1460 828 1643 877 praecipue
1670 827 1759 876 apud
1796 827 1900 871 illos,
1930 840 2017 875 quos

1262 877 1428 913 industria
1454 879 1587 927 major,
1609 878 1789 927 majorque
1813 877 1942 913 mentis
1966 876 2017 911 sa—

1260 928 1391 975 gacitas
1419 929 1459 963 ad
1487 930 1584 964 lucra
1611 926 1824 976 procuranda
1849 926 1959 975 magis
1987 926 2019 962 i—

1260 978 1389 1013 doneos
1425 979 1606 1014 effecerat.
1644 979 1739 1013 Inter
1774 977 1838 1012 hos
1869 990 1952 1012 vero
1979 976 2017 1012 in

1261 1028 1384 1069 primis
1411 1028 1583 1064 emicuere
1608 1027 1768 1071 Etrusci,
1794 1035 1898 1074 atque
1925 1026 2018 1062 inter

1261 1090 1318 1112 eos
1347 1078 1546 1125 praesertim
1584 1077 1806 1120 Florentini,
1834 1076 1929 1112 acuti
1961 1077 2018 1112 in-

1259 1127 1354 1176 genii
1386 1127 1568 1172 homines,
1596 1126 1793 1175 laborisque
1822 1126 2017 1175 patientes,

1203 1201 1212 1206 „
1259 1178 1320 1235 qui
1348 1177 1467 1214 senfim
1495 1177 1686 1214 ditescendi
1713 1177 1833 1213 ardore
1860 1176 2017 1212 solicita-—

1262 1239 1313 1270 τι,
1342 1242 1412 1264 non
1449 1228 1547 1264 domi
1584 1229 1745 1271 tantum,
1773 1227 1828 1262 sed
1860 1240 1919 1275 per
1945 1229 2016 1263 Ita-

1259 1278 1345 1313 liam
1376 1279 1569 1326 reliquam,
1598 1277 1636 1314 &
1665 1291 1724 1327 per
1751 1286 1869 1313 extera
1906 1276 2014 1313 etiam

1261 1331 1379 1376 Regna
1406 1328 1438 1364 se
1466 1328 1498 1364 se
1529 1329 1679 1364 effudere
1705 1328 1745 1363 ad
1784 1337 2015 1363 mercaturam

1257 1378 1470 1414 faciendam.
1507 1382 1633 1414 Parum
1661 1378 1736 1414 visa
1770 1377 1888 1414 estiis
1923 1391 2015 1414 mer-

1258 1428 1351 1464 cium
1380 1430 1635 1465 commutatio:
1664 1428 1846 1477 pecuniam
1876 1442 2017 1476 quoque

1259 1482 1407 1516 Foenori
1450 1481 1605 1524 dabant,
1642 1480 1747 1527 idque
1787 1477 1905 1514 sensim
1943 1478 2015 1526 pri-

1258 1543 1353 1565 mum
1375 1544 1415 1566 ac
1441 1530 1664 1580 praecipuum
1686 1542 1805 1565 eorum
1831 1529 2015 1577 negotium

1256 1580 1385 1616 evasit.
1413 1583 1460 1617 Et
1486 1595 1537 1616 res
1565 1581 1706 1628 quidem
1735 1580 1821 1615 bene
1849 1579 2013 1623 cedebat,

1182 1625 1212 1657 D
1255 1630 1419 1667 effluente
1446 1631 1527 1667 inde
1554 1631 1691 1680 ingenti
1719 1638 1912 1680 proventu.
1942 1632 2014 1666 Ne—

1256 1695 1321 1729 que
1359 1695 1413 1718 me
1451 1682 1528 1717 salli
1565 1691 1706 1730 putem,
1739 1681 1762 1715 fi
1799 1681 1942 1719 dixero,
1972 1680 2014 1715 ad

1258 1732 1344 1767 hanc
1372 1731 1588 1780 potiffimum
1615 1731 1762 1767 caussam
1780 1758 1790 1774 ,
1813 1731 1879 1765 hoc
1905 1730 1949 1765 est
1973 1730 2014 1765 ad

1260 1781 1429 1829 ejusmodi
1466 1784 1702 1824 Mercatores,
1739 1780 1808 1816 five
1845 1783 2012 1816 Foenera-

1257 1842 1369 1875 tores,
1398 1832 1613 1868 referendum
1642 1832 1728 1874 effe,
1748 1831 1842 1879 quod
1870 1832 2014 1866 Floren—

1257 1884 1331 1917 tina
1359 1881 1504 1918 Civitas
1537 1883 1660 1918 Seculo
1687 1883 1766 1916 XIl.
1790 1883 1823 1916 8<
1851 1883 1949 1916 XIII.
1978 1894 2013 1917 a·

1257 1934 1321 1968 deo
1349 1942 1451 1982 caput
1487 1934 1671 1977 attollere,
1699 1931 1738 1967 ὃ(
1766 1932 1864 1979 supra
1900 1930 2013 1967 finiti-

1258 1997 1330 2019 mas
1365 1984 1538 2027 eminere,
1576 1982 1694 2030 eisque
1728 1983 1869 2018 tandem
1906 1981 2014 2018 servi-

1257 2034 1344 2070 tutis
1368 2036 1489 2084 jugum
1514 2034 1693 2082 imponere
1719 2033 1892 2082 coeperit.
1919 2035 2014 2068 Nam

1259 2098 1365 2133 quum
1408 2084 1545 2132 dispersi
1587 2098 1658 2129 per·
1685 2086 1860 2132 Europam
1903 2081 2014 2119 Cives

1259 2137 1356 2171 illius
1381 2136 1488 2171 Urbis
1512 2149 1554 2170 ex
1578 2134 1658 2174 isto,
1684 2135 1937 2182 qualecumque
1961 2132 2015 2169 fo—

1261 2197 1334 2230 ret,
1363 2185 1597 2222 mercimonio
1622 2198 1705 2232 opes
1732 2184 1885 2232 undique
1913 2184 2015 2219 colli-

1260 2233 1400 2287 gerent,
1428 2236 1551 2283 easque
1586 2236 1627 2271 ad
1657 2234 1805 2284 patriam
1842 2234 2014 2270 convehe—

1260 2297 1362 2328 rent,
1399 2286 1628 2335 ampliffimae
1668 2286 1766 2321 aedes
1807 2285 1933 2321 exinde
1973 2297 2012 2319 ac

1261 2338 1393 2375 Palatia
1424 2336 1604 2373 aedificata
1641 2337 1742 2379 sunt,
1780 2333 2010 2371 crescentibu-

1260 2390 1340 2438 sque
1367 2389 1517 2424 Artibus
1543 2387 1655 2423 crevit
1691 2385 1730 2422 δι’.
1761 2387 1938 2434 Populus,
1975 2383 2016 2422 ἃ.

1261 2439 1437 2489 pomoeria
1465 2438 1578 2474 Urbis
1604 2438 1749 2473 dilatata
1777 2436 1882 2475 sunt,
1909 2434 1947 2470 δε
1975 2435 2014 2471 in

1261 2500 1356 2526 tanta
1384 2489 1564 2539 opulentia
1593 2487 1692 2523 nervi
1722 2487 1761 2522 ad
1791 2487 1920 2521 bellum
1951 2499 2013 2533 pu-

1222 2549 1230 2584 1
1260 2542 1390 2578 blicum
1431 2539 1662 2577 sustinendum
1699 2546 1759 2574 aut
1794 2536 2015 2621 inferet-ndum

1907 2598 1961 2622 ere
