2216 3105
349 241 429 276 621
643 229 944 274 COMMENT.
974 231 1039 274 ΙΝ
1067 226 1292 276 DANTIS
1319 225 1559 271 COMOED.
1771 235 1851 272 622

295 294 364 327 lata
399 289 585 330 clementia,
622 290 834 325 Sacerdotium
871 290 913 323 Θ·
949 292 1048 336 Impe-
1080 294 1113 328 A
1157 288 1302 332 bardia,
1341 285 1404 322 flos
1441 286 1592 325 Italiae,
1628 286 1696 324 fuit
1732 286 1824 336 quasi
1857 287 1914 323 de-

294 342 395 376 rium.
424 341 513 376 Illud
538 341 661 388 quidem
687 340 812 375 divinis
847 339 1047 382 mimstruns,

294 393 347 428 hoc
372 401 475 426 autem
502 391 647 426 humanis
681 389 882 437 praefidens,
918 403 954 423 ex
988 403 1048 424 uno

293 446 450 488 eodemque
468 441 623 488 principio
642 451 771 488 utraque
791 441 976 475 ttmnaentt'a.
1002 443 1047 475 Et

293 491 434 530 subdit,
464 491 556 538 quod
593 504 684 526 nunc
713 490 927 527 contrarium
956 491 1046 526 acci-

292 541 346 577 dit
373 541 565 589 cupiditate
591 543 626 577 ὃς
653 541 848 577 ambitione
877 539 1044 589 Pastoris3

293 591 410 627 dicens
428 605 436 626 :

342 641 383 676 L’
400 656 442 676 un
468 641 492 676 l’
507 643 588 678 altro
613 644 655 678 ha
674 643 789 688 spenta
815 663 830 669 -
857 664 873 669 -
899 663 915 669 —
942 663 958 669 -

293 692 463 736 Scilicet,
491 689 583 741 Papa
611 694 882 742 Imperatorem,
909 691 947 728 &
977 694 1047 727 Im-

292 751 430 791 perator
457 744 607 790 Papam,
644 742 729 778 s1cut
766 744 878 790 patuit
906 743 942 777 in
973 742 1048 777 Fri-

293 793 410 828 derico
438 794 484 828 11.
510 793 571 839 qui
607 793 727 828 omnia
764 792 956 839 spiritualia
992 802 1048 838 ty-

292 842 434 878 rannice
471 842 673 890 usurpavit,
709 844 743 878 8<
780 842 952 891 Gregorio
987 844 1047 877 IX.

293 893 354 940 qui
390 895 578 941 occupavit
616 896 772 942 Regnum
806 891 975 928 Friderici
1007 906 1048 927 eo

295 942 455 984 absente
479 953 518 978 ut
541 943 654 978 statim
668 923 834 979 Ddicetur.
863 942 976 978 Potest
996 951 1048 978 ta-

295 1006 374 1028 men
417 993 573 1042 intelligi
611 995 793 1042 praecipue
829 994 869 1029 de
906 993 1049 1028 Bonifa-

297 1043 378 1082 cio,
406 1043 466 1090 qui
498 1043 613 1080 cinxit
649 1044 710 1079 fibi
746 1043 882 1087 ensem,
921 1052 959 1079 ut
990 1057 1049 1092 pa-

295 1092 367 1128 tuit
393 1093 491 1142 supra
517 1096 622 1130 Cant.
652 1096 714 1129 Vl
743 1095 824 1129 Ideo
852 1093 968 1129 dicit:

345 1163 362 1169 -
389 1164 405 1170 -·
431 1165 446 1170 -
474 1165 490 1170 -
516 1148 563 1179 Et
589 1146 605 1178 ὲ
626 1146 743 1191 giunta
769 1146 803 1179 la
828 1146 963 1191 spada,

294 1192 403 1237 idest,
432 1195 576 1242 potestas
604 1194 830 1244 temporalis:

345 1245 403 1278 Col
429 1245 608 1287 Pastorale,
634 1267 650 1272 -
677 1266 692 1271 -
720 1267 735 1272 -
762 1267 777 1271 -

295 1293 400 1338 idest,
429 1307 506 1330 cum
543 1295 706 1343 potestate
734 1294 935 1343 spirituali,
963 1308 1049 1342 quae

296 1342 465 1391 figuratur
485 1359 544 1392 per
565 1345 698 1394 virgam
721 1345 947 1381 pastoralem.
969 1348 1048 1380 Hoc

293 1393 386 1429 idem
415 1395 507 1430 vidit
534 1395 606 1444 ipse
634 1398 739 1431 Poeta
776 1397 879 1443 paulo
914 1395 984 1443 post
1014 1396 1047 1430 in

294 1446 480 1480 Clemente
518 1448 560 1480 V.
598 1455 718 1481 contra
755 1446 951 1480 Henricum
987 1448 1048 1479 VI.

293 1506 400 1540 quum
439 1504 554 1529 tamen
592 1495 677 1529 duos
719 1495 854 1542 gladios
896 1494 1048 1530 sufficere

292 1543 446 1587 Imperio
470 1544 667 1579 Christiano
696 1544 882 1592 Evangelii
911 1544 1049 1580 testetur

292 1593 480 1629 aufitoritas
499 1622 506 1630 .
537 1595 617 1630 Ideo
645 1595 759 1630 dicit:

342 1665 359 1670 -
385 1665 400 1670 -
427 1665 443 1670 -
470 1665 485 1670 -
513 1648 544 1679 E
571 1645 652 1680 l'un
679 1659 694 1679 e
719 1644 742 1679 l’
758 1646 839 1680 altro
866 1645 989 1687 insieme

294 1692 392 1727 fimul
420 1693 559 1729 confusa
578 1707 586 1728 :

346 1746 407 1777 Per
425 1743 508 1778 viva
531 1744 621 1788 sorza
641 1745 705 1778 mal
723 1745 851 1779 con-vien
871 1746 922 1778 che
940 1747 1046 1780 vada.

296 1793 390 1836 Quia
428 1806 496 1828 non
540 1794 646 1841 potest
683 1807 769 1829 unus
807 1803 878 1828 tam
915 1795 1047 1830 diversa

293 1843 409 1878 officia
431 1844 515 1879 bene
536 1857 712 1880 exercere.
737 1846 784 1879 Et
803 1844 948 1893 affignat
968 1859 1048 1881 cau-

294 1893 385 1933 sam,
413 1894 555 1930 dicens:

343 1947 420 1977 Pena
446 1948 497 1979 che
519 1945 630 1991 giunti
651 1966 837 1972 -----

295 1993 428 2029 scilicet
445 2022 454 2038 ‚
482 1995 577 2030 Enfis
605 1994 642 2031 ἃ
671 1996 852 2031 Pastoralis
880 1995 978 2044 virga

345 2064 362 2070 -—
388 2065 403 2070 -
430 2066 444 2070 -
473 2066 489 2071 —
515 2045 538 2078 l’
555 2059 597 2079 un
624 2046 647 2079 l'
663 2047 744 2081 altro
771 2060 828 2080 non
857 2057 955 2082 teme.

297 2096 372 2130 Nec
413 2104 636 2131 reverentur.

294 2146 492 2192 exemplum
521 2145 561 2181 de
589 2146 751 2193 proximo
770 2173 780 2189 ‚
808 2146 949 2181 dicens:

343 2197 383 2228 Se
410 2209 469 2229 non
496 2196 539 2229 mi
564 2196 646 2229 credi
661 2216 882 2234 ------
1072 2203 1075 2244 ζ

293 2245 375 2292 quia
403 2245 522 2281 videar
550 2246 617 2281 tibi
648 2246 754 2281 homo
783 2246 945 2291 curialis,
984 2261 1045 2283 no-v
1071 2245 1075 2298 J

292 2307 417 2330 vorum
446 2295 574 2331 fifitor:
1071 2299 1074 2344 Ι

344 2367 359 2372 -
386 2367 402 2372 -
427 2368 444 2372 -
470 2367 486 2373 -
510 2357 571 2390 pon
599 2358 698 2381 mente
722 2361 743 2381 a
768 2347 802 2381 la
822 2347 936 2395 stiga,

292 2395 403 2437 idest,
430 2396 559 2444 respice
586 2397 626 2432 ad
655 2396 840 2432 effefitum:

343 2446 402 2481 Ch’
418 2447 491 2494 ogni
517 2449 589 2482 erba
608 2447 641 2488 si
666 2447 779 2492 conosce
801 2458 856 2491 per
882 2449 911 2482 lo
932 2448 1032 2493 βφπθ.

294 2499 387 2533 Nam
426 2507 566 2545 propter
601 2497 808 2533 discordiam
826 2525 835 2542 ‚
863 2512 950 2546 quae
977 2499 1045 2534 fuit

291 2548 384 2584 inter
410 2549 536 2597 Papam
563 2547 601 2584 ἃ
627 2548 841 2585 Fridericum
870 2551 913 2584 ΙΙ.
934 2551 1044 2587 Lom—

678 2096 782 2141 Quod
826 2098 948 2144 probat
990 2110 1048 2145 per
1086 2100 1113 2133 E

1156 338 1279 376 strufita
1296 365 1305 373 .

1206 392 1244 424 In
1265 388 1319 433 sul
1345 387 1440 432 Paese
1467 409 1482 414 -
1509 408 1525 413 -
1551 407 1566 412 —
1593 407 1609 413 -

1159 439 1250 476 Heic
1280 438 1411 474 nobilis
1446 439 1589 473 Marcus
1619 437 1660 472 ad
1696 437 1909 475 dilatandam

1158 490 1245 526 hanc
1287 488 1500 527 materiam,
1542 501 1604 536 pro
1645 487 1911 524 confirmatione

1158 540 1246 576 disti
1276 539 1325 575 sui
1353 538 1517 575 describit
1541 537 1777 574 mutationem
1801 542 1912 576 Lom—

1160 590 1320 629 bardiae,
1347 603 1434 638 quae
1458 599 1599 638 propter
1618 589 1825 625 discordiam
1849 591 1913 625 Pa-

1160 654 1220 690 pae
1241 639 1278 675 &
1300 640 1544 688 Imperatoris,
1572 639 1686 675 amifit
1713 640 1801 675 bona
1822 650 1912 676 tem—

1160 691 1292 739 poralia
1327 692 1361 725 &
1399 690 1613 738 spiritualia.
1651 692 1698 726 Et
1733 691 1774 726 ad
1812 690 1913 739 hujus

1160 742 1283 777 literae
1310 740 1561 788 expolitionem
1588 750 1730 789 oportet
1763 741 1914 776 breviter

1162 791 1382 840 perstringere
1410 791 1528 839 aliqua
1555 792 1596 826 de
1625 791 1802 826 friderico
1841 793 1914 830 ΙΙ..

1160 842 1202 877 de
1222 855 1291 890 quo
1312 842 1428 888 aliqua
1456 841 1568 890 scripsi
1592 842 1789 889 Purgatorii
1809 843 1915 877 Cant.

1162 892 1227 928 III.
1273 892 1468 927 Fridericus
1507 905 1589 940 ergo
1635 894 1745 927 elatus
1791 893 1916 940 magna

1163 942 1321 990 potentia
1361 943 1553 977 multorum
1601 944 1798 990 Regnorum
1827 969 1836 986 ‚
1877 940 1916 977 δε

1163 992 1276 1027 nobili
1297 993 1393 1040 prole
1414 993 1601 1040 proborum
1627 992 1806 1036 filiorum,
1826 1001 1915 1027 tem

1163 1042 1295 1090 por-alia
1335 1041 1375 1078 &
1420 1042 1616 1090 spiritualia
1656 1043 1917 1078 conculcabat.

1165 1095 1310 1140 Propter
1348 1093 1441 1140 quod
1484 1092 1553 1128 fuit
1589 1092 1915 1129 excommunicatus

1163 1144 1204 1178 ab
1232 1143 1396 1179 Honorio
1424 1144 1488 1178 ΙΙΙ.
1518 1145 1631 1192 Papa,
1658 1144 1691 1178 δε
1719 1143 1813 1179 stetit
1833 1157 1918 1179 con-

1164 1203 1284 1229 tumax
1322 1193 1378 1230 sex
1416 1193 1535 1229 annis.
1572 1194 1738 1230 Honorio
1775 1203 1916 1230 mortuo

1162 1243 1317 1279 succeffit
1345 1244 1382 1280 in
1411 1243 1625 1280 Pontificatu
1645 1244 1833 1292 Gregorius
1855 1246 1917 1280 lx.

1162 1294 1204 1329 de
1231 1295 1414 1343 Anagnia,
1451 1295 1512 1341 qui
1550 1294 1636 1330 sedit
1665 1297 1761 1330 XIV.
1791 1295 1916 1331 annis.

1162 1347 1245 1390 Quo
1273 1354 1429 1392 tempore
1457 1345 1653 1380 Fridericus
1690 1344 1815 1381 habuit
1840 1345 1916 1382 ine-

1164 1395 1321 1430 xorabile
1364 1396 1493 1430 bellum
1536 1395 1648 1431 secum
1674 1423 1682 1430 .
1728 1395 1804 1430 Post
1850 1395 1917 1432 hoc

1163 1445 1358 1480 Fridericus
1386 1459 1511 1493 magna
1547 1446 1648 1481 classe
1686 1445 1846 1482 transivit
1873 1446 1916 1482 ad

1161 1497 1307 1530 Terram
1343 1495 1531 1539 saetam,
1568 1496 1628 1532 ubi
1666 1496 1822 1544 privavit
1850 1498 1919 1532 Re-

1161 1559 1229 1593 gno
1270 1544 1489 1581 Hierusalem
1530 1546 1722 1590 johannem
1766 1548 1919 1583 Brenen-

1162 1596 1229 1631 sem
1258 1595 1412 1630 socerum
1441 1595 1536 1631 suum
1554 1623 1563 1631 .
1593 1598 1646 1632 De
1673 1610 1743 1644 quo
1770 1596 1856 1632 fecit
1883 1597 1918 1633 se

1161 1646 1320 1681 coronari
1344 1647 1451 1681 Anno
1481 1645 1629 1682 Domini
1655 1648 1918 1683 Mccxxxv.

1161 1695 1350 1744 Gregorius
1371 1698 1432 1732 lx.
1448 1696 1566 1732 audita
1587 1710 1669 1745 pace
1684 1697 1764 1733 fic‘ta
1778 1724 1787 1740 ‚
1810 1710 1917 1746 quam

1162 1746 1357 1781 Fridericus
1384 1746 1511 1782 fecerat
1539 1760 1617 1782 cum
1646 1748 1819 1789 Soldano.
1856 1748 1916 1784 de-

1161 1795 1214 1830 dit
1233 1809 1395 1852 operam,
1423 1796 1515 1842 quod
1542 1796 1656 1832 dietus
1686 1800 1759 1832 Rex
1787 1797 1918 1841 Johan-

1163 1858 1219 1879 nes
1248 1845 1393 1880 intraret
1422 1848 1580 1894 Regnum
1609 1847 1785 1894 Apulae,
1821 1848 1917 1895 quod

1162 1903 1276 1929 totum
1306 1894 1390 1930 fecit
1417 1897 1582 1931 rebellare
1611 1896 1813 1932 Friderico.
1850 1897 1914 1933 Sed

1163 1944 1378 1985 fridericus,
1407 1946 1506 1981 velut
1533 1945 1652 1981 ardens
1680 1946 1811 1982 fulmen
1841 1947 1915 1983 bel-

1161 1996 1211 2039 li,
1249 2008 1326 2031 cum
1364 1995 1496 2031 summa
1532 1996 1711 2032 celeritate
1738 1997 1916 2034 revolavit

1162 2045 1198 2081 in
1237 2045 1377 2081 Italiam
1415 2059 1493 2081 cum
1529 2045 1659 2082 duabus
1695 2047 1840 2087 Galeis,
1876 2047 1913 2083 δέ

1162 2104 1277 2131 totum
1316 2098 1473 2144 Regnum
1503 2096 1647 2132 celerius
1674 2098 1912 2146 recuperavit:

1162 2148 1195 2181 8<
1225 2148 1315 2181 ultra
1343 2146 1408 2182 hoc
1435 2147 1623 2195 occupavit
1655 2148 1912 2184 Patrimonium

1163 2196 1279 2232 Sanffi
1318 2196 1434 2236 Petri,
1472 2199 1647 2233 Ducatum
1684 2198 1844 2246 Spoleti,
1880 2200 1915 2234 δε

1162 2246 1360 2282 Max-chiam
1399 2249 1596 2287 Anconae,
1637 2248 1763 2284 ducens
1800 2248 1913 2285 secum

1163 2300 1346 2332 Saracenos
1373 2297 1413 2333 de
1443 2298 1618 2340 Nuceria,
1646 2312 1733 2346 quos
1760 2308 1914 2336 traxerat

1162 2347 1202 2382 de
1231 2347 1351 2383 Sicilia
1379 2348 1420 2384 de
1447 2348 1626 2384 montibus
1657 2350 1838 2398 Drepani,
1875 2359 1914 2386 ut

1162 2397 1283 2434 Sicilia
1310 2398 1390 2434 effet
1418 2399 1549 2438 tutior,
1577 2398 1616 2435 ὃς
1643 2400 1777 2448 Apulia
1803 2400 1914 2449 subje-

1161 2448 1276 2484 atior.
1306 2448 1442 2484 Deinde
1469 2463 1575 2497 quum
1604 2451 1793 2499 Gregorius
1819 2451 1913 2487 ordi--

1161 2499 1267 2534 nass'et
1294 2499 1498 2535 Concilium
1528 2509 1648 2536 contra
1676 2501 1913 2545 fridericum¹

1128 2560 1134 2595 ῃ
1159 2562 1303 2598 magnus
1324 2563 1486 2586 numerus
1515 2552 1750 2588 Praelatorum
1772 2552 1911 2588 veniens

1266 2603 1412 2636 er
1821 2601 1863 2636 de
