2216 3105
296 203 312 229 2

208 201 425 281 diesdiscitur
451 247 592 280 Ferrum
612 273 621 281 .
658 247 833 282 Henricus
870 247 964 283 filius
995 251 1029 284 A

210 296 282 341 post
302 296 430 330 multas
457 295 686 332 infelicitates
706 296 884 332 infelicius
906 298 963 333 de-

211 347 357 382 bellatus
385 345 448 382 est.
488 347 683 383 Fridericus
720 347 765 383 II.
803 348 963 383 omnium

211 396 366 445 priorum
406 396 542 432 suorum
572 396 610 433 ἃ
639 398 865 447 posteriorum
905 411 965 446 po-

211 445 449 487 tentissimus,
487 461 505 482 a
543 447 622 484 filio
657 448 799 497 proprio
835 449 966 484 dicitur

210 496 415 532 suffocatus.
433 498 606 534 Henricus
623 498 878 547 primogenitus
891 500 965 535 Fri-

209 547 318 582 derici
345 547 392 583 II.
421 548 530 584 faElus
567 549 671 585 hostis
701 550 789 597 patri
808 574 818 588 ‚
855 550 893 584 in
921 549 965 584 il-

209 597 278 632 lius
300 610 433 634 carcere
460 599 576 643 obiit,
603 602 660 635 vel
689 600 721 635 se
740 600 898 649 occidit3
927 598 965 635 &

211 648 284 695 ejus
314 649 400 684 duos
435 648 530 685 filios
567 650 770 686 Manfredus
808 650 893 686 fecit
929 650 965 685 in

211 710 348 733 carcere
375 700 491 735 mori.
529 701 712 737 Conradus
749 702 837 738 alter
872 700 967 736 filius

211 748 384 784 friderici
415 749 461 785 ΙΙ.
498 749 536 785 in
572 751 678 786 Italia
705 761 896 787 venenatus
923 751 967 786 est

212 811 272 847 per
300 798 543 836 Manfredum.
573 801 777 837 Manfredus
806 802 920 837 viE’tus
948 815 966 837 a

212 850 345 884 Carolo
374 861 547 898 peremtus
575 851 619 887 est
647 852 683 887 in
713 853 867 901 proelio·
894 855 967 888 Cu-

213 901 265 947 jus
297 898 392 935 filios
428 899 466 936 8<
494 901 586 938 filias
622 902 774 938 Carolus
811 902 895 939 fecit
932 903 968 938 in

213 963 349 985 carcere
378 951 489 987 mori.
519 951 743 989 Conradinus
775 954 970 989 adolescen-

214 1002 330 1040 tulus,
366 1000 526 1039 Conradi
564 1004 730 1052 praedibli
759 1003 879 1044 filius,
915 1003 971 1039 vi·

213 1050 287 1086 &us
316 1064 334 1086 a
361 1053 514 1093 Carolo,
542 1054 760 1102 decapitatus
788 1054 875 1094 fuit,
914 1055 970 1090 in-

212 1100 323 1140 felix,
360 1103 422 1149 qui
450 1103 604 1140 evaserat
631 1106 673 1140 ab
701 1105 836 1141 infidiis
864 1106 971 1140 Man-

212 1150 323 1196 fredi,
344 1152 481 1189 li6³coris
502 1155 621 1204 gladio
639 1155 852 1192 reservatus.
873 1158 971 1191 Hen·
1005 1161 1038 1199 C

214 1202 286 1237 tius
329 1212 488 1240 mortuus
528 1205 573 1241 est
613 1206 651 1241 in
690 1208 798 1255 longo
839 1219 973 1242 carcere

214 1253 506 1290 Bononienfium.
543 1257 725 1292 Conradus
762 1257 803 1292 de
840 1257 972 1292 Antio-

211 1303 312 1342 chia,
346 1304 407 1350 qui
434 1304 657 1342 descenderat
684 1307 725 1342 de
762 1307 867 1355 stirpe
896 1308 970 1343 fri-

210 1351 345 1396 derici,
384 1363 505 1401 captus
534 1356 571 1391 in
599 1357 722 1393 Sicilia
752 1371 810 1405 per
837 1358 972 1392 Guido—

212 1415 292 1438 nem
322 1403 363 1438 de
389 1405 595 1445 Monforte,
634 1416 814 1450 caecatus,
852 1408 972 1442 castra-

213 1462 290 1491 tus,
318 1451 356 1488 &
385 1454 560 1502 suspensus
587 1456 684 1492 fuit.
721 1459 828 1492 Hunc
866 1456 970 1492 finem

212 1503 339 1539 habuit
381 1505 516 1541 Domus
558 1507 731 1547 Sueviae‚
775 1515 854 1543 toto
890 1508 972 1543 orbe

213 1553 371 1599 inclyta.
409 1556 513 1592 Suevi
543 1559 584 1593 ab
613 1558 702 1593 olim
733 1557 874 1594 fuerunt
910 1572 970 1607 po-

213 1603 400 1641 tentiffimi
429 1607 587 1643 omnium
618 1611 896 1653 Germanorum,
934 1619 971 1644 ut
1007 1616 1037 1649 D

214 1653 312 1701 saepe
334 1665 429 1701 patet
451 1658 537 1704 apud
558 1659 691 1701 Julium
712 1659 851 1694 Celsum
866 1686 874 1695 .
897 1662 972 1694 Un-

213 1703 254 1738 de
295 1704 408 1747 Julius
439 1705 595 1751 Caesar,
630 1709 691 1756 qui
731 1709 862 1756 primus
901 1712 971 1744 Ro-

214 1766 398 1789 manorum
437 1758 573 1792 Ducum
612 1757 772 1794 tranfivit
810 1759 968 1795 Rhenum

210 1803 248 1839 in
270 1806 520 1846 Germaniam,
549 1807 638 1844 vicit
660 1809 879 1844 Ariovistum
903 1813 969 1845 Re-

213 1867 290 1902 gem
335 1858 526 1893 Suevorum
569 1859 871 1905 superbiffimum.
914 1863 966 1896 Ex

211 1904 267 1940 his
294 1918 376 1954 ergo
404 1907 511 1948 vide,
539 1910 630 1957 quod
661 1912 766 1945 Po'e‘ra
795 1911 904 1946 noster
930 1911 967 1947 in

208 1954 270 1991 ista
311 1958 475 1998 materia,
513 1959 548 1994 in
586 1974 654 2008 qua
691 1961 818 1996 metat
845 1962 886 1997 de
914 1975 967 1997 re—

212 2005 362 2041 bellibus
398 2009 590 2049 Ecclefiae,
626 2012 668 2046 de
704 2011 869 2047 industria
897 2015 967 2048 ele—

212 2054 265 2103 git
306 2056 368 2092 fibi
408 2057 496 2093 hanc
541 2062 721 2103 Domum,
763 2075 829 2109 qua
871 2064 968 2098 nulla

210 2118 377 2153 umquam
405 2107 473 2143 fuit
501 2109 655 2146 infestior
683 2112 875 2147 Ecclesiae.
916 2115 967 2148 De

211 2169 280 2203 qua
317 2159 434 2192 Domo
473 2160 579 2207 potest
612 2161 685 2197 dici
721 2162 838 2200 illud,
876 2164 968 2211 quod

212 2206 302 2242 dicit
329 2209 491 2245 Lucanus
517 2215 557 2246 de
587 2214 704 2247 Domo
733 2214 965 2262 Pompejana:

262 2262 288 2291 O
314 2260 490 2303 mtseranda
520 2264 637 2296 Domus
667 2262 740 2301 &aa

210 2310 257 2343 Et
284 2308 400 2345 subdit
427 2311 658 2357 Manfredus,
687 2312 781 2361 quod
810 2314 897 2350 licet
924 2314 966 2351 fic

207 2358 340 2395 dixerit
370 2360 412 2395 de
448 2363 556 2411 longo
584 2374 743 2413 tempore
779 2365 966 2414 relegatio—

206 2410 285 2450 nis,
326 2411 432 2457 potest
460 2413 613 2450 breviari
650 2415 811 2463 precibus
851 2416 965 2463 justis.

209 2463 310 2497 Unde
339 2463 447 2498 o'sscit:

256 2533 433 2540 ------
454 2514 489 2558 se
515 2516 564 2549 tal
590 2517 726 2553 decreto,

988 732 990 741 ι
1043 734 1045 742 4

1043 752 1046 774 l

560 186 806 230 COMMEN
813 188 859 231 T.
890 188 953 231 IN
981 187 1114 233 DAN
1120 186 1208 229 TIS
1234 186 1475 231 COMOED.

992 2550 994 2552 ,
1063 2517 1204 2564 [εεηᾶεΙὶ
1241 2519 1272 2552 in
1310 2521 1387 2554 Noli
1410 2548 1418 2555 .

1709 201 1767 237 26

1066 247 1177 287 [dest.
1206 245 1377 293 judicium
1407 249 1497 286 Dei,
1687 210 1708 250 5

1115 297 1180 332 Ρίὶι
1215 307 1294 331 corto
1325 307 1381 343 per
1415 299 1496 332 buon
1527 299 1641 346 pveghi
1676 314 1736 336 non
1771 303 1824 338 di-

1163 357 1283 382 venta.

1065 400 1112 433 Et
1139 397 1269 433 ultimo
1297 398 1479 435 concludit
1500 398 1700 436 orationem
1729 402 1823 440 suam

1066 449 1204 484 dicens:

1118 499 1198 534 Vedt'
1231 499 1307 547 oggi
1340 500 1430 539 mai,
1461 500 1497 545 se
1521 511 1558 535 tu
1591 501 1635 535 mi
1665 503 1742 549 puoi
1770 503 1826 547 sa?

1168 550 1241 584 licto
1256 575 1266 589 ,

1114 602 1308 635 -Revelando
1326 615 1346 635 a
1371 602 1406 637 la
1429 602 1494 637 mia
1518 604 1619 638 buona
1642 603 1824 651 Goslanza,

1068 650 1244 695 Scilicet,
1282 650 1377 688 filiae
1415 651 1514 696 suae,
1554 667 1643 702 quae
1679 655 1825 691 vivebat

1069 701 1202 745 adhuc,
1237 702 1272 737 δ(
1309 702 1346 737 in
1384 716 1451 750 qua
1487 704 1559 740 sola
1596 703 1751 753 sperabat
1786 706 1824 741 in

1070 752 1222 796 mundo,
1250 765 1338 800 quae
1364 752 1434 789 fuit
1461 754 1727 791 clementiffima
1753 758 1827 792 Do-

1071 802 1165 838 mina
1181 827 1191 842 ,
1219 802 1260 838 de
1280 817 1347 851 qua
1374 803 1470 851 saepe
1491 805 1601 842 adhuc
1628 807 1765 843 dicetur
1790 807 1828 843 in

1071 852 1133 888 isto
1170 853 1301 889 Libro.
1339 856 1386 890 Et
1421 855 1550 891 merito
1588 867 1692 892 vocat
1728 859 1827 893 Con-

1071 903 1229 938 stantiam
1268 904 1417 949 bonam,
1454 919 1542 953 quae
1579 907 1697 942 noluit
1735 909 1829 944 mori

1071 954 1107 989 in
1137 954 1383 1002 indignatione
1419 956 1619 1001 Ecclefiae,
1656 956 1743 993 ficut
1769 971 1829 1006 pa-

1072 1014 1124 1039 ter
1151 1003 1228 1039 suus
1255 1005 1482 1042 Manfredus:
1508 1007 1610 1042 Unde
1637 1008 1737 1044 venit
1757 1011 1829 1044 Ro-

1074 1068 1163 1089 mam
1193 1067 1272 1090 cum
1303 1057 1396 1105 Rege
1421 1058 1552 1101 Jacobo
1578 1058 1657 1094 filio
1685 1058 1767 1105 suo,
1793 1061 1829 1095 δε

1073 1105 1371 1142 recommunicata
1397 1108 1443 1143 est
1469 1108 1664 1145 Ecclefiae.

1124 1159 1216 1189 Come
1242 1156 1356 1192 m'bat'
1380 1158 1585 1201 w‘flo—---

1074 1206 1181 1245 idest,
1209 1207 1364 1255 qualiter
1392 1208 1507 1245 vidisti
1537 1223 1592 1246 me
1620 1209 1775 1247 salvum.

1217 1259 1280 1292 Ad
1305 1261 1401 1294 Cant.
1429 1262 1485 1295 IV.
1516 1261 1597 1306 ἵεν-[ἶ
1627 1273 1686 1306 25.

1127 1307 1209 1352 Vaffi
1247 1308 1281 1342 in
1316 1312 1385 1344 San
1420 1313 1508 1350 Leo,
1544 1325 1560 1345 e
1594 1311 1764 1358 dtscendefi
1798 1315 1831 1348 in

1174 1358 1272 1393 Noli.

1074 1407 1131 1441 Ad
1168 1408 1261 1454 quod
1303 1408 1506 1456 sciendum,
1545 1412 1641 1460 quod
1685 1414 1830 1451 Sanfi’tus

1073 1459 1148 1493 Leo
1170 1457 1213 1492 est
1234 1458 1375 1495 Civitas
1398 1463 1653 1499 Romandiolae
1670 1464 1707 1500 in
1723 1467 1830 1501 Mon-

1074 1519 1107 1543 te
1136 1509 1278 1548 Feltro,
1317 1510 1384 1556 jam
1423 1510 1505 1547 satis
1533 1513 1665 1550 deserta
1693 1524 1832 1565 tempo<

1072 1571 1107 1593 re
1135 1557 1240 1594 nostri
1270 1561 1420 1599 Poetae,
1457 1560 1495 1597 ὅ(
1524 1562 1629 1600 hodie
1657 1567 1755 1613 plus:
1794 1567 1832 1602 in

1072 1607 1240 1644 altiffimo
1281 1621 1402 1647 monte
1440 1612 1525 1651 fita,
1563 1616 1743 1652 montibus
1781 1618 1831 1652 al-

1072 1658 1213 1695 tiffimis
1241 1662 1436 1710 aggregatis
1464 1664 1594 1700 circum
1624 1666 1716 1702 circa
1733 1694 1744 1711 ,
1780 1667 1832 1703 ita

1071 1710 1166 1756 quod
1203 1712 1346 1761 colligit
1381 1713 1475 1749 intra
1511 1714 1720 1752 fortilitium
1758 1716 1825 1753 frur

1073 1759 1170 1798 δὶυς,
1199 1760 1232 1794 8(
1262 1762 1384 1797 omnia
1410 1765 1594 1801 necessaria
1624 1768 1664 1802 ad
1695 1767 1832 1803 vizstum

1072 1808 1111 1844 ὅ(
1140 1809 1422 1847 sustentationem
1444 1813 1615 1851 humanae
1636 1817 1750 1853 vitae.
1779 1818 1833 1853 Si-

1074 1870 1134 1895 cut
1159 1861 1193 1895 &
1222 1862 1444 1898 santarinum
1471 1865 1651 1911 Castrum,
1678 1869 1833 1905 naturali

1073 1910 1137 1945 situ
1164 1912 1456 1953 munitiffimum,
1484 1916 1684 1963 optimum,
1706 1918 1832 1954 distans

1075 1974 1092 1995 a
1120 1961 1247 1996 §aneto
1275 1964 1395 1998 Leone
1423 1979 1483 2012 per
1518 1977 1671 2013 quatuor
1697 1969 1832 2004 millia-

1074 2011 1146 2053 ria,
1175 2011 1212 2047 ἃ
1242 2013 1283 2047 ab
1312 2014 1480 2050 Arimino
1509 2029 1568 2063 per
1594 2017 1734 2064 decem,
1763 2020 1832 2056 rni-

1075 2062 1184 2097 rabile
1226 2061 1436 2100 fortilitium
1461 2093 1470 2101 .
1508 2068 1554 2102 Et
1590 2078 1701 2113 nota,
1738 2071 1830 2116 quod

1074 2112 1292 2160 comparatio
1331 2114 1378 2150 est
1422 2117 1655 2165 propriiffima
1681 2147 1689 2155 .
1737 2123 1831 2157 Nam

1073 2162 1165 2197 recle
1200 2162 1345 2200 Civitas
1386 2168 1583 2215 Purgatorii
1625 2169 1669 2205 est
1710 2170 1833 2207 similis

1073 2212 1199 2248 §aneto
1227 2215 1364 2255 Leoni,
1401 2219 1484 2264 quia
1517 2218 1562 2254 est
1596 2219 1634 2256 in
1663 2222 1832 2258 altiffimo

1074 2273 1194 2299 monte
1222 2264 1367 2309 firnata,
1395 2268 1428 2302 8<
1457 2268 1502 2304 est
1521 2269 1674 2315 deserta,
1703 2272 1830 2308 habens

1074 2327 1166 2350 raros
1209 2314 1450 2360 habitatores.
1488 2320 1548 2356 ubi
1592 2321 1750 2358 Infernas
1786 2324 1831 2360 est

1073 2364 1232 2413 frequens
1260 2367 1445 2415 gentibus.
1473 2371 1520 2406 Et
1548 2371 1592 2407 est
1619 2372 1804 2410 fortiffima
1823 2403 1832 2419 ,

1072 2425 1149 2451 tuta
1169 2417 1211 2451 ab
1237 2416 1369 2454 insidiis
1390 2420 1423 2454 8<
1444 2419 1632 2458 insultibus
1656 2423 1804 2460 hostium
1822 2453 1829 2468 ‚

1073 2465 1159 2501 ficut
1185 2468 1328 2504 Sanaus
1356 2471 1451 2506 Leo.
1490 2474 1536 2507 Et
1572 2473 1681 2510 dicit:
1722 2478 1754 2509 E
1779 2477 1829 2509 di—

1457 2522 1544 2558 Noli
1583 2523 1626 2558 est
1663 2525 1828 2571 quaedam

1118 2569 1150 2604 L
1178 2570 1190 2602 l
1674 2573 1780 2610 Civi-

1245 2581 1265 2604 2
