2216 3105
215 210 352 260 ²35
546 190 910 234 DISSERTATJO
955 187 1426 231 DECIMAOCTfiVA.
1659 197 1744 243 236

175 251 324 290 minime
369 249 561 298 perspeRae
606 250 656 286 rei
702 249 848 284 caussam
891 251 927 285 in
965 251 993 284 A
1041 257 1118 292 tur,
1147 248 1344 295 Populum,
1373 260 1440 281 non
1473 245 1564 281 sens
1592 254 1694 293 aque
1714 247 1799 282 Cle

176 309 481 338 monumentorum
519 300 617 336 illius
655 299 823 344 temporis
851 299 928 335 ino-

176 353 293 402 piam.
330 350 427 408 Quid
457 350 686 399 suspicionem
726 363 838 385 meam
877 350 929 385 fo-

175 411 275 441 veat,
304 401 421 448 paucis
449 401 622 450 aperiam.
654 400 828 447 Praecipit
856 403 930 437 Lo-

175 453 307 490 tharius
335 451 363 487 I.
392 452 563 502 Augustus
599 452 637 488 in
666 455 760 497 Lege
787 454 847 499 48.
876 452 930 487 in-

174 514 227 540 ter
263 504 571 552 Langobardicas,
607 514 643 538 ut
679 504 771 549 M'ffi
807 503 929 545 nostri,

175 557 354 602 ubicumque
393 557 490 589 malos
533 554 684 590 scabinos
725 555 930 593 invenerint,

175 607 326 652 ejiciant,
363 604 409 643 &V
436 619 502 640 cum
529 606 625 640 totius
652 605 767 652 Populi
792 606 932 649 consensu

176 659 210 692 in
236 670 337 691 eorum
371 657 433 691 loco
468 658 558 691 bonos
593 657 732 703 eligant.
770 658 863 705 Ergo
891 658 931 691 ad

176 707 404 744 scabinorum
446 707 654 743 ele6³donem
706 707 933 742 concurrebat

177 759 307 805 Populi
324 757 526 797 consensus,
548 757 678 805 ipsique
695 757 832 793 Scabini
851 757 933 793 Ma—

176 809 382 857 gistratuum
409 809 634 855 Popularium
663 808 791 851 species
819 807 933 848 fuere,

176 861 211 896 &
233 859 406 903 aliquid
396 873 432 895 in
456 861 590 907 Populo
618 858 841 895 au&0ritatis
863 860 933 908 pri-

175 910 349 959 vilegium
386 910 592 946 ostendunt.
629 909 745 958 Atqui
783 909 823 946 ad
861 911 935 957 eju-

176 961 289 997 smodi
314 962 363 996 el
368 961 523 997 &ionem
545 961 607 996 vix
637 959 763 1005 Populi
792 959 935 996 consen—

177 1012 230 1048 sus
258 1011 424 1047 acceffiffe
460 1012 605 1057 potuit,
642 1010 704 1046 nisi
743 1011 870 1058 aliquis
898 1011 935 1047 in

179 1076 220 1098 eo
248 1061 370 1101 Ordo,
397 1060 627 1110 Collegium,
664 1060 732 1096 five
759 1060 936 1097 Commu-

179 1112 272 1148 nitas
292 1111 534 1160 excogitetur,
554 1123 658 1159 quam
680 1121 836 1160 regerent
854 1112 937 1147 Ma-

180 1163 338 1212 gistratus
359 1176 397 1197 ac
418 1162 586 1210 primores
612 1162 740 1209 Populi
763 1162 934 1210 ejusdem.

179 1213 238 1250 Ad
283 1214 456 1260 Populum
492 1226 632 1260 quoque
672 1212 848 1260 spefiabat
884 1227 937 1248 re-

179 1263 341 1300 stauratio
376 1263 530 1301 viarum,
569 1273 738 1308 portuum,
782 1261 819 1298 &
857 1275 937 1310 pon—

179 1315 289 1352 tium,
330 1312 505 1348 interdum
543 1325 683 1370 quoque
720 1311 758 1347 ὅ(
797 1313 936 1361 Regalis

179 1364 326 1402 Palatii,
352 1372 391 1398 ut
415 1362 562 1399 habetur
588 1362 625 1398 in
655 1365 749 1410 Lege
775 1375 835 1409 41.
864 1377 937 1411 eju-

180 1414 273 1450 sdem
302 1413 493 1450 Lotharii.
533 1413 702 1449 Romanis
730 1413 837 1448 etiam
865 1413 938 1448 Ita—

180 1465 250 1501 liae
277 1463 561 1503 dominantibus,
590 1472 628 1498 ut
657 1463 755 1511 supra
780 1464 938 1498 animad—

179 1515 372 1554 vertimus,
400 1513 609 1561 singularum
634 1513 840 1550 Civitatum
871 1516 938 1549 Po-

180 1566 282 1615 pulus
317 1564 354 1600 ἃ
393 1564 599 1611 Respublic..
636 1564 695 1601 suo
732 1578 807 1601 aere
843 1564 936 1600 idem

182 1617 347 1655 curabat,
363 1614 498 1663 suisque
518 1614 813 1664 Magistratibus'
803 1629 840 1651 1n
861 1629 936 1651 eam

182 1680 257 1703 rem
293 1667 474 1701 utebatur.
502 1665 588 1700 Veri
623 1666 764 1701 videtur
800 1666 936 1705 fimile‚

185 1728 363 1763 nunquam
399 1715 437 1750 in
468 1715 638 1763 regimine
665 1715 871 1751 Civitatum
901 1730 936 1751 a·

184 1766 336 1803 bolitam
373 1765 507 1813 prorsus
548 1765 646 1802 fuiffe
682 1766 770 1801 hanc
811 1767 937 1812 Populi

186 1815 493 1867 praerogativam,
533 1817 586 1852 uti
624 1825 715 1852 certe
761 1830 937 1865 nunquam

185 1868 361 1904 abolitum
382 1880 468 1902 onus
489 1866 577 1902 fuit.
598 1869 828 1915 Exploratum
852 1881 939 1915 quo-

186 1932 253 1965 que
289 1917 362 1957 est,
399 1918 440 1952 ab
476 1917 548 1966 ipsa
588 1918 748 1954 nascente
789 1918 939 1954 Ecclesia

188 1968 295 2004 ferme
322 1942 427 2014 usque
455 1968 495 2003 ad
524 1970 705 2005 Saeculum
735 1971 833 2004 XIII.
867 1969 940 2005 suas

188 2020 324 2058 Populo
353 2028 464 2066 partes
491 2017 589 2055 fuiffe
617 2019 654 2055 in
687 2020 938 2068 Episcoporum

186 2068 384 2108 defflone,
420 2069 489 2104 five
524 2069 560 2118 ip
564 2069 595 2106 se
632 2084 710 2106 cum
739 2069 849 2106 Clero
876 2071 940 2106 eli-

186 2128 302 2167 geret,
328 2118 398 2154 five
425 2120 443 2154 ὲ
471 2119 580 2156 Clero
607 2120 778 2161 eleetum,
808 2122 941 2157 collau-

186 2170 302 2205 daret.
342 2169 448 2217 quue
483 2170 543 2205 sub
580 2171 820 2220 Langobardis
853 2185 940 2219 quo-

187 2233 254 2268 que
282 2221 315 2255 8<
346 2219 488 2254 Francis
515 2220 552 2256 in
581 2221 686 2257 Italia
714 2222 940 2258 constantiffi-

186 2285 243 2307 me
270 2270 513 2306 observatum.
550 2273 636 2306 Sunt
673 2282 816 2308 centena
845 2283 941 2309 vete-

185 2335 263 2358 rum
293 2330 546 2363 monumenta,
587 2335 605 2357 e
632 2322 757 2370 quibus
785 2324 941 2364 constat,

186 2385 261 2408 eam
298 2371 397 2408 fuisse
433 2371 636 2408 canonicam
671 2373 836 2421 Episcopi
872 2375 940 2410 ele-

186 2424 364 2461 monem,
393 2435 480 2470 quae
508 2436 524 2457 a
553 2424 643 2458 Clero
669 2425 701 2458 8<
734 2424 942 2463 Plehe,s1ve

185 2476 329 2515 ΡοριΙο,
367 2473 597 2509 concordibus
638 2473 809 2523 suffragiis
846 2489 941 2523 pera-

186 2526 350 2575 gebatur.
377 2524 475 2560 Hinc
503 2534 619 2561 autem
646 2525 823 2562 sublucere
844 2526 942 2562 vide-

1041 310 1139 337 rum,
1161 296 1369 345 Collegium
1390 299 1421 331 δ(
1444 294 1552 342 Corp
1560 310 1582 330 s
1606 310 1645 330 co
1636 297 1709 332 ›irsi
1715 297 1799 332 tuis-

1044 347 1096 388 se,
1133 347 1190 384 cui
1227 357 1464 383 conventuum
1503 346 1575 394 jura
1606 346 1648 381 so
1651 357 1738 386 ·,ent
1766 350 1800 383 8<

1045 398 1173 447 aliquis
1215 397 1483 446 Magistratuum
1525 397 1610 432 ordo
1652 411 1690 432 ac
1732 399 1801 433 ele-

1045 449 1138 486 ecio.
1159 449 1349 497 Gregorius
1366 447 1519 495 Magnus
1541 447 1702 482 Pontifex
1722 449 1800 484 Lib.

1047 501 1147 549 prim.
1175 500 1281 548 Epist.
1312 502 1369 545 53.
1392 524 1400 537 ,
1428 498 1516 535 olim
1547 500 1604 544 56.
1635 498 1802 534 scribebat

1045 551 1193 592 Arfieino
1220 551 1323 590 Duri,
1361 550 1469 590 Clero‚
1496 550 1631 589 Ordim',
1660 550 1702 583 (θ’
1729 550 1803 584 Ple-

1045 603 1077 638 bi
1107 603 1265 637 Civitatis
1293 600 1527 643 Ariminenfis,
1556 609 1594 636 ut
1619 613 1722 648 quem
1748 600 1802 636 di-

1048 652 1207 702 gniorem
1237 652 1459 690 invenirent,
1496 651 1707 700 Episcopum
1737 651 1802 686 eli-

979 703 1004 736 Β
1048 712 1192 752 gerent.
1231 703 1312 739 Lib.
1342 715 1374 739 2.
1401 702 1507 751 Epist.
1537 703 1570 738 6.
1598 705 1707 741 Uero,
1735 704 1803 736 No-

1048 755 1184 793 bilibus,
1221 754 1355 794 omini,
1385 754 1427 787 &
1455 752 1547 787 Plebi
1573 752 1802 795 consistentibus

1049 805 1184 851 Neapoli
1212 804 1306 850 paria
1334 803 1475 843 scribit,
1504 803 1556 839 uti
1585 802 1690 838 etiam
1717 803 1803 840 alibi

1048 855 1157 894 Clero‚
1185 855 1319 898 omini,
1348 856 1390 889 Θ
1414 855 1506 889 Plebi
1531 853 1702 894 consistenti
1728 858 1804 888 Cro—

1049 917 1158 945 tonae,
1186 906 1361 944 Panormi,
1390 908 1516 951 Nepae,
1544 904 1660 945 Aefii,
1690 909 1804 938 Terra-

1049 957 1156 1000 cinae,
1193 957 1226 991 &
1261 955 1341 992 aliis
1378 956 1414 990 in
1443 955 1531 990 locis
1558 968 1597 990 ac
1626 954 1806 990 Urbibus.

1050 1009 1096 1041 Et
1124 1007 1206 1042 haec
1232 1006 1373 1054 quidem
1396 1004 1552 1042 usitatior
1580 1005 1691 1040 forma
1715 1007 1805 1041 Pon—

1050 1057 1182 1093 tificiae
1209 1056 1453 1093 Cancellariae
1490 1056 1578 1092 olim
1616 1055 1714 1104 fuit3
1754 1056 1805 1091 ita

1051 1117 1089 1143 ut
1130 1108 1319 1156 Gregorius
1360 1107 1405 1143 II.
1445 1109 1535 1155 Papa
1572 1106 1660 1142 hanc
1697 1106 1805 1142 etiam

1001 1182 1004 1184 v
1052 1158 1276 1199 adhibuerit,
1314 1158 1355 1193 ad
1383 1157 1602 1206 Thuringiae
1632 1158 1805 1204 Populum

1051 1208 1226 1244 scribens.
1265 1207 1422 1244 Nomine
1459 1217 1573 1243 autem
1611 1208 1740 1241 Ordinis
1767 1206 1805 1244 ὃ(

1051 1259 1181 1303 Plebis,
1200 1259 1268 1294 duo
1290 1258 1400 1294 veluti
1420 1256 1602 1307 Corpora,
1628 1257 1695 1292 five
1716 1257 1806 1294 Col-

1051 1309 1143 1357 legia
1172 1310 1296 1356 Populi
1319 1309 1356 1344 in
1377 1307 1541 1344 Civitate
1569 1308 1726 1357 qualibet
1747 1309 1805 1344 de—

1052 1359 1181 1407 signata
1219 1359 1308 1395 mihi
1340 1359 1529 1402 videntur,
1567 1372 1717 1406 quorum
1754 1361 1805 1394 al—

1052 1419 1163 1445 terum
1194 1410 1364 1452 Nobiles,
1402 1409 1568 1458 appellati
1599 1409 1704 1445 serius
1733 1411 1805 1444 Mi-

1051 1461 1143 1498 lites,
1181 1460 1457 1504 constituebant,
1494 1461 1641 1496 alterum
1671 1460 1806 1508 reliqua

1051 1509 1229 1546 inferioris
1259 1510 1384 1557 Populi
1413 1523 1508 1558 pars.
1538 1513 1630 1545 Nam
1659 1512 1693 1545 in
1721 1525 1807 1546 non—

1052 1560 1159 1596 nullis
1179 1559 1398 1604 Codicibus,
1419 1560 1471 1595 uti
1493 1560 1703 1596 adnotarunt
1721 1560 1807 1597 Cla-

976 1623 1010 1657 D
1051 1610 1175 1647 riffimi
1206 1614 1322 1647 Patres
1351 1611 1572 1647 Benedifflini
1593 1610 1807 1660 Congregat.

1054 1662 1171 1698 Sanffl
1202 1662 1348 1706 Mauri,
1386 1662 1511 1698 titulus
1550 1662 1723 1710 Epistolae
1751 1665 1807 1698 Se—

1056 1722 1136 1749 xtae
1163 1713 1261 1760 supra
1291 1722 1523 1756 memoratae,
1563 1713 1810 1749 tantummodo

1054 1764 1157 1799 habet
1184 1766 1293 1803 Clero,
1323 1763 1512 1801 Nobilibus,
1541 1762 1578 1799 ἃ
1601 1764 1713 1803 Plebi,
1741 1777 1809 1798 con—

1048 1814 1229 1855 sistentibus
1255 1815 1411 1860 Neapoli.
1439 1816 1485 1849 Et
1513 1814 1626 1850 reapse
1648 1814 1728 1850 Lib.
1754 1827 1808 1850 10.

1055 1865 1161 1912 Epist.
1191 1866 1249 1901 62..
1289 1865 1408 1900 scribit
1445 1868 1535 1900 Clero
1571 1863 1608 1900 &
1639 1865 1810 1900 Nobilibus

1055 1916 1191 1950 Civibus
1232 1916 1483 1963 Neapolitanis.
1528 1915 1651 1952 Liceat
1692 1925 1807 1951 tamen

1056 1966 1288 2014 cuicumque,
1317 1976 1419 2014 prout
1447 1965 1508 2014 ipsi
1536 1966 1664 2002 restius
1693 1966 1811 2002 videa-

1056 2026 1142 2056 tur,
1184 2017 1332 2051 Ordinem
1368 2017 1587 2062 interpretari
1626 2016 1810 2065 Magistra-

1056 2078 1156 2103 tuum
1195 2068 1415 2116 publicorum
1454 2077 1620 2111 coetum,
1658 2067 1726 2102 five
1754 2069 1810 2102 Se-

1058 2127 1213 2154 natum:
1254 2118 1346 2154 nihil
1383 2118 1478 2153 enim
1515 2131 1633 2153 moror
1658 2145 1666 2154 .
1705 2116 1812 2153 Certe

1059 2178 1138 2204 ante
1170 2169 1354 2205 Barbarica
1390 2178 1547 2216 tempora
1585 2168 1644 2203 sub
1684 2171 1812 2204 Roma-

1059 2219 1112 2254 nis
1149 2222 1231 2254 Ordo
1269 2219 1483 2261 significabat
1521 2219 1708 2254 Decuriones
1730 2243 1739 2258 ,
1776 2218 1811 2255 ὅ(

1058 2274 1208 2305 Senatum
1224 2270 1260 2305 in
1282 2269 1525 2306 Civitatibus.
1552 2272 1718 2305 Attamen
1743 2280 1813 2305 tarn

1058 2322 1163 2361 Ordo,
1201 2322 1305 2369 quam
1343 2323 1458 2361 Plebs,
1497 2320 1556 2356 sub
1594 2334 1663 2356 uno
1700 2320 1815 2367 Populi

1060 2372 1203 2407 nomine
1231 2372 1363 2420 saepius
1392 2371 1512 2407 venire
1540 2370 1743 2411 consuevit,
1773 2384 1812 2405 u·-

1061 2423 1088 2458 ti
1118 2432 1251 2468 praeter
1278 2422 1366 2458 alios
1395 2422 1486 2458 idem
1515 2422 1704 2468 Gregorius
1731 2420 1813 2455 Ma-

1059 2487 1145 2522 gnus
1166 2474 1206 2508 ad
1237 2474 1504 2509 Panormitanos
1533 2472 1682 2508 scribens
1702 2470 1811 2505 osten-

1024 2525 1139 2570 uelit,
1174 2524 1257 2562 Lib.
1288 2535 1320 2570 5.
1347 2524 1454 2574 Epist.
1484 2536 1541 2571 23.
1570 2522 1707 2567 Quibus
1735 2521 1812 2567 jun=

1723 2583 1764 2619 ge
