2216 3105
273 209 357 250 445

218 304 331 340 Clave
359 314 428 336 non
455 310 609 336 errante.
651 300 747 346 Quia
788 300 823 335 id
861 301 973 348 possu—

218 367 315 394 mus,
343 351 436 398 quod
463 351 505 386 de
532 352 606 400 jure
634 351 827 400 possumus.

267 407 318 439 La
343 416 382 437 ve
401 401 424 435 ’l
449 412 531 436 tacer
554 402 597 435 mi
611 402 650 446 fu
669 402 782 446 avviso
800 402 825 435 il
840 401 971 448 peggt'o.

217 454 381 495 Scilicet,
421 451 462 487 ad
500 451 780 487 satisfaciendum
808 453 971 487 volunta-

217 504 270 547 ti,
306 502 388 551 quia
430 503 519 537 male
561 503 744 537 videbatur
793 502 883 538 mihi
919 515 972 537 re—

219 554 404 603 spondere:
435 552 489 588 sed
518 553 613 601 pejus
633 562 766 588 tacere.
794 552 898 598 Quali
918 552 972 587 di-

218 612 294 640 cat:
326 602 528 639 Bonifacius
567 603 786 639 astutiffimus
823 603 973 639 circum—

218 654 319 691 venit
360 666 416 689 me
453 653 694 689 astutiffimum
733 653 847 690 verbis
884 653 973 692 suis,

219 705 303 754 quia
339 717 409 739 non
446 713 601 752 poteram
645 705 791 740 ulterius
837 703 974 739 honeste

218 757 277 792 vel
305 763 379 791 tute
407 767 462 789 me
489 755 675 795 excusare,
704 756 786 802 quia
813 756 972 790 nolebam

219 818 343 854 negare
372 804 572 852 potestatem
602 807 736 841 Summi
767 805 973 849 pontificis,

221 857 284 904 qui
305 855 348 890 est
370 858 462 890 Deus
484 856 520 890 in
541 856 642 891 terris
657 884 666 900 ,
695 866 754 891 aut
773 857 845 905 ejus
866 856 974 891 scien-

220 908 308 942 tiam
336 907 370 941 δε
399 919 559 954 magnam
590 907 833 954 prudentiam.
861 909 907 941 Et
932 905 975 941 fic

221 959 372 996 Comes,
399 956 482 991 dum
511 956 642 992 nititur
666 956 698 992 se
719 957 900 996 excusare,
921 970 976 991 ac-

222 1007 340 1056 cusat;
369 1006 451 1053 quia
479 1007 595 1042 voluit
617 1007 732 1053 potius
753 1017 872 1043 contra
893 1020 976 1042 con-

223 1057 404 1093 scientiam
422 1058 636 1105 complacere
648 1057 833 1093 Bonifacio
846 1085 855 1101 ‚
872 1070 975 1105 quam

222 1107 405 1156 displicere
433 1107 490 1143 illi
511 1120 572 1155 pro
594 1107 701 1143 salute
721 1108 858 1143 animae
878 1109 976 1144 suae.

222 1158 306 1194 Ideo
342 1157 438 1193 dedit
481 1157 662 1194 confilium
708 1159 878 1207 placitum
919 1158 975 1207 ei3

224 1208 314 1243 unde
341 1208 451 1243 dicit:

273 1261 307 1293 E
327 1259 400 1303 dissi
410 1271 425 1292 .·
444 1259 568 1297 padre,
587 1260 631 1293 da
650 1259 700 1293 che
716 1270 750 1294 tu
771 1260 815 1294 mt'
833 1260 906 1295 lavi

272 1309 322 1343 Di
340 1308 412 1355 quel
427 1320 568 1354 peccata,
592 1323 648 1343 ove
667 1313 713 1343 mh
732 1315 821 1343 cader
845 1310 978 1356 dqqgt‘o:

222 1357 330 1402 idest,
373 1371 395 1392 o
438 1360 567 1401 Pater,
610 1358 671 1406 qui
708 1359 840 1395 dicitur
878 1362 976 1394 Pater

224 1410 389 1452 Patrum,
416 1409 450 1443 δε
478 1417 624 1444 vocatur
653 1411 754 1444 Pater
784 1410 950 1458 San&us;

271 1462 388 1505 Lunga
408 1457 557 1504 promeffa
580 1472 632 1493 con
653 1458 675 1492 l’
691 1461 834 1494 attender
853 1471 931 1494 corto
944 1487 952 1502 ,

220 1508 328 1552 Idest,
369 1520 448 1544 cum
485 1507 583 1544 brevi
624 1509 657 1543 &
687 1522 791 1557 parva
818 1509 978 1545 observa-

219 1559 343 1608 tione3

271 1610 315 1644 Ti
333 1609 409 1654 sard
434 1609 566 1653 triunfar
589 1609 664 1644 nell'
679 1611 744 1645 alto
763 1610 891 1659 seggio.

221 1658 334 1703 Idest,
371 1659 409 1694 in
437 1659 520 1695 Sede
558 1660 701 1707 Papali,
742 1661 779 1696 in
815 1661 977 1698 Civitate

223 1711 404 1747 Romana,
440 1722 507 1756 qua
549 1710 645 1744 nulla
673 1710 717 1745 est
753 1711 859 1746 altior
885 1711 978 1747 inter

221 1758 457 1794 Christianos.
489 1759 550 1794 Sed
572 1770 664 1795 certe
684 1761 799 1796 nullus
813 1764 893 1797 Dux
907 1765 978 1797 Ro—

222 1821 405 1844 manorum
449 1809 607 1857 injustius
644 1823 809 1859 umquam
851 1812 977 1848 trium-

220 1858 344 1907 phavit
381 1860 423 1894 de
460 1860 613 1896 hostibus
638 1887 649 1905 ‚
691 1875 795 1910 quam
837 1862 895 1898 iste
936 1863 977 1898 de

220 1907 373 1945 Civibus
411 1909 498 1946 suis.
547 1913 614 1946 Pro
659 1912 786 1959 quibus
826 1912 976 1949 devietis

219 1972 290 1995 non
317 1960 463 1996 dabatur
497 1961 586 1996 olim
624 1962 821 2011 triumphus
858 1978 876 1999 a
906 1966 976 1999 Ro-

219 2009 357 2049 manis,
394 2020 432 2046 ut
468 2020 564 2059 patet
600 2013 700 2060 plene
737 2013 826 2062 apud
867 2015 973 2050 Vale-

219 2058 311 2095 rium
348 2061 389 2096 de
426 2061 498 2108 jure
538 2062 733 2110 triumphi.
775 2066 821 2099 Et
857 2064 970 2100 dicit:

218 2113 274 2145 Da
297 2112 346 2144 che
375 2121 410 2144 tu
438 2112 482 2144 mi
506 2112 597 2147 lavi.
624 2115 720 2148 Tota
748 2127 835 2161 aqua
862 2116 972 2150 Tibe-

218 2160 265 2196 ris
295 2174 363 2195 non
392 2161 528 2196 lavisset
556 2175 655 2198 eum:
685 2164 722 2197 ai
744 2166 815 2210 quel
832 2176 971 2211 peccato,

218 2224 275 2244 ove
299 2215 346 2245 νηὸ
380 2213 470 2246 cader
497 2214 626 2258 deggiO.
668 2215 761 2249 Bene
789 2216 972 2263 cognosce—

218 2262 278 2296 bat
316 2262 346 2297 se
384 2270 623 2307 peccaturum.
664 2265 711 2298 Et
750 2264 826 2300 heic
867 2275 971 2310 nota,

218 2312 310 2359 quod
349 2312 460 2359 aliqui
498 2315 655 2348 volentes
691 2314 892 2351 subtilizare
934 2316 970 2351 in

216 2364 315 2398 rebus
358 2361 477 2410 groffis
495 2388 504 2402 ,
545 2364 693 2404 dicunt,
747 2365 839 2412 quod
884 2366 970 2402 istud

217 2413 399 2448 confilium
429 2413 535 2461 potest
563 2414 654 2450 trahi
682 2415 722 2450 ad
745 2416 873 2451 bonum
897 2416 970 2452 sen—

215 2464 311 2502 sum,
340 2464 389 2498 ita
417 2473 455 2499 ut
482 2465 585 2500 litera
612 2476 765 2513 exponat
792 2466 860 2502 fic:
889 2471 969 2501 Pro-

214 2517 322 2549 mittas
346 2528 481 2561 magna,
508 2514 553 2553 <3³
575 2517 701 2560 ebserva
721 2517 779 2551 cito
802 2531 880 2563 quae
896 2530 967 2564 prn-

567 190 867 234 COMMENT.
901 191 966 233 IN
994 185 1220 232 DANTIS
1248 184 1489 229 COMOED.

214 255 343 301 gaveris
370 251 465 298 super
497 260 635 289 terram,
676 250 777 284 debet
815 249 971 297 intelligi
1010 250 1043 284 A
1081 246 1223 292 miseris,
1258 244 1304 284 &¹
1341 246 1505 292 adimple.
1560 247 1623 282 Sed

1003 1297 1008 1409 l

1696 196 1809 255 44⁶.

1664 247 1836 295 quidquid

1081 298 1223 338 dicant,
1251 305 1367 331 totum
1395 296 1440 331 est
1467 295 1591 331 falsum
1609 324 1619 340 ,
1646 298 1678 331 δί
1707 298 1837 334 ridicu-

1082 349 1176 383 lum.
1215 349 1307 382 Nam
1336 355 1539 394 pervertunt
1576 348 1713 394 penitus
1742 363 1836 385 men--

1083 408 1152 433 tem
1182 396 1376 446 Auffioris3
1415 397 1524 445 quia,
1566 406 1605 433 ut
1642 407 1737 446 patet
1763 400 1839 435 evi-

1083 447 1279 484 dentiffime
1307 461 1349 483 ex
1378 446 1437 482 ista
1465 448 1594 492 litera,
1632 450 1710 484 vult
1746 451 1839 496 quod

1083 498 1215 536 Comes
1243 511 1304 546 per
1338 498 1424 534 istud
1452 498 1634 534 consilium
1678 499 1718 534 fit
1744 499 1839 535 dam-

1084 559 1204 585 natus.
1234 548 1336 585 Unde
1363 549 1453 585 dicit
1480 551 1585 598 paulo
1612 549 1723 586 infra:

1135 600 1248 636 Percb&
1265 600 1355 634 diede
1374 599 1399 634 'l
1421 600 1567 648 configlio
1585 601 1777 645 frodolente.

1326 653 1388 686 Ad
1409 652 1490 696 Vers.
1521 662 1601 699 117.

1137 702 1206 736 Dal
1222 702 1313 748 quale
1328 702 1360 735 in
1377 703 1439 749 qud
1451 703 1536 744 stato
1545 703 1599 750 gli
1609 702 1685 748 fimo
1701 702 1732 738 α’
1742 703 1821 738 crini
1832 733 1840 739 .

1086 751 1245 788 Ulterius
1281 752 1383 787 debes
1423 752 1534 795 scire,
1577 755 1669 801 quod
1711 756 1841 791 Comes

1086 801 1204 838 Guido
1223 804 1333 838 Anno
1354 803 1502 839 Domini
1523 806 1840 841 MCCLXXXVI.

1086 866 1193 901 quum
1222 853 1282 889 diu
1310 853 1471 889 tenuiffet
1501 855 1772 891 Romandiolam
1798 856 1840 891 ad

1085 903 1322 940 obedientiam
1351 904 1521 940 Ecclesiae
1548 906 1582 940 8<
1611 907 1743 953 Papae,
1782 919 1843 942 ve-

1086 954 1140 988 nit
1168 954 1370 998 Honorius,
1413 954 1475 1003 qui
1503 964 1586 991 tunc
1614 955 1770 996 sedebat,
1809 958 1843 992 8<

1087 1003 1179 1039 milit
1206 1017 1286 1040 eum
1324 1004 1361 1040 in
1403 1005 1556 1041 confinia
1583 1005 1620 1042 in
1649 1007 1842 1043 Pedemon-

1086 1054 1176 1090 tium
1217 1055 1258 1090 ad
1304 1055 1501 1092 Civitatem
1543 1056 1719 1093 Astensem
1737 1084 1746 1093 .
1796 1060 1845 1094 Et

1087 1104 1179 1141 misit
1222 1119 1283 1154 pro
1329 1106 1474 1143 Comite
1519 1107 1557 1143 in
1608 1108 1844 1145 Romandiola

1019 1154 1059 1194 Ο
1085 1155 1321 1191 Guilielmum
1365 1157 1567 1193 Dur-andum
1610 1160 1651 1194 de
1693 1159 1841 1195 Provin-

1056 1206 1162 1255 {cia‚
1200 1207 1261 1254 qui
1298 1206 1365 1242 fuit
1408 1221 1552 1257 magnus
1596 1209 1841 1258 jurisperitus.

1057 1273 1059 1299 g
1087 1256 1185 1291 Fecit
1215 1257 1308 1292 enirn
1336 1257 1508 1298 Librum,
1545 1260 1606 1307 qui
1634 1259 1843 1297 intitulatur

1084 1308 1248 1353 Speculum
1281 1309 1314 1342 in
1339 1312 1423 1353 Jure
1455 1320 1601 1356 utroque,
1643 1310 1732 1346 unde
1759 1309 1797 1347 &
1826 1325 1843 1347 a

1085 1357 1216 1400 Juristis
1253 1357 1332 1405 ipfis
1372 1368 1518 1394 vocatur
1543 1363 1749 1406 speculator.
1778 1363 1839 1397 Sed

1087 1407 1158 1454 post
1193 1407 1278 1442 duos
1316 1422 1424 1444 annos
1460 1413 1589 1446 Comes
1627 1411 1745 1447 Guido
1785 1426 1839 1448 run

1057 1476 1058 1486 ι
1088 1457 1156 1503 ptis
1193 1457 1389 1494 confinibus
1435 1461 1535 1496 venit
1573 1461 1692 1504 Pisas,
1732 1461 1841 1499 fabius>

1086 1506 1302 1556 Capitaneus
1325 1508 1547 1545 Pisanorurn.
1574 1512 1646 1556 Qui
1669 1525 1746 1548 cum
1768 1527 1839 1548 am*

1056 1560 1142 1605 ,pla
1179 1558 1343 1605 potestate
1389 1559 1457 1595 fuit
1500 1571 1657 1610 ternpore
1702 1565 1842 1599 acerbae

1087 1609 1210 1643 mortis
1239 1609 1395 1646 Comitis
1424 1612 1598 1659 Ugolini.

1200 1663 1261 1694 Aa!
1277 1664 1371 1695 Cant.
1389 1665 1542 1697 XXVIII.
1566 1664 1648 1708 Vens]
1669 1676 1725 1712 13.

1137 1713 1201 1744 Con
1222 1712 1347 1757 quella,
1377 1712 1427 1746 che
1445 1713 1548 1757 sentio
1565 1714 1603 1747 di
1618 1716 1697 1761 colpi
1715 1717 1841 1763 cinglis,

1088 1762 1191 1795 Nunc
1232 1761 1371 1796 Αυξὶοι·
1408 1763 1524 1811 tangit
1560 1764 1690 1800 bellum
1729 1767 1841 1815 magis

1089 1810 1312 1846 modernum.
1353 1812 1411 1847 Ad
1440 1814 1537 1861 cujus
1564 1815 1841 1864 intelligentiam

1086 1871 1225 1908 oportet
1263 1861 1453 1909 praescire,
1489 1864 1582 1912 quod
1619 1867 1728 1902 Anno
1765 1869 1840 1902 Do-

1086 1911 1175 1947 mini
1211 1914 1299 1948 ML.
1330 1913 1500 1950 Robertus
1537 1914 1771 1957 Guismrdus,
1800 1917 1841 1952 fi-

1084 1961 1151 1996 lius
1180 1963 1320 1997 Ricardi
1350 1963 1459 1999 Ducis
1488 1967 1746 2006 Normandiae‚
1767 1981 1837 2003 non

1083 2011 1204 2047 habuit
1232 2012 1430 2049 dominium
1459 2024 1662 2063 paternum,
1700 2017 1753 2053 sed
1783 2018 1837 2054 di-

1083 2062 1179 2097 missa
1224 2061 1438 2100 haereditate
1477 2065 1627 2102 Ricardo
1656 2065 1754 2104 fratri
1776 2068 1835 2104 suo

1083 2113 1340 2161 primogenito,
1386 2114 1571 2152 secundum
1614 2118 1836 2155 consuetudi-

1082 2177 1159 2198 nem
1188 2163 1362 2212 regionis,
1390 2174 1569 2214 tamquam
1590 2169 1835 2217 magnanimus

1081 2214 1197 2250 voluit
1224 2216 1375 2263 experiri
1404 2217 1574 2253 virtutem
1599 2217 1636 2254 ὃς
1658 2219 1835 2256 fortunam

1081 2264 1195 2300 suam.
1223 2266 1305 2301 Ideo
1332 2279 1460 2315 pauper
1487 2266 1523 2303 δε
1546 2282 1670 2318 egenus
1691 2271 1835 2307 veniens

1080 2314 1116 2350 in
1155 2315 1297 2352 Italiam
1338 2318 1475 2366 appulit
1514 2319 1710 2367 Apuliam.
1752 2324 1835 2367 Quo

1080 2375 1237 2414 ternpore
1281 2366 1424 2415 quidam
1483 2370 1655 2407 Robertus
1697 2374 1834 2420 Apulus

1080 2426 1152 2452 erat
1181 2418 1262 2452 Dux
1299 2418 1478 2466 Apuliae.
1514 2421 1625 2470 Cujus
1662 2423 1834 2459 Robertus

1080 2466 1288 2502 Guiscardus
1317 2469 1431 2515 primo
1458 2470 1568 2506 faetus
1595 2472 1640 2507 est
1667 2473 1834 2509 Scutifer.

1081 2517 1197 2553 Postea
1226 2518 1400 2565 probitate
1428 2520 1485 2556 sua
1512 2522 1688 2558 accinssus
1728 2523 1836 2559 Mili-

1136 2569 1162 2602 F
1190 2566 1208 2602 f
1232 2580 1251 2603 z
1708 2573 1784 2622 tiag
