2216 3105
279 241 359 291 781
571 232 873 275 COMMENT.
905 231 968 274 ΙΝ
997 227 1222 271 DANTIS
1249 224 1490 267 COMOED.
1707 226 1788 277 782

221 293 318 341 cujus
355 290 573 328 evidentiam
613 291 658 327 est
695 290 953 338 praesciendum
974 317 984 334 ‚
1018 289 1051 322 A
1095 287 1207 323 immo
1236 284 1346 320 faetus
1374 283 1418 317 est
1447 281 1642 329 popularis.
1671 280 1728 315 Ad
1758 280 1854 326 cujus

226 345 319 390 quod
349 343 427 378 istae
464 342 603 378 fuerunt
640 341 796 388 quinque
835 341 985 377 Nobiles

227 395 385 432 Domus,
406 392 563 434 scilicet,
586 391 708 433 Pulci,
733 392 830 427 Nerli
845 416 853 430 ,
876 392 986 426 Gian-

227 443 377 487 donati‚
414 442 575 478 Comites
611 443 652 477 de
679 442 898 489 Gangalandi
917 469 925 484 ‚
953 443 986 476 8<

229 495 365 529 Domus
402 492 556 528 filiorum
595 492 736 528 Bellae.
776 492 831 527 lsti
868 505 988 527 omnes

230 552 373 593 portant
401 557 462 592 pro
491 545 680 579 Armatura
709 543 827 591 Dogas
865 544 905 577 ad
936 556 988 577 ar-

231 604 374 642 gentum
403 595 436 629 8<
464 594 608 629 rubeum
627 620 635 629 .
673 594 790 638 Quam
821 595 988 628 Armatu-

231 658 303 679 rarn
345 643 576 679 obtinuerunt
619 645 660 679 ab
699 646 850 687 Hugone
892 642 991 678 Mar—

231 694 359 730 chione
400 693 577 737 Tusciae,
619 694 680 741 qui
722 693 790 729 fuit
827 695 990 729 vicarius

231 745 270 779 in
306 744 436 779 Tuscia
480 758 541 792 pro
579 746 790 791 Imperatore
831 747 990 779 Ottone.

233 797 280 829 Et
309 794 421 840 aliqui
449 807 492 829 ex
520 794 568 829 eis
598 794 736 830 fuerunt
764 794 848 830 facti
885 794 993 829 Mili-

234 854 287 880 tes
315 845 357 879 ab
385 858 453 883 eo,
481 842 518 879 &
549 845 787 894 privilegiati.
820 845 892 881 Hic
920 847 993 880 Co-

236 908 308 930 mes
337 903 494 930 mortuus
532 895 576 929 est
613 895 832 935 Florentiae,
869 896 903 930 δε
931 895 994 930 do-

235 944 329 980 tavit
350 946 477 979 multas
498 946 664 981 Ecclefias
679 971 687 985 ,
714 945 896 995 praecipue
918 947 995 981 Ab·

237 995 370 1030 batiam
399 995 543 1030 Sanciae
570 996 707 1032 Mariae
725 1024 735 1039 ,
774 1010 878 1044 quarn
917 995 995 1032 fun-

236 1045 378 1080 daverat
417 1059 494 1080 cum
535 1047 657 1081 multis
694 1046 793 1082 aliis.
830 1049 878 1082 Et
913 1047 996 1094 quia

239 1094 378 1130 deceffit
398 1095 433 1130 in
455 1095 537 1130 festo
558 1097 675 1132 Sancti
695 1097 877 1137 Thomae‚
898 1096 997 1133 omni

239 1159 330 1181 anno
369 1145 409 1180 fit
447 1146 610 1181 soler-nis
650 1148 818 1183 memoria
854 1148 896 1183 de
933 1160 997 1191 e0,

239 1197 272 1250 ὃς
310 1196 346 1230 in
384 1195 448 1230 tali
486 1197 542 1231 die
583 1197 624 1232 fit
664 1197 763 1233 illius
799 1197 999 1233 anniversa-

241 1258 332 1281 rium
351 1274 359 1282 .
390 1248 494 1281 Nunc
523 1247 564 1282 ad
592 1247 752 1284 literam.
781 1248 883 1284 Dicit
910 1250 999 1284 Cac-

242 1296 401 1341 ciaguida
430 1296 473 1332 fic
492 1310 500 1332 ε

292 1347 425 1391 Ciascun
447 1375 457 1391 ‚
499 1348 551 1382 che
590 1349 628 1383 de
668 1350 702 1384 Ia
743 1348 828 1385 ¹bella
868 1348 1001 1396 Inftgna

341 1408 433 1443 porta
448 1412 467 1440 ,-

243 1447 349 1493 Quod
376 1446 568 1497 Infignium
595 1450 640 1485 est
660 1451 850 1485 Armatura
874 1449 916 1485 ad
940 1448 1002 1484 do-

241 1511 322 1544 gas,
350 1507 388 1532 ut
417 1498 541 1543 supra:

293 1546 357 1580 Del
380 1558 463 1592 gran
490 1550 616 1580 Eamne
634 1574 643 1590 ,
670 1568 902 1575 ------

241 1594 405 1639 scilicet,
448 1596 669 1632 Marchionis
706 1597 899 1647 Hugonis,
940 1597 1003 1646 qui

243 1644 314 1679 fuit
352 1658 496 1692 magnus
533 1648 623 1682 Baro
660 1648 849 1684 nobilitate
876 1649 910 1684 &
941 1662 1004 1696 po-

244 1693 357 1730 tentia
377 1720 387 1730 .
424 1697 541 1740 Quem
579 1698 801 1733 commendat
828 1712 847 1734 a
874 1699 1005 1734 benefi-

246 1744 310 1780 ciis
338 1743 406 1780 suis
434 1745 471 1779 in
496 1747 631 1784 Deum,
660 1746 798 1782 dicens:

296 1817 313 1822 -
339 1816 356 1821 -
382 1816 400 1822 -
426 1816 442 1821 -
470 1796 494 1829 il
521 1796 569 1830 cui
597 1809 682 1830 nome
707 1811 722 1831 e
747 1797 855 1844 pregio

297 1849 349 1881 La
372 1845 450 1889 festa
478 1847 514 1880 di
541 1847 670 1891 Tomaso
697 1848 888 1892 riconforta:

248 1895 331 1943 quia
359 1895 495 1932 scilicet
521 1897 633 1933 virtus
661 1898 694 1932 δε
724 1895 815 1933 fama
844 1895 1007 1946 Hugonis

248 1955 438 1982 renovatur
478 1945 516 1983 ὃ(
559 1947 788 1984 confirmatur
825 1946 1006 1983 annuatim

249 1996 288 2032 in
316 1996 398 2032 festo
427 1998 527 2033 Beati
553 1998 736 2042 Thomae,
765 1999 847 2046 quia
875 1997 916 2033 fit
944 1997 1008 2032 fin-

251 2047 381 2094 gularis
410 2049 703 2084 commemoratio
730 2050 763 2084 8<
785 2048 1008 2085 commenda-

251 2096 306 2131 tio
342 2097 385 2152 de
421 2109 462 2131 eo
498 2098 536 2131 in
572 2099 780 2133 memoriam
821 2097 1012 2134 beneficio-

250 2159 327 2182 rum
357 2159 448 2194 ejus:

303 2200 358 2232 Da
384 2196 439 2243 effa
466 2199 537 2233 ebbe
563 2198 704 2244 Milz'zr'a
729 2213 745 2233 e
771 2199 947 2246 privilegio
964 2226 976 2242 ‚

252 2246 411 2286 scilicet,
440 2262 457 2283 a
486 2248 665 2296 praediE'to
692 2248 903 2285 Marchione
931 2251 1009 2285 Hu-

254 2311 365 2347 gone,
402 2299 483 2345 quia
511 2299 552 2335 <le
580 2313 784 2347 unaquaque
813 2302 1008 2335 Domorum

254 2348 509 2397 praedisslarum
546 2350 632 2386 fecit
667 2349 803 2398 aliquos
840 2350 1010 2390 Milites,

255 2408 296 2434 ut
324 2400 555 2447 praedicitur.

305 2453 476 2497 Avvegna
503 2452 553 2486 che
579 2473 596 2478 -
622 2473 638 2478 -
665 2474 681 2478 -
708 2473 724 2480 -

255 2499 347 2535 Heic
375 2500 610 2550 Caeciaguida
637 2502 772 2549 excipit
792 2515 921 2545 unum,
950 2500 1011 2549 qui

254 2563 325 2588 non
361 2550 523 2600 sequutus
560 2552 605 2589 est
632 2552 774 2602 vestigia
810 2553 1012 2594 nobilium,
1037 2579 1045 2589 .

1096 337 1146 373 rei
1167 335 1381 372 evidentiam
1399 334 1442 368 est
1461 331 1716 373 praesciendum
1731 358 1740 372 ‚
1762 328 1855 376 quod

1098 389 1179 431 iste,
1216 386 1257 421 de
1294 398 1364 432 quo
1393 384 1531 418 Auctor
1566 382 1748 428 loquitur,
1786 378 1857 414 fuit

1099 437 1240 486 quidam
1279 438 1412 471 Zannes
1441 434 1481 468 de
1518 434 1551 468 la
1590 433 1712 467 Bella.
1751 432 1856 467 Nunc

1100 489 1141 524 ad
1170 487 1308 522 literam
1337 485 1425 521 dicit
1453 482 1713 530 Caeciaguida:

1151 542 1321 585 Avvegna
1347 537 1398 571 che
1425 548 1477 570 con
1505 535 1602 578 Popot
1622 532 1655 574 fi
1681 530 1775 566 raum'

1152 589 1233 635 Oggi
1259 587 1360 630 colui,
1387 604 1659 612 -------

1103 639 1260 683 scilicet,
1287 639 1422 672 Zannes
1449 636 1490 671 de
1518 636 1552 670 la
1580 635 1704 670 Bella:

1155 710 1172 715 —
1198 711 1214 718 -
1241 710 1257 715 -
1284 710 1300 715 -
1327 689 1379 722 che
1405 688 1439 721 la
1460 686 1561 731 fascia
1588 685 1631 719 col
1654 683 1775 730 fregio.

1104 739 1211 783 Idest,
1240 738 1353 787 cingit
1380 736 1494 772 frifio.
1523 738 1603 771 Hoc
1630 735 1742 773 dicit,
1778 731 1861 779 quia

1104 791 1161 826 illi
1203 790 1243 825 de
1281 790 1313 824 la
1351 788 1449 823 Bella
1485 784 1717 834 apposuerunt
1754 795 1862 819 unum

1105 840 1235 876 frisium
1265 851 1403 874 aureum
1443 837 1574 872 circum
1612 835 1704 870 circa
1733 836 1861 869 Arma-

1107 900 1220 927 turam
1259 890 1308 925 eis
1345 888 1462 924 datam
1491 901 1510 922 a
1545 885 1643 922 dieto
1680 887 1863 933 Hugone‚

1107 952 1145 978 ut
1172 941 1215 976 fic
1252 939 1543 987 distinguerentur
1579 936 1620 972 ab
1657 935 1764 975 aliis,
1802 933 1864 981 qui

1107 992 1296 1027 habuerant
1324 990 1416 1026 idem
1446 987 1661 1034 Infignium:
1700 988 1738 1019 Si
1774 984 1868 1020 raum'

1106 1044 1178 1090 oggi
1214 1042 1257 1076 col
1292 1041 1417 1083 Popol,
1454 1038 1561 1079 idest.
1598 1036 1787 1072 conveniat
1828 1033 1866 1069 δε

1109 1101 1338 1141 congregetur
1365 1102 1444 1125 cum
1474 1089 1636 1136 Populo,
1665 1085 1751 1121 ficut
1777 1084 1867 1120 olim

1109 1143 1265 1178 fecerunt
1293 1140 1443 1176 Gracchi
1482 1139 1518 1174 in
1548 1138 1644 1173 Urbe
1683 1139 1867 1174 Romana,

1108 1195 1141 1229 S<
1179 1192 1290 1240 aliqui
1328 1190 1416 1226 alii.
1460 1189 1542 1224 Ideo
1581 1189 1665 1223 bene
1702 1187 1761 1222 iste
1799 1185 1868 1221 luit

1112 1257 1237 1292 poenas
1266 1241 1410 1286 dianas,
1448 1239 1533 1276 ficut
1560 1239 1594 1274 &
1621 1237 1703 1282 illi,
1742 1245 1781 1272 ut
1808 1249 1869 1285 pa-

1110 1304 1160 1331 tet
1188 1307 1230 1329 ex
1258 1292 1383 1328 diffis:

1160 1346 1224 1379 Gru}
1251 1357 1325 1378 enm
1353 1362 1540 1369 -----

1112 1396 1204 1432 Heic
1235 1391 1471 1440 Caeciaguida
1501 1390 1599 1427 addit
1636 1388 1870 1438 superioribus

1112 1446 1196 1482 alias
1224 1454 1292 1480 tres
1322 1446 1477 1485 Demos,
1506 1454 1651 1489 quarum
1680 1453 1784 1475 unam
1811 1452 1872 1486 pa—

1114 1509 1190 1532 rum
1219 1496 1365 1533 laudat,
1395 1492 1480 1528 licet
1512 1492 1619 1528 fuerit
1646 1490 1707 1526 diu
1735 1489 1873 1538 magni—

1113 1547 1198 1582 fica.
1227 1544 1329 1580 Unde
1356 1543 1469 1578 dicit:

1165 1597 1229 1630 Gid
1255 1608 1329 1630 eran
1356 1593 1570 1635 Gualteroni‚
1598 1592 1645 1630 ὅθ’
1670 1590 1874 1635 Importuni;

1115 1646 1276 1684 scilicet,
1304 1645 1341 1679 in
1370 1643 1513 1678 nomine
1541 1641 1579 1678 ὃς
1607 1642 1721 1690 pretio
1748 1642 1786 1677 in
1807 1638 1876 1675 Ci—

1117 1697 1229 1733 vitate
1258 1693 1459 1730 Florentiae
1480 1705 1488 1728 ε

1168 1751 1216 1781 Et
1242 1759 1333 1781 ancer
1353 1744 1444 1789 saria
1471 1747 1575 1790 Borgo
1598 1742 1658 1786 ρὶῒι
1684 1743 1811 1788 quieto,

1118 1797 1232 1831 Debes
1275 1794 1475 1841 intelligere
1519 1791 1793 1827 antonomastice
1834 1789 1876 1825 de

1118 1847 1234 1891 Burgo
1261 1842 1379 1879 Sancti
1407 1841 1592 1889 Apostoli,
1628 1841 1690 1887 qui
1726 1840 1771 1875 est
1799 1841 1878 1888 pul-

1119 1907 1211 1930 crior
1239 1903 1382 1929 ceterls:

1170 1947 1211 1979 Se
1237 1944 1273 1978 di
1301 1941 1400 1977 nuovt‘
1425 1941 1512 1975 vicin
1535 1939 1628 1987 foffer
1653 1940 1801 1987 digium'.

1122 1995 1291 2037 Scilicet,
1328 1991 1351 2027 fi
1381 1991 1594 2027 habitatores
1632 1991 1731 2027 illius
1770 1990 1878 2039 Burgi

1121 2046 1228 2082 essent
1270 2042 1371 2079 vacui
1413 2042 1563 2083 Bardis,
1604 2042 1665 2088 qui
1703 2041 1744 2076 de
1785 2053 1881 2076 novo

1124 2095 1216 2132 miffi
1242 2094 1381 2130 fuerunt
1403 2092 1443 2128 ad
1472 2092 1700 2128 habitandum
1724 2093 1879 2139 Burgum

1124 2147 1223 2183 istum
1250 2170 1260 2185 ‚
1297 2154 1476 2191 tamquam
1515 2143 1676 2179 homines
1713 2142 1881 2186 audaces,

1124 2208 1164 2234 ut
1191 2194 1447 2240 compescerent
1474 2203 1591 2231 motus
1618 2193 1881 2230 Gibellinorum

1125 2247 1223 2284 illius
1252 2245 1381 2295 Burgi.

1176 2302 1225 2334 La
1251 2298 1335 2341 Casa
1345 2317 1612 2336 -------

1126 2349 1217 2385 Heic
1263 2347 1499 2396 Cacciaguida
1542 2346 1672 2383 ultimo
1719 2343 1884 2382 describit

1125 2413 1229 2436 unam
1259 2401 1435 2437 Domum,
1472 2398 1514 2434 de
1551 2411 1618 2446 qua
1646 2407 1727 2433 nata
1754 2396 1799 2433 est
1826 2396 1885 2430 de-

1127 2450 1254 2487 solatio
1281 2448 1319 2486 &
1348 2448 1552 2485 disturbatio
1589 2447 1762 2484 Civitatis
1803 2447 1884 2481 Flo·—

1125 2500 1283 2537 rentinae
1307 2524 1317 2539 ,
1369 2509 1509 2548 propter
1548 2498 1713 2548 injuriam
1756 2497 1882 2533 saetam

1126 2551 1214 2590 fibi.
1243 2551 1300 2586 Ad
1329 2551 1426 2599 cujus
1453 2551 1577 2588 literae
1602 2547 1882 2597 intelligentiam

1214 2604 1249 2639 D
1276 2601 1298 2638 d
1323 2601 1345 2638 d
1398 2613 1420 2638 2
1726 2610 1831 2647 opor—
