2216 3105
285 239 368 288 689
559 229 863 274 COMMENT.
905 230 967 273 ΙΝ
1003 225 1229 273 DANTIS
1266 222 1509 266 COMOED.
1719 229 1803 276 690

223 292 378 330 bonensis
407 290 476 327 fuit
502 289 559 325 vir
586 290 778 328 humanus.
806 289 976 326 affabilis.
1021 291 1051 324 A
1097 286 1191 321 suos,
1235 282 1464 328 Raymundus
1511 280 1683 329 simplex,
1734 279 1773 315 &
1804 275 1859 313 ni—

223 343 488 389 Rhythmorum
518 339 716 388 vulgarium
745 338 848 374 facile
868 353 980 386 reper-

223 404 304 442 tor;
343 393 398 428 sed
434 391 541 427 nimis
578 389 757 429 liberalis,
796 388 981 438 magnifice

220 444 386 481 omnibus
431 441 622 478 Nobilibus
678 440 856 475 dexteram
907 439 982 475 suae

221 494 396 542 largitatis
424 492 635 530 extendens,
672 490 821 537 ideoque
850 489 982 539 semper

221 554 296 580 erat
315 543 453 579 debitor
474 543 646 578 multum.
679 541 825 577 Accidit
842 551 979 579 autern,

224 595 319 642 quod
346 593 488 642 quidam
518 593 739 641 peregrinus,
768 591 912 627 veniens
943 592 983 626 ab

224 655 383 680 extremo
425 643 654 686 Occidentis,
699 641 836 678 vifitata
884 642 984 677 Beati

224 695 345 740 Jacobi
373 693 649 742 Compostellani
692 692 868 736 Ecclesia,
911 706 985 740 per—

226 745 326 781 venit
352 744 569 788 Tholosarn,
607 743 667 780 ubi
704 744 788 791 quia
831 743 886 778 vir
913 742 986 790 spe-

226 794 368 830 &abilis
395 796 429 829 δε
458 794 675 830 honorabilis
699 793 903 835 videbatur,
931 793 987 828 in-

226 845 362 881 vitatus
389 844 430 880 ad
458 845 628 884 Curiam,
673 843 794 880 habito
831 843 987 879 sermone

228 909 331 941 cum&
352 895 519 933 Comite,
571 894 730 943 persuasit
780 894 985 942 prudenter,

227 945 321 994 quod
367 945 405 981 in
452 945 549 981 brevi
591 945 703 994 ipsum
745 945 909 981 liberaret
945 945 986 979 ab

229 996 339 1031 usuris
367 995 633 1032 Caorsinorum.
681 995 879 1035 Commissa
905 1008 987 1043 ergo

230 1045 291 1081 fibi
322 1045 531 1094 ampliffima
559 1046 723 1093 potestate
743 1045 928 1081 ordinandi
949 1044 987 1080 ἃ

231 1096 449 1145 dispensandi
477 1097 619 1141 omnia,
657 1097 820 1132 industria
860 1098 894 1131 δι
938 1095 989 1130 sa—

230 1147 382 1194 gacitate
410 1146 467 1182 sua
495 1147 602 1182 solvit
629 1147 746 1183 debita
774 1159 919 1195 magna,
950 1143 988 1180 &

230 1197 489 1242 multiplicavit
515 1198 666 1233 reditus.
707 1201 754 1233 Et
795 1196 989 1243 interroga—

231 1256 287 1282 tus
330 1247 426 1295 saepe
466 1247 509 1282 de
550 1249 694 1284 nomine
722 1248 781 1284 suo
807 1247 845 1283 ἃ
876 1247 989 1284 sorte,

231 1301 382 1333 vocabat
409 1297 441 1332 se
470 1300 684 1338 Romaeum,
713 1298 795 1334 idest
824 1297 990 1344 Romipe-

233 1357 305 1382 tam
335 1346 372 1383 δε
401 1348 642 1396 peregrinum.
685 1348 757 1384 Hic
785 1348 904 1396 itaque
932 1360 991 1394 pe—

231 1397 390 1446 regrinus
426 1399 546 1434 omnia
576 1398 802 1434 laudabiliter
837 1396 990 1433 admini-

233 1448 337 1483 strans
362 1473 372 1487 ,
422 1463 529 1494 quum
583 1449 808 1494 Raymundus
850 1448 992 1483 haberet

232 1507 382 1544 quatuor
422 1498 513 1532 filias
555 1498 623 1532 fine
672 1498 823 1532 mascula
866 1499 990 1545 prole,

231 1547 380 1596 primam
409 1548 480 1582 alte
508 1547 695 1583 maritavit
714 1546 902 1583 Ludovico
925 1549 992 1582 Re-

232 1596 269 1645 gi
297 1596 463 1633 Franciae
489 1597 651 1645 optimo,
693 1597 756 1646 qui
798 1597 908 1647 postea
936 1611 992 1632 ca—

230 1646 419 1682 nonizatus
470 1648 534 1687 est,
580 1648 674 1684 faElo
725 1648 777 1684 bis
819 1648 991 1697 passagio.

234 1697 424 1731 Secundam
454 1696 602 1733 tradidit
622 1699 783 1733 Eduardo
805 1698 892 1746 Regi
916 1701 993 1734 An-

234 1745 328 1795 gliae
365 1745 590 1794 probiffirno.
640 1747 803 1783 Tertiam
846 1748 993 1783 tradidit

236 1796 387 1831 Ricardo
423 1795 523 1832 fratri
570 1797 675 1846 Regis
712 1797 891 1846 Angliae,
933 1798 993 1845 qui

237 1846 347 1894 postea
375 1845 445 1882 fuit
473 1850 547 1882 Rex
577 1850 841 1884 Romanorum.
879 1850 993 1893 Quar-

237 1907 309 1932 tam
340 1899 422 1932 vero
449 1898 621 1934 minorem
651 1898 834 1947 copulavit
861 1897 994 1933 Carolo

238 1947 331 1982 Duci
355 1948 604 1996 Andegaviae,
631 1949 730 1985 fratri
756 1946 900 1996 praefati
921 1951 995 1985 Lu—

237 1997 381 2041 dovici,
409 1999 470 2046 qui
498 2000 610 2048 postea
638 2000 707 2036 fuit
735 2002 811 2035 Rex
832 1999 994 2039 Siciliae,

236 2047 280 2083 de
307 2062 376 2096 quo
405 2051 508 2097 paulo
536 2050 634 2099 supra
676 2050 809 2087 dietum
838 2050 908 2093 est,
945 2049 996 2085 as—

238 2098 349 2134 serens
378 2099 489 2148 ipsum
518 2100 673 2137 futurum
716 2099 994 2149 potentissimum

239 2151 391 2198 Regem.
435 2150 497 2186 Sed
527 2150 639 2186 virtus
667 2150 705 2187 &
733 2151 884 2187 felicitas
912 2151 996 2186 fecit

239 2199 302 2235 fibi
329 2200 462 2236 aulicos
489 2215 609 2236 omnes
630 2202 790 2243 infestos,
818 2200 996 2237 stimulan-

240 2259 276 2285 te
304 2249 460 2292 invidia,
505 2251 643 2298 publica
671 2252 757 2299 peste
785 2250 996 2288 Curiarum.

241 2300 418 2338 Dicebant
458 2302 552 2338 enim
595 2301 759 2345 Comici,
805 2302 898 2350 quod
940 2302 997 2338 hic

242 2350 438 2400 alienigena
467 2353 608 2400 ignotus
637 2352 868 2401 superditatus
897 2353 996 2388 bonis

242 2402 400 2438 Comitis
437 2413 510 2439 erat
551 2403 757 2440 honoratior
783 2417 850 2439 eo:
903 2403 996 2451 quod

243 2453 387 2488 cedebat
423 2454 463 2489 ad
502 2454 667 2499 pudorem
695 2453 733 2491 &
762 2453 996 2503 ignominiam

243 2504 342 2551 ejus,
371 2504 431 2552 qui
461 2504 644 2541 videbatur
672 2505 801 2542 nescire
829 2505 997 2553 guberna-

239 2567 276 2590 re
318 2557 478 2604 Regnum
520 2554 558 2593 &
600 2557 747 2593 Curiam
788 2569 848 2606 per
889 2555 922 2591 se
963 2556 997 2590 8<

1098 336 1208 372 mium
1237 334 1398 369 credulus
1429 331 1558 380 petivit
1589 332 1629 366 ab
1659 330 1721 365 isto
1749 329 1859 366 ratio-

1098 399 1175 422 nem
1220 382 1456 420 villicationis
1510 381 1611 416 suae.
1664 380 1738 416 Cui
1787 383 1859 416 Ro-

1099 449 1235 472 maeus:
1269 434 1347 470 Veni
1373 434 1417 468 ad
1441 432 1573 467 Curiam
1600 443 1687 465 tuam
1711 443 1859 478 pauper,-

1099 487 1144 526 ὡ*
1181 497 1300 534 pauper
1336 485 1410 519 inde
1451 485 1574 518 recedo,
1617 484 1661 516 Et
1689 482 1859 516 continuo

1099 538 1239 586 accepta
1277 536 1409 571 mululzi
1435 535 1467 570 8<
1499 532 1586 569 veste
1625 532 1680 567 sua
1709 531 1858 580 peregri-

1101 589 1163 627 na,
1191 600 1295 636 quam
1323 587 1365 622 ab
1393 583 1502 621 initio
1523 583 1778 623 reservaverat,
1806 595 1859 618 re-

1101 638 1217 674 ceffir.
1246 639 1374 674 Comes
1404 635 1533 685 pudore
1560 632 1600 670 ἃ
1626 634 1746 669 dolore
1775 646 1860 668 con-

1102 689 1214 733 fusus,
1244 689 1385 724 volebat
1411 687 1515 722 illum
1537 684 1710 727 retinere,
1738 694 1775 719 at
1797 683 1858 719 ille

1101 739 1244 775 noluit.
1286 738 1349 775 Sed
1393 737 1466 773 cito
1518 734 1588 783 ipse
1616 734 1685 770 luit
1714 746 1859 781 poenam

1102 790 1179 826 suae
1206 787 1494 838 ingratitudinis.
1522 786 1619 831 Quia
1650 787 1723 821 Rex
1753 787 1859 819 Fran-

1103 840 1177 876 ciae
1221 839 1353 887 eripuit
1398 837 1459 873 fibi
1501 835 1539 872 in
1584 836 1658 871 vita
1699 847 1860 884 magnam

1104 900 1236 939 partem
1266 889 1378 938 Regni
1406 887 1477 923 sui.
1521 886 1595 922 Post
1623 895 1773 922 mortem
1801 898 1861 920 ve·-

1103 945 1142 976 ro
1170 941 1242 990 ipse
1281 943 1354 975 Rex
1383 937 1538 974 succeffit
1580 950 1641 985 pro
1670 949 1776 972 uxore
1805 934 1862 970 sua

1103 991 1141 1026 in
1171 1001 1265 1039 parte
1295 988 1523 1032 Provinciae,
1560 1001 1648 1035 quae
1685 986 1729 1022 est
1769 987 1862 1021 ultra

1106 1041 1339 1078 Rhodanum.
1381 1040 1529 1076 Carolus
1572 1040 1654 1073 vero
1701 1050 1762 1085 pro
1805 1036 1862 1071 sua

1105 1092 1229 1128 habuit
1258 1090 1483 1127 Provinciam
1513 1088 1600 1124 citra
1631 1087 1860 1127 Rhodanum,

1105 1156 1208 1190 quam
1247 1141 1298 1177 sui
1339 1140 1580 1176 descendentes
1608 1147 1797 1174 tenuerunt
1824 1151 1861 1172 u-

1072 1207 1074 1220 Α
1105 1194 1185 1240 sque
1213 1192 1249 1227 in
1279 1191 1452 1239 praesens.
1497 1192 1601 1225 Nunc
1629 1188 1670 1224 ad
1698 1187 1861 1224 literam.

1106 1243 1207 1278 Dicit
1233 1241 1442 1286 Justinianus
1471 1239 1606 1275 Danti:

1155 1297 1236 1328 Luce
1261 1294 1295 1327 la
1321 1293 1386 1327 luce
1412 1293 1448 1326 di
1475 1295 1591 1325 Romen
1608 1317 1618 1334 ‚
1645 1311 1662 1316 -
1688 1310 1704 1317 -
1730 1311 1747 1316 -
1772 1309 1790 1316 —

1106 1343 1208 1383 idest,
1236 1343 1353 1378 anima
1382 1342 1554 1390 praeclara
1582 1339 1758 1388 splendet:

1156 1416 1172 1420 -
1199 1415 1215 1420 -
1241 1414 1257 1420 -
1284 1394 1392 1427 dentro
1412 1408 1432 1427 α
1451 1394 1484 1426 la
1501 1391 1640 1439 presente
1666 1389 1863 1436 margarita,

1106 1444 1188 1479 idest
1204 1469 1213 1483 ‚
1242 1442 1335 1478 intra
1363 1444 1508 1478 Stellam
1527 1440 1699 1477 Mercurii
1720 1452 1864 1488 parvam

1106 1495 1139 1529 8<
1168 1493 1354 1543 pretiosam
1373 1519 1382 1528 .

1157 1564 1387 1572 ------
1414 1543 1450 1577 di
1476 1542 1525 1578 cui

1158 1597 1210 1630 Fu
1237 1594 1344 1640 l'opra
1367 1596 1491 1640 grande
1516 1607 1532 1627 e
1559 1591 1643 1627 bella
1669 1614 1684 1620 -
1711 1613 1728 1619 -
1754 1613 1769 1619 -
1797 1613 1812 1619 -

1076 1648 1078 1672 ἲ
1107 1648 1154 1680 Et
1182 1658 1261 1679 vere
1288 1643 1515 1691 magnificum
1544 1641 1581 1678 ὅ(
1611 1644 1768 1689 pulcrum
1797 1641 1865 1677 fuit

1107 1695 1217 1731 facere
1254 1704 1404 1742 quatuor
1440 1692 1531 1729 filias
1568 1692 1671 1729 unius
1707 1691 1865 1729 Comitis

1109 1745 1259 1793 Reginas
1275 1772 1284 1780 .

1160 1816 1345 1822 -----
1372 1796 1438 1829 mal
1459 1795 1593 1841 gradita

1110 1846 1151 1881 ab
1179 1845 1318 1893 ingrato
1347 1844 1523 1880 Domino.
1561 1846 1608 1879 Et
1647 1842 1765 1879 subdit
1792 1855 1865 1878 me—

1109 1895 1202 1938 rito,
1230 1908 1300 1942 quo
1328 1895 1369 1930 ad
1397 1896 1534 1942 culpam
1555 1919 1566 1934 ‚
1608 1893 1681 1929 cito
1722 1893 1865 1942 sequuta

1110 1945 1154 1981 est
1183 1958 1291 1991 poena
1319 1945 1422 1993 digna
1439 1971 1449 1988 ‚
1477 1945 1621 1980 dicens:

1162 1998 1225 2030 Ma
1252 1996 1265 2029 ί
1290 1995 1483 2040 Ρνουεηζαῖί
1501 2022 1512 2039 ,
1537 2014 1555 2021 -
1581 2015 1597 2021 -
1624 2014 1640 2021 -
1665 2013 1683 2021 —
1704 2013 1726 2038 Δ-
1750 2013 1768 2021 -

1111 2045 1268 2090 scilicet,
1295 2045 1420 2081 Aulici
1447 2045 1625 2081 Comitis:

1162 2116 1347 2123 -----
1373 2099 1424 2130 che
1444 2096 1495 2140 fer
1520 2106 1625 2131 contra
1650 2095 1700 2130 lui

1112 2147 1268 2186 scilicet,
1297 2149 1489 2182 Romaeum
1517 2160 1560 2183 ex
1589 2144 1757 2186 invidia:

1163 2201 1237 2233 Non
1263 2198 1366 2232 hanno
1394 2198 1473 2240 riso,
1501 2216 1731 2226 ------

1113 2249 1225 2284 immo
1253 2262 1366 2283 amare
1394 2246 1586 2287 fleverunt,
1623 2246 1661 2283 &
1690 2246 1786 2290 saepe
1814 2243 1869 2283 su*³

1114 2298 1330 2347 spiraverunt
1359 2301 1572 2334 Romaeum.
1602 2297 1873 2344 NamU-Officia·

1114 2351 1162 2385 les
1204 2349 1309 2398 Regis
1352 2348 1518 2384 Franciae
1558 2347 1596 2384 &
1637 2349 1761 2384 Caroli
1797 2361 1871 2383 non

1113 2400 1252 2435 fuerunt
1280 2399 1388 2445 postea
1417 2400 1466 2435 ita
1495 2398 1638 2442 benigni
1665 2398 1704 2439 ὅ(
1729 2397 1870 2447 gratiosi

1113 2465 1192 2499 erga
1241 2464 1324 2490 eos,
1365 2450 1450 2485 ficut
1492 2449 1871 2496 fueratRaymundus

1112 2504 1262 2543 Comes,
1316 2499 1354 2536 &
1407 2503 1578 2536 Romaeus
1633 2500 1867 2537 Vicecomes.

1115 2552 1197 2589 Ideo
1237 2550 1394 2601 superbia
1440 2553 1652 2593 Francorum
1689 2549 1866 2593 manifesta

1760 2602 1818 2635 be—
