2216 3105
263 251 343 294 573
553 234 799 278 COMMEN
809 236 855 279 T.
885 236 951 280 ῙΝ
978 233 1204 279 DANTJS
1231 231 1472 276 COMOED.
1684 246 1768 288 374

440 295 502 329 Ad
530 295 612 340 Vers.
643 306 700 341 52.

245 349 304 380 Ver
339 358 385 379 me
411 344 445 387 st
475 345 560 390 fece,
596 344 643 384 ὠν
680 347 709 379 io
743 358 801 380 ver
835 345 884 379 lui
909 346 953 380 mi

289 396 362 440 sei.

197 449 245 483 Et
271 445 464 482 manifestat
500 459 628 481 nomen
666 446 738 494 ejus
775 447 954 495 gratulans

196 498 273 533 suae
301 495 526 532 salvationis.
563 496 622 532 Ad
650 497 748 544 cujus
775 496 954 545 cognitio-

198 560 277 583 nem
314 547 415 583 debes
452 547 537 583 scire
562 575 573 591 ,
611 547 704 594 quod
742 547 801 583 iste
840 547 955 583 Ninus

198 598 268 634 fuit
295 597 426 633 nobilis
462 611 586 647 genere
613 600 646 633 ὅ(
676 608 823 647 potens,
862 597 956 633 Pisa-

199 662 263 684 nus
290 648 450 695 origine,
486 649 548 696 qui
585 647 653 684 fuit
689 649 730 685 de
758 648 890 685 Scottis
916 648 957 683 de

201 698 304 735 Pifis.
333 701 379 734 Et
407 698 476 735 fuit
503 699 613 743 Judex
635 701 800 735 Gallurae
824 699 861 734 in
882 702 959 735 Sar-

202 749 328 784 dinia.
371 752 423 783 De
461 762 532 796 quo
568 750 703 785 dicium
741 750 785 786 est
826 749 959 785 Inferni

203 799 311 835 Cant.
341 801 456 836 XXII.
483 802 530 835 Et
557 800 719 843 expulsus
746 801 788 836 de
814 799 959 836 Civita-

203 859 237 886 te
266 849 422 886 Pisarum
452 850 652 897 proditione
680 851 835 887 Comitis
857 850 960 900 Ugo-

204 901 299 940 lini,
341 911 380 937 ut
420 900 554 936 dicium
596 902 642 937 est
682 901 815 938 Inferni
856 904 960 938 Cant.

205 953 373 987 XXXIII.
403 951 666 988 confoederavit
703 953 735 988 se
763 966 842 988 cum
880 954 963 988 Flo-

204 1002 354 1038 rentinis
381 1001 418 1038 &
443 1003 618 1042 Lucanis,
643 1004 677 1038 δε
703 1016 867 1052 magnum
888 1003 962 1039 bel-

203 1055 277 1088 lum
308 1052 413 1091 fecit,
454 1063 633 1101 tamquam
664 1053 842 1094 strenuus,
881 1068 964 1090 con-

207 1112 261 1138 tra
300 1102 417 1146 Pisas,
461 1103 595 1139 scilicet
631 1104 668 1140 in
705 1104 882 1145 MCCC.‚
909 1104 963 1140 sed

209 1154 315 1201 paulo
343 1154 414 1201 post
434 1164 593 1190 mortuus
613 1154 657 1189 est
683 1155 722 1191 in
742 1156 861 1192 Castro
883 1158 965 1191 San-

207 1204 257 1239 &i
285 1203 457 1240 Miniati.
486 1204 570 1240 Ideo
599 1208 703 1241 Poeta
721 1233 731 1249 ‚
767 1206 828 1254 qui
857 1219 967 1242 nove·
1006 1219 1037 1254 C

207 1263 261 1290 rat
303 1254 489 1302 benignam
532 1265 691 1291 naturam
732 1256 887 1292 hominis
929 1257 965 1291 in

208 1304 305 1343 vita,
332 1306 366 1339 ὃ(
389 1305 460 1352 ejus
490 1305 616 1341 bonam
645 1307 904 1353 dispositionem
929 1307 965 1342 in

208 1364 349 1393 morte,
386 1354 489 1403 ponit
514 1355 626 1404 ipsum
664 1356 825 1394 salvum.
865 1358 967 1394 Dicit

208 1417 310 1453 ergo:

259 1455 391 1490 Giua'ice
416 1458 486 1499 Niga
510 1457 635 1501 gentil.
653 1478 668 1483 —
683 1478 698 1483 —
716 1479 730 1484 -
748 1479 765 1485 -

453 1507 516 1540 Ad
544 1507 625 1550 Vers.
656 1510 714 1553 64.

259 1554 300 1590 L'
317 1568 378 1589 zeno
403 1570 423 1591 a
452 1556 612 1603 Vzrgilio,
649 1571 665 1601 e
689 1557 713 1591 λ’
731 1559 813 1593 altro
847 1560 891 1594 ad
926 1573 968 1594 un

304 1606 335 1646 fi
361 1606 445 1650 vclse
460 1631 472 1646 ,

261 1658 326 1691 C³3=2
347 1656 440 1700 seda-a
467 1658 520 1690 lb-
537 1679 552 1684 -
569 1678 614 1685 »-

214 1707 384 1749 Scilicet,
421 1708 586 1742 Conrado
615 1708 821 1746 Marchioni
853 1710 971 1746 Male-

214 1756 353 1803 spinae.
384 1755 445 1802 qui
472 1766 545 1791 erat
572 1757 633 1793 fibi
662 1758 775 1795 socius
802 1759 839 1795 Sc
869 1761 971 1796 fami—

214 1805 334 1845 liaris,
366 1805 483 1841 sedens
511 1820 589 1842 cum
618 1808 700 1844 aliis
726 1809 763 1844 in
791 1812 871 1845 loco
899 1810 972 1845 bas-

215 1856 252 1892 so
270 1884 279 1899 ‚
318 1855 400 1903 quia
427 1857 489 1892 iste
515 1868 589 1893 erat
617 1859 784 1904 Italicus,
820 1861 854 1895 &
882 1861 973 1896 vici-

216 1920 281 1942 nus
309 1906 408 1945 suus,
447 1906 484 1942 δέ
513 1908 626 1957 magis
662 1922 747 1957 par,
784 1924 887 1958 quarn
917 1912 972 1947 illi

220 1958 400 2006 Principes
428 1958 459 1992 8<
491 1958 700 2008 Magnates.
739 1960 823 1996 Ideo
860 1961 973 1997 statim

220 2008 337 2045 Ninus
364 2011 542 2053 convertit
569 2009 601 2046 se
626 2011 670 2047 ad
694 2011 823 2052 illurn,
849 2026 891 2049 ex
918 2013 976 2048 ad-

220 2069 408 2094 miratione
424 2086 434 2094 .

272 2128 414 2135 -----
435 2110 621 2156 gridando:
644 2115 692 2146 Su
718 2114 862 2155 Currado
884 2113 956 2153 &a

469 2163 531 2196 -Ad
558 2163 640 2206 Vers.
668 2174 728 2209 72.

270 2212 322 2245 La
347 2211 427 2245 dove
453 2225 473 2246 a
495 2211 544 2258 gl’
557 2212 713 2247 innocenti
733 2213 766 2254 si
790 2213 952 2260 risponde.

220 2262 317 2306 Quia
347 2262 440 2296 Deus
477 2262 622 2297 exaudit
658 2276 774 2312 preces
810 2264 977 2299 innocen-

221 2321 296 2347 tum
326 2311 445 2360 justas.
472 2313 519 2347 Et
546 2311 605 2348 ista
633 2322 707 2348 erat
732 2313 836 2363 virgo
863 2316 976 2363 puella

221 2376 350 2411 puera.
390 2361 497 2398 Unde
524 2363 566 2398 ad
601 2363 877 2413 intelligentiam
908 2367 978 2400 cla-

221 2426 295 2448 ram
334 2413 429 2448 istius
465 2412 589 2450 literae
615 2415 649 2449 &
686 2414 886 2462 sequentis,
920 2417 979 2452 de-

222 2464 279 2499 bes
320 2463 433 2508 scire,
468 2464 562 2511 quod
598 2464 660 2501 iste
695 2465 826 2501 nobilis
864 2467 979 2502 Ninus

221 2514 348 2549 habuit
383 2515 420 2550 in
459 2528 604 2551 uxorem
644 2515 812 2551 illustrem
855 2517 980 2552 Domi-

222 2577 301 2601 nam
320 2566 516 2602 Beatricem
530 2593 539 2607 ,
553 2565 704 2603 sororem
717 2566 866 2604 Domini
882 2567 982 2603 Mar-

990 297 1023 330 A
1066 293 1203 330 chionis
1230 291 1375 328 Estenfis
1400 291 1536 327 Azonis
1574 290 1639 327 III.
1675 287 1825 330 famofi‚

1066 345 1107 380 de
1143 357 1214 392 quo
1251 344 1319 391 jam
1357 341 1455 390 supra
1491 340 1582 377 fagia
1608 342 1653 377 est
1689 338 1823 377 mentio

1067 397 1173 431 Cant.
1201 395 1247 428 V.
1273 393 1375 442 hujus
1403 391 1535 433 Libri,
1572 393 1606 426 δί
1636 392 1723 427 alibi
1753 391 1821 427 sae-

1069 458 1131 494 pe.
1159 446 1212 480 Ex
1241 457 1309 491 qua
1337 442 1460 492 genuit
1487 441 1623 484 filiam,
1651 454 1738 488 quae
1760 454 1825 476 vo*

1068 504 1145 531 cata
1172 495 1218 530 est
1244 493 1399 538 johanna
1417 521 1427 529 .
1455 491 1530 542 Ipse
1558 494 1641 528 vero
1669 500 1825 526 mortuus

1069 545 1115 582 est
1149 545 1216 581 fine
1244 544 1435 580 masculina
1473 544 1588 593 prole.
1627 541 1703 577 Post
1731 541 1827 589 cujus

1071 606 1221 632 mortem
1267 609 1360 631 uxor
1397 595 1471 644 ejus
1512 593 1626 642 nupsit
1668 592 1827 628 Domino

1070 647 1234 683 Galeatio
1259 646 1500 685 Vicecomiti‚
1524 644 1722 693 Capitaneo
1746 641 1827 679 Me-

1072 697 1230 741 diolani,
1261 699 1294 733 &
1323 696 1397 733 filia
1425 696 1498 745 ejus
1525 694 1638 743 nupsit
1669 694 1829 730 Domino

1076 748 1225 784 Ricardo
1254 748 1295 784 de
1325 746 1505 791 Camino,
1545 745 1702 782 Domino
1738 747 1829 781 Tar-

1074 799 1174 835 vifii.
1203 798 1285 834 Ideo
1314 798 1430 834 Ninus
1457 807 1557 846 rogat
1586 799 1761 838 Dantem,
1790 803 1829 830 ut

1074 849 1168 885 dicat
1209 848 1304 885 filiae
1345 848 1423 885 suae
1447 876 1458 893 ‚
1501 847 1594 894 quod
1631 856 1731 895 roget
1769 858 1830 894 pro

1074 914 1142 944 eo,
1180 900 1261 948 quia
1289 913 1378 935 uxor
1405 898 1463 935 sua
1489 911 1560 934 non
1589 897 1729 934 videtur
1756 909 1827 932 am*

1077 951 1167 999 plius
1195 964 1313 986 curare
1339 949 1380 985 de
1407 963 1469 985 eo.

1126 1004 1197 1036 Non
1222 1002 1308 1035 credo
1322 1023 1338 1027 -
1352 1022 1368 1027 —
1385 1022 1428 1027 --

1077 1051 1168 1088 Heic
1198 1052 1312 1088 Ninus
1340 1050 1513 1089 ostendit,
1549 1063 1654 1098 quare
1682 1062 1752 1084 non
1780 1061 1831 1084 re—

1077 1102 1299 1138 commendat
1326 1101 1358 1138 se
1387 1101 1516 1145 uxori,
1552 1101 1635 1148 quia
1663 1113 1732 1135 non
1761 1112 1834 1134 cre-

1077 1153 1156 1197 dit,
1193 1153 1285 1201 quod
1323 1152 1474 1200 amplius
1502 1161 1597 1187 curet
1625 1151 1666 1186 de
1693 1164 1756 1189 eo,
1794 1148 1834 1183 fi—

1079 1213 1138 1238 cut
1166 1203 1275 1239 [imile
1306 1203 1401 1239 dixit
1438 1201 1536 1250 supra
1566 1203 1765 1237 Boncontcs
1793 1200 1834 1235 de

1079 1254 1312 1290 Montefeltro
1340 1253 1381 1288 de
1416 1252 1573 1297 Johanna
1610 1265 1718 1288 uxore
1756 1251 1833 1286 sua.

1082 1304 1180 1340 Dicit
1208 1317 1310 1354 ergo:
1349 1306 1396 1339 Et
1433 1303 1513 1340 dico
1540 1303 1581 1339 de
1619 1302 1715 1342 filia,
1754 1301 1836 1350 quia

1081 1369 1150 1391 non
1179 1357 1303 1399 credo,

1130 1427 1240 1433 ----
1267 1407 1317 1441 che
1344 1408 1376 1441 la
1397 1406 1459 1452 sua
1485 1406 1718 1442 madre---—-

1080 1456 1162 1492 idest
1184 1481 1196 1496 ,
1238 1457 1379 1493 Beatrix
1417 1471 1506 1493 uxor
1533 1471 1635 1502 mea,
1672 1469 1759 1505 quae
1795 1454 1838 1492 fic

1081 1517 1206 1543 vocata
1242 1507 1287 1543 est
1323 1521 1340 1542 a
1373 1508 1531 1544 Beatrice
1567 1508 1742 1556 quondam
1771 1508 1838 1542 Al-

1081 1557 1292 1593 drovandini
1339 1557 1561 1594 Marchionis
1602 1558 1676 1594 filia
1702 1583 1711 1597 ‚
1752 1570 1840 1605 quae

1084 1607 1197 1657 nupsit
1237 1607 1428 1643 Andreafio
1475 1609 1564 1656 Regi
1611 1608 1813 1658 Hungariae
1832 1632 1839 1643 ς

1084 1659 1210 1694 mulier
1239 1658 1463 1707 magnanima
1491 1658 1613 1697 valde,

1135 1731 1304 1736 ——————
1328 1711 1387 1757 pila
1414 1709 1454 1743 m’
1465 1710 1553 1745 ami.

1085 1760 1183 1796 Sicut
1211 1760 1304 1807 prius
1333 1760 1472 1795 amabat
1497 1760 1535 1796 in
1564 1759 1663 1810 vita;

1136 1810 1245 1854 Poscia
1261 1812 1312 1844 che
1335 1811 1485 1855 trasmmb
1509 1812 1539 1844 le
1565 1810 1697 1845 bianche
1723 1809 1843 1853 bende,

1087 1873 1171 1907 quas
1191 1861 1352 1908 portabat
1371 1860 1408 1895 in
1430 1860 1630 1909 viduitate3
1656 1860 1737 1896 idest
1757 1860 1845 1908 post-

1088 1923 1192 1958 quam
1229 1909 1464 1946 transvolavit
1499 1910 1541 1945 ad
1582 1910 1747 1946 secundas
1781 1924 1844 1946 nu-

1089 1961 1181 2010 ptias
1209 1960 1357 1997 Domini
1384 1961 1560 1996 Galeatii.
1598 1962 1663 1996 Per
1690 1961 1756 1996 hoc
1783 1974 1846 1996 no-

1090 2021 1148 2051 ta,
1184 2012 1277 2059 quod
1307 2013 1412 2047 Poeta
1440 2011 1549 2047 tacite
1575 2011 1691 2060 tangit
1718 2024 1843 2047 vanam

1091 2075 1207 2097 curam
1250 2062 1479 2110 quorumdam
1507 2089 1517 2106 ‚
1553 2062 1615 2110 qui
1654 2076 1696 2098 ex
1734 2062 1847 2098 nimio

1092 2126 1232 2156 amore,
1269 2126 1372 2160 quem
1401 2112 1532 2148 habent
1560 2114 1600 2148 ad
1638 2126 1790 2156 uxores,
1830 2126 1848 2147 a

1092 2164 1219 2211 quibus
1245 2163 1412 2199 videntur
1438 2163 1543 2212 diligi
1574 2163 1610 2198 in
1640 2163 1715 2199 vita
1732 2192 1741 2205 ‚
1780 2176 1848 2197 non

1094 2213 1262 2253 credunt,
1298 2213 1390 2261 quod
1420 2214 1491 2261 post
1519 2224 1667 2249 mortem
1697 2214 1851 2249 servetur

1094 2277 1154 2312 par
1180 2264 1360 2308 debitum,
1390 2265 1543 2310 aequalis
1569 2277 1688 2303 amor,
1715 2266 1745 2299 &
1776 2277 1851 2299 mu-

1094 2325 1154 2350 tua
1183 2313 1264 2350 fides
1293 2315 1477 2363 conjugii:
1518 2315 1597 2351 ideo
1627 2316 1687 2351 iste
1715 2315 1853 2351 divinat

1095 2364 1156 2400 fibi
1187 2366 1318 2401 malurn
1338 2393 1347 2409 ‚
1376 2366 1521 2401 dicens:

1147 2419 1193 2450 Le
1218 2417 1324 2462 quai-
1341 2437 1357 2443 -
1374 2438 1390 2442 -
1405 2437 1422 2443 -

1097 2465 1254 2511 scilicet,
1283 2466 1405 2502 bindas
1433 2466 1549 2506 albas,

1147 2537 1164 2543 -
1179 2538 1195 2543 -
1208 2538 1224 2543 -
1242 2517 1370 2552 con-vien
1382 2544 1393 2562 ,
1417 2518 1469 2552 che
1491 2518 1603 2564 misera
1620 2531 1712 2554 amor
1733 2517 1834 2554 brami
1843 2544 1852 2552 .

1138 2619 1172 2653 Ο
1199 2631 1223 2654 o
1276 2630 1297 2654 2
1706 2617 1804 2664 Quia
