2216 3105
409 185 490 234 367

670 181 1139 231 BENVENUTI
1196 188 1650 233 IMOLENSIS

1834 193 1915 246 368

345 234 514 282 scientia,
552 238 726 288 allegans,
763 244 855 291 quod
892 245 1033 282 licitum
1069 260 1103 282 e-
1137 249 1169 283 A
1213 247 1284 291 lis,
1321 248 1390 284 fuit
1428 249 1584 285 honestus
1622 249 1754 290 homo.
1789 249 1824 284 δε
1864 250 1974 285 bonae

346 296 401 322 rat
425 288 545 324 omnia
573 289 683 327 facere
712 306 773 340 pro
798 295 1016 332 exaltatione
1036 299 1103 332 Ec-

346 337 484 374 clefiae.
512 339 767 389 Magnificavit
794 343 831 380 &
860 345 991 383 ditavit
1013 348 1102 383 sum-

345 401 402 423 me
431 389 530 426 suos.
569 394 673 428 Nunc
710 394 751 429 ad
787 395 927 431 literam
964 397 1101 433 descen-

343 438 495 476 dendum
537 441 582 477 est
600 469 610 478 .
656 444 759 480 Dicit
803 459 885 495 ergo
932 449 1101 485 Nicolaus

344 490 531 528 Bonifacio
547 506 556 528 t

394 543 445 576 Se‘
461 554 496 576 tu
518 545 547 577 si
573 544 646 586 tosto
669 546 707 580 di
732 546 828 592 quelb’
839 561 917 582 aver
935 549 1049 594 sazio,

345 591 432 628 Idest
459 594 500 629 de
528 594 688 630 thesauro
715 609 863 644 magno,

395 647 457 677 Per
471 645 501 677 lo
514 645 591 691 qual
607 659 666 678 non
682 647 800 688 temesti
814 658 893 681 torre
907 661 927 682 a
942 647 1080 695 'nganno
1091 673 1101 687 ‚

345 695 442 738 Quia
469 704 524 729 tot
551 694 729 731 fraudibus
757 696 833 732 usus
861 697 950 737 fuit,
978 709 1017 734 ut
1042 712 1102 734 au-

344 744 450 783 disti,
487 753 525 779 ut
560 745 708 792 eriperet
744 747 933 783 Ecclefiam
960 748 1002 784 de
1028 762 1103 784 ma-

345 794 448 829 nibus
468 795 681 836 Coelestini‚
709 797 770 844 qui
799 807 916 833 tamen
939 798 1103 847 deceptus

346 843 437 886 fuit,
469 846 552 892 quia
578 846 695 895 decipi
722 848 868 897 voluit3
907 849 989 896 quia
1018 850 1103 886 bene

344 896 575 943 cognoscebat
619 897 850 934 ambitionem
898 900 1074 936 Bonifacii
1093 926 1102 940 ‚

343 947 377 981 &
407 945 502 982 ceffit
532 946 677 983 consilio
714 949 814 997 ejus,
853 948 890 985 ὃ(
927 950 994 986 hoc
1031 950 1103 999 ipse

344 998 532 1044 quaerebat
551 998 584 1032 δ(
605 998 745 1033 orabat.
771 1002 817 1034 Et
843 1000 976 1035 etiamst
999 1014 1101 1037 num-

343 1061 448 1094 quam
485 1047 669 1096 decepisset
709 1048 976 1090 Coelestinum‚
1018 1065 1102 1086 con—

342 1098 475 1138 stabat,
503 1099 596 1146 quod
634 1099 705 1148 ipse
733 1100 873 1140 fraude,
911 1115 981 1137 non
1010 1102 1102 1137 1·εὲἶὲ

340 1148 430 1192 via,
475 1148 635 1198 pervenit
675 1150 717 1186 ad
758 1161 920 1200 optatum
947 1179 955 1188 .
996 1153 1100 1188 Dicit

341 1212 424 1248 ergo
440 1212 450 1234 :

390 1253 442 1285 La
478 1249 564 1286 bella
602 1254 748 1292 Donna,
793 1266 810 1287 e
848 1254 883 1288 di
919 1254 973 1301 poi
1007 1255 1102 1299 farne

437 1300 586 1346 strazt'o?

334 1350 430 1387 -Idest
453 1352 640 1388 Ecclefiam
654 1380 664 1396 ,
684 1367 772 1400 quae
792 1353 836 1389 est
853 1355 971 1401 pulcra
992 1357 1101 1403 Spon-

345 1401 379 1436 sa
407 1401 559 1442 Christi,
588 1403 766 1439 inhoneste
794 1405 975 1439 tractando
1003 1419 1100 1448 eam,

341 1453 376 1487 &
407 1452 641 1500 prostituendo
662 1464 840 1501 tamquam
863 1456 1100 1491 meretricem.

341 1503 472 1550 Aliqui
510 1513 627 1539 tamen
663 1504 787 1539 dicunt
812 1531 821 1544 ,
863 1505 955 1552 quod
994 1505 1100 1553 potest

343 1553 503 1602 intelligi
531 1554 572 1588 de
609 1554 756 1600 quadam
785 1553 975 1590 Comitiffa
1005 1558 1101 1590 Mar-

342 1604 479 1651 garita.
507 1617 612 1651 quarn
634 1604 836 1640 Bonifacius
860 1606 1005 1641 tradidit
1026 1607 1100 1642 cui-
1142 1618 1171 1650 D

341 1654 421 1688 dam
452 1654 585 1702 Nepoti
615 1654 694 1690 su0.
729 1655 793 1690 Sed
821 1655 889 1690 five
917 1656 982 1691 hoc
1011 1656 1099 1692 fece-

342 1703 412 1742 rit,
449 1703 517 1739 five
544 1718 613 1739 non
632 1732 642 1748 ,
679 1705 817 1740 Auctor
844 1719 913 1740 non
941 1707 1101 1753 loquitur

342 1753 385 1789 de
420 1754 489 1789 alia
529 1757 664 1797 Donna,
702 1757 806 1802 quam
844 1756 885 1790 de
923 1757 1100 1801 Ecclesia,

343 1817 404 1852 per
439 1817 543 1850 quam
580 1805 765 1853 acquisivit
802 1805 999 1842 thesaurum
1027 1820 1101 1843 ma-

343 1867 471 1903 gnum.

594 1908 655 1941 Ad
684 1907 765 1952 Vers.
792 1919 853 1954 72.

395 1956 461 1991 Che
490 1955 531 2000 su
556 1955 710 2001 Favere,
745 1971 761 1991 e
796 1959 849 2004 qui
884 1958 929 1992 mt'
963 1958 1034 2000 mist
1069 1959 1102 1993 in

449 2004 562 2050 borsa.

347 2059 393 2092 Et
420 2056 498 2091 heic
527 2058 568 2093 ad
596 2057 895 2106 cognoscendum,
923 2059 1002 2106 quis
1030 2059 1103 2095 fue-

346 2107 395 2142 rit
422 2106 480 2142 iste
510 2109 628 2157 Papa,
664 2109 705 2143 de
737 2123 808 2156 quo
834 2110 1020 2145 debuissem
1049 2110 1104 2145 di—

348 2171 423 2193 cere
451 2156 565 2205 prius,
594 2172 696 2206 quarn
718 2159 759 2194 de
788 2160 994 2199 Bonifaci0‚
1021 2161 1103 2208 quia

349 2207 526 2255 praeceffit
555 2222 657 2251 eum,
694 2209 739 2244 est
775 2210 972 2250 sciendum,
1009 2211 1103 2258 quod

292 2255 296 2258 ’
348 2258 408 2293 iste
435 2258 594 2305 loquitur
622 2259 698 2293 heic
722 2260 763 2294 de
787 2261 1002 2295 exaltatione
1027 2261 1104 2296 fuo-

347 2322 447 2351 rum,
484 2322 571 2355 quae
608 2308 675 2344 fuit
712 2312 819 2344 Anno
858 2311 1005 2345 Domini
1042 2311 1105 2346 M-

347 2361 618 2395 CCLXxxvt.
654 2373 724 2406 quo
761 2359 829 2395 fuit
866 2359 974 2395 sagius
1013 2363 1103 2410 Papa

349 2410 520 2447 Nicolaus
550 2411 612 2444 ΙΙΙ.
650 2413 691 2445 de
721 2410 858 2445 Ursinis
885 2411 926 2446 de
966 2413 1104 2457 Roma,

347 2462 409 2508 qui
452 2460 641 2496 vocabatur
679 2461 851 2504 johannes
893 2464 1103 2498 Guatanus.

348 2513 420 2548 Hic
457 2511 539 2547 dum
575 2511 644 2548 fuit
680 2513 839 2549 Clericus
867 2511 904 2549 ἃ
934 2513 1103 2550 <jardina-

1216 299 1330 334 vitae.
1357 299 1421 334 Sed
1450 298 1558 335 factus
1582 302 1673 348 Papa
1701 299 1810 335 factus
1834 300 1878 334 est
1899 312 1973 334 ma-

1214 349 1399 396 gnanimus
1427 352 1541 386 calore
1578 350 1715 386 suorum
1746 349 1971 394 consortum,

1214 401 1248 434 &
1266 401 1377 435 multa
1397 399 1482 436 fecit
1502 401 1542 436 ad
1560 400 1853 450 magnificandum
1875 400 1969 436 suam

1217 452 1395 486 Domum.
1432 453 1526 487 Nam
1557 451 1625 487 fuit
1654 453 1811 500 primus,
1847 452 1884 486 in
1913 465 1972 486 cu-

1218 500 1269 548 jus
1304 501 1412 536 Curia
1450 503 1564 549 palam
1601 502 1884 537 committeretur
1919 502 1972 536 Si—

1219 550 1339 586 monia
1368 564 1427 598 per
1454 556 1530 586 luos
1561 551 1772 587 attinentes.
1810 555 1973 599 Quapro—

1217 611 1294 647 pter
1321 602 1473 636 multum
1500 601 1631 636 ditavit
1664 615 1722 636 eos
1759 601 1971 649 poffeffioni-

1218 650 1305 689 bus,
1349 650 1534 697 pecuniis,
1570 653 1604 685 ὃ(
1642 652 1833 694 Castellis,
1874 652 1972 699 super

1216 713 1336 735 omnes
1366 702 1566 736 Romanos.
1604 702 1651 735 Et
1681 701 1719 735 in
1749 713 1857 747 parvo
1883 711 1973 735 tem-

1218 763 1320 798 pore,
1358 763 1428 797 quo
1455 750 1576 789 vixit,
1614 750 1698 786 fecit
1727 753 1807 786 VII.
1844 749 1973 787 Cardi-

1218 801 1311 836 nales
1350 803 1552 840 Romanos,
1589 810 1628 836 ut
1665 801 1855 847 plurimum
1895 800 1970 836 suos

1217 851 1427 886 attinentes.
1465 851 1562 887 Inter
1596 853 1684 887 alios
1721 851 1806 887 fecit
1844 851 1970 886 Domi·

1218 914 1298 935 num
1320 902 1488 944 Jacobum
1508 901 1550 937 de
1569 903 1746 937 Columna
1766 902 1972 951 consangui-

1218 964 1320 986 neum
1352 950 1471 990 suum,
1502 965 1544 987 ne
1570 953 1821 988 Columnenses
1846 953 1970 988 adhae-

1216 1010 1331 1036 rerent
1362 1001 1657 1038 Annibalenfibus
1692 1002 1850 1038 inimicis
1881 1002 1969 1038 suis.

1217 1054 1263 1086 Et
1299 1051 1368 1087 fuit
1404 1061 1562 1100 reputata
1599 1065 1723 1101 magna
1759 1066 1836 1088 res.
1878 1053 1973 1098 Quia

1218 1100 1474 1138 Columnenses
1519 1103 1655 1138 fuerant
1703 1102 1833 1151 privati
1874 1102 1973 1138 omni

1220 1152 1389 1188 beneficio
1430 1153 1666 1188 Ecclefiastico
1712 1167 1771 1202 per
1816 1154 1973 1190 Alexan-

1216 1204 1315 1239 drum
1345 1204 1410 1239 III.
1438 1204 1520 1251 quia
1552 1203 1710 1239 faverant
1739 1204 1918 1240 Friderico
1944 1203 1972 1240 I.

1215 1265 1337 1290 contra
1364 1253 1573 1290 Ecclefiam.
1603 1257 1695 1290 Nam
1718 1253 1973 1290 Columnenses

1216 1305 1351 1341 fuerant
1378 1305 1467 1340 olim
1495 1305 1537 1340 de
1565 1304 1778 1340 Alemania.
1814 1307 1861 1340 Et
1888 1304 1973 1340 fecit

1217 1356 1291 1391 fieri
1321 1355 1456 1390 nobilia
1484 1357 1517 1390 &
1545 1369 1670 1404 magna
1700 1354 1834 1390 Palatia
1875 1355 1973 1402 juxta

1215 1407 1378 1442 Sanfflum
1422 1407 1585 1441 Petrum.
1630 1405 1728 1441 Fecit
1765 1405 1873 1442 etiam
1911 1405 1973 1441 fibi

1215 1456 1337 1492 donari
1373 1455 1571 1491 Civitatem
1610 1455 1790 1491 Bononiae
1827 1455 1864 1491 ἃ
1894 1454 1970 1492 Co—

1216 1508 1382 1543 mitatum
1427 1505 1681 1541 Romandiolae
1722 1520 1740 1541 a
1783 1506 1972 1554 Rodulpho

1217 1560 1309 1606 Rege
1338 1559 1602 1596 Romanorum,
1638 1556 1720 1603 quia
1749 1569 1818 1591 non
1847 1556 1975 1591 fecerat

1216 1607 1395 1643 transitum
1425 1606 1461 1641 in
1491 1606 1630 1641 Italiam
1648 1634 1656 1649 ,
1694 1606 1779 1641 ficut
1807 1606 1975 1654 promise-

1217 1668 1289 1694 rat.
1319 1660 1419 1703 Quae
1447 1655 1592 1690 donatio
1621 1669 1690 1691 non
1719 1656 1787 1691 fuit
1814 1666 1974 1704 reputata

1218 1709 1323 1757 justa,
1359 1706 1454 1752 Quia
1485 1705 1690 1753 Rodulphus
1718 1706 1910 1754 impeditus
1938 1719 1973 1741 am

1219 1759 1277 1794 liis
1315 1757 1383 1793 fuis
1422 1756 1523 1791 bellis
1560 1754 1597 1791 &
1636 1756 1768 1801 brighis
1806 1770 1876 1791 non
1914 1770 1976 1804 po-

1219 1818 1332 1844 tuerat
1349 1806 1528 1856 pervenire
1544 1807 1584 1841 ad
1607 1807 1884 1842 benedi&ionem
1903 1807 1974 1842 Im-

1220 1859 1404 1907 peri-alem.
1434 1858 1496 1892 Sed
1525 1857 1617 1904 quod
1642 1856 1778 1892 Clerici
1807 1857 1974 1904 capiunt,

1219 1923 1296 1944 raro
1323 1909 1534 1943 dimittunt.
1573 1909 1618 1941 Et
1656 1907 1740 1942 fecit
1778 1909 1974 1942 Dominum

1220 1959 1423 1995 Bertoldum
1455 1960 1630 2006 Nepotem
1668 1957 1763 1993 suum
1793 1958 1975 1993 Comitem

1223 2010 1504 2057 Romandiolae3
1541 2010 1574 2043 8<
1612 2008 1834 2043 Cardinalem
1874 2008 1975 2045 Lati-

1221 2074 1301 2096 num
1320 2088 1329 2103 ,
1367 2059 1482 2095 filium
1521 2058 1646 2094 sororis
1679 2059 1755 2095 suae
1783 2069 1902 2094 natum
1932 2072 1975 2093 ex

1222 2110 1514 2146 Erancaleonibus
1555 2110 1748 2149 Romanis,
1784 2109 1868 2145 fecit
1905 2112 1974 2145 Le·

1221 2171 1361 2209 gatum.
1399 2163 1451 2195 Ex
1480 2159 1585 2195 dietis
1612 2173 1693 2208 ergo
1729 2169 1845 2204 patet,
1882 2159 1974 2207 quod

1225 2214 1315 2259 Papa
1345 2212 1515 2247 Nicolaus
1542 2210 1582 2245 de
1611 2210 1749 2246 Urfinis
1781 2211 1848 2246 fuit
1877 2210 1974 2259 cupi-

1222 2263 1284 2298 dus
1313 2275 1374 2310 pro
1401 2261 1618 2297 exaltatione
1647 2262 1806 2298 suorum.

1470 2315 1532 2347 Aa
1560 2313 1641 2356 Vers.
1667 2325 1726 2361 79.

1273 2366 1338 2398 Ma
1370 2363 1429 2410 pin)
1455 2364 1471 2395 ἒ
1497 2361 1520 2396 ’l
1556 2373 1654 2410 tempo
1684 2364 1765 2411 gia,
1800 2363 1852 2397 che
1879 2360 1891 2394 ἱ
1922 2360 1976 2408 pl&

1323 2414 1367 2447 mi
1393 2414 1460 2459 coffi
1476 2440 1484 2448 .

1223 2466 1327 2499 Nunc
1356 2465 1527 2499 Nicolaus
1555 2463 1724 2511 praedicit
1747 2462 1853 2497 alium
1885 2462 1977 2496 Pon-

1186 2520 1194 2555 Ι
1220 2514 1355 2550 tificem
1384 2514 1623 2549 simoniacum
1650 2513 1873 2561 sequuturum
1908 2511 1977 2556 post

1819 2562 1927 2598 Boni-
