2216 3105
244 206 326 247 533
536 187 837 231 COMMENT.
869 190 936 232 JN
963 187 1189 233 DANTJS
1215 186 1456 230 COMOED.
1667 204 1752 245 534

182 250 397 287 notandum,
424 246 517 295 quod
546 246 687 283 Civitas
716 248 876 283 Paduana
899 249 944 284 est
980 247 1025 284 Al
1049 247 1156 295 partis
1185 247 1329 285 Italiae,
1358 247 1476 293 quales
1504 246 1647 282 fuerunt
1672 250 1811 283 Domus

182 297 396 338 nobiliffima
444 297 581 333 ratione
631 297 858 345 antiquitatis
906 298 944 334 ὅ(

181 349 385 400 potentiae.
430 348 611 395 Quoniam
635 373 645 388 ‚
691 348 778 384 ficut
824 348 945 385 scribit

183 399 363 448 Vergilius
392 399 507 447 primo
535 398 737 444 Aeneidos,
782 400 946 435 Antenor

182 450 255 501 post
294 449 471 486 excidium
517 450 694 498 Trojanae
731 450 844 486 Urbis
886 464 945 486 ve·-

184 501 282 538 niens
310 500 348 536 in
376 499 485 536 finum
522 500 629 537 maris
672 500 819 537 Adriaci
838 529 848 545 ‚
891 500 946 537 su—

184 551 347 600 bjugavit
373 553 557 600 Euganeos
594 553 748 601 Populos
783 551 946 588 habitan-

185 612 235 638 tes
262 601 300 638 in
327 602 529 639 montibus.
557 603 669 651 Cujus
695 603 746 639 rei
773 603 947 640 indicium

185 652 296 688 adhuc
336 652 382 688 est
408 652 561 702 opini03
603 653 686 701 quia
716 653 814 690 Villa
842 667 948 703 prope

188 702 342 738 Paduam
383 701 489 750 usque
525 703 563 739 in
605 703 811 740 hodiernam
853 704 947 740 diem

185 762 334 789 vocatur
375 753 619 802 Burgogania,
658 756 741 803 quia
780 770 821 792 ex
859 757 948 791 Bur-

186 802 343 852 genfibus
392 806 637 853 Euganeorum
684 806 826 843 condita
877 806 948 843 est.

188 853 348 890 Primum
389 867 471 903 ergo
512 868 641 892 nomen
690 857 793 906 hujus
841 857 948 893 Urbis

187 903 258 940 fuit
284 906 446 953 Euganea
464 932 473 941 .
503 907 639 943 Deinde
666 918 792 944 vocata
813 909 858 945 est
883 910 948 944 Pa-

189 954 349 999 tavium,
390 955 530 991 demum
568 957 705 995 Padua.
746 959 805 994 Est
839 958 947 996 etiam

190 1004 429 1053 potentiffima
465 1007 507 1042 ab
543 1007 653 1044 olim.
699 1012 816 1056 Quam
860 1009 948 1046 olim

190 1054 318 1091 invaslt
344 1055 543 1093 Cleoninus
572 1061 646 1095 Rex
674 1059 837 1106 Illyrici,
864 1060 950 1096 idest

191 1107 267 1141 Rex
296 1106 520 1144 Sclaveniae.
549 1109 612 1144 Sed
639 1112 729 1146 male
749 1110 811 1147 fibi
832 1110 948 1152 cessit,

190 1155 278 1192 ficut
305 1155 426 1193 scribit
453 1159 559 1194 Titus
587 1160 716 1197 Livius
745 1161 948 1207 Paduanus,

190 1206 425 1243 nobiliffimus
466 1209 748 1247 Historicorum.
791 1214 844 1247 De
885 1212 948 1248 hac

190 1256 328 1292 dicetur
353 1257 463 1303 alibi,
490 1261 596 1296 Cant.
619 1263 682 1297 ῙΧ.
709 1262 878 1299 Paradifi.
902 1265 950 1298 Et

190 1306 302 1342 dicit:

240 1359 292 1392 La
318 1357 393 1392 dov’
405 1357 434 1393 1'0
456 1359 517 1406 pita
535 1359 638 1401 ficuro
663 1361 737 1407 effer
760 1364 866 1398 creden
879 1377 900 1406 ‚-

190 1406 274 1453 quia
302 1407 396 1443 inter
423 1410 590 1445 Venetias
609 1413 643 1446 &
666 1408 842 1457 Paduam,
866 1413 950 1449 duas

190 1455 450 1493 florentiffimas
486 1460 620 1499 Urbes,
662 1461 722 1497 ubi
757 1462 847 1497 solet
881 1463 949 1499 iter

188 1506 255 1542 effe
283 1507 515 1544 tutiffimum.
552 1511 600 1545 Et
626 1510 745 1548 subdit
770 1512 949 1549 διιᾶσι-ειη

189 1556 269 1593 suae
295 1558 443 1598 mortis,
470 1559 618 1596 dicens:

242 1608 328 1654 ‚Quel
353 1610 396 1644 da
423 1610 497 1652 Esti
516 1609 540 1646 'l
562 1611 596 1654 [ὲ
616 1612 674 1656 sar
688 1634 911 1648 ------

190 1657 299 1698 Idest,
336 1660 415 1694 Azo
442 1659 609 1697 Max-chio
635 1662 778 1699 Estenfis
813 1678 873 1713 per
899 1665 952 1700 fa-

193 1708 309 1742 mulos
335 1707 438 1744 suos.
479 1711 526 1745 Et
567 1711 623 1757 qut*
646 1723 702 1758 per
726 1714 826 1748 alium
848 1715 950 1758 facit,

192 1768 249 1804 per
275 1757 311 1802 se
337 1758 438 1805 ipsum
467 1759 570 1804 jacere
595 1761 749 1798 videtur.
784 1765 832 1799 Et
874 1764 951 1800 heic

195 1816 301 1847 nota,
346 1809 441 1856 quod
486 1809 561 1846 Este
611 1811 656 1847 est
696 1813 951 1850 nobiliffimum

194 1857 351 1893 Castrum
379 1859 563 1908 antiquum
591 1862 625 1897 &
653 1862 792 1904 fertile,
827 1864 954 1901 distans

195 1921 214 1943 a
242 1908 358 1945 Padua
385 1922 446 1958 per
483 1913 596 1947 XXV.
623 1913 813 1951 milliaria.
851 1915 953 1952 Unde

194 1958 285 1995 olim
312 1961 424 1996 traxit
450 1961 623 2010 originem
640 1988 652 2003 ,
685 1965 720 1999 &
747 1965 954 2002 denomina-

196 2009 331 2044 tionem
368 2010 553 2048 clariffima
594 2015 730 2051 Domus
765 2015 952 2053 illustrium

196 2059 446 2096 Marchionum
486 2062 695 2103 Estenfium,
741 2079 802 2113 per
841 2068 953 2103 multa

198 2107 311 2144 secula
347 2108 499 2155 florens,
553 2114 587 2148 &
628 2114 759 2162 ubique
797 2115 952 2161 famosa,

197 2172 285 2207 quae
311 2159 510 2209 digniffime
535 2163 786 2202 denominatur
811 2167 854 2203 ab
876 2167 951 2203 Est.

198 2211 279 2245 Hoc
305 2211 400 2246 enim
428 2211 539 2248 solum
569 2215 713 2250 verbum
740 2216 806 2259 efl:
836 2219 953 2266 appel-

198 2262 292 2296 latur
317 2262 461 2297 verbum
489 2262 762 2308 substantivum.
801 2267 860 2304 ubi
898 2282 954 2304 ce—

198 2319 269 2346 tera
298 2313 519 2359 appellantur
537 2315 789 2353 accidentalia.
816 2320 954 2359 Immo,

200 2370 240 2396 ut
275 2363 453 2412 Theologi
490 2366 645 2410 volunt,
679 2366 768 2403 istud
807 2370 952 2405 verbum

198 2410 243 2446 est
270 2413 409 2462 proprie
436 2415 672 2462 praedicatum
699 2417 742 2453 de
762 2417 836 2455 solo
857 2422 953 2456 Deo.

198 2462 262 2497 Ista
289 2476 372 2511 ergo
399 2467 534 2502 Domus
561 2466 703 2503 Estenfis
738 2468 810 2504 sola
845 2470 890 2505 est
914 2470 952 2505 in

198 2512 283 2550 flore
326 2515 422 2553 inter
462 2518 599 2554 Domus
650 2518 814 2568 antiquas
857 2520 955 2557 istius

1048 299 1089 334 de
1116 297 1292 342 Camin0,
1319 294 1359 332 &
1387 296 1428 331 de
1450 298 1631 336 Romano,
1659 299 1693 332 &
1713 298 1811 334 simi-

1048 351 1120 385 les.
1147 350 1194 383 Et
1220 347 1331 383 dicit:

1097 418 1330 426 ------
1355 398 1408 432 che
1433 395 1475 431 m'
1485 410 1569 432 avea
1594 397 1627 431 in
1655 397 1727 433 ira.

1049 453 1098 487 Et
1138 449 1291 494 merito,
1334 448 1416 497 quia
1460 448 1511 484 ira
1553 447 1597 483 est
1633 447 1810 496 appetitus

1051 500 1250 545 vindielae,
1291 499 1449 536 maxime
1476 508 1598 534 contra
1626 499 1814 547 parvipen-

1051 551 1215 591 dentem,
1264 560 1304 588 ut
1344 551 1424 588 vult
1466 548 1698 598 Philosophus
1715 575 1723 584 .
1763 550 1811 586 Et

1051 602 1167 639 dicit:

1102 652 1201 700 Affaa'
1224 653 1283 700 pit>
1309 653 1365 698 ld,
1390 653 1442 688 che
1461 651 1486 686 ’l
1502 652 1601 688 drino
1621 665 1680 687 non
1700 652 1812 689 valea.

1054 706 1134 741 Hoc
1161 712 1345 752 exponunt
1366 702 1501 751 aliqui,
1528 703 1636 743 idest,
1664 703 1812 738 ulterius

1053 768 1157 803 quam
1204 755 1257 804 jus
1304 754 1467 803 exigebat
1485 778 1496 794 ‚
1548 754 1632 802 quia
1678 752 1813 789 scilicet

1054 814 1154 842 extra
1203 804 1374 841 terminos
1415 804 1492 840 suae
1534 803 1813 852 jurisdifi'tionis.

1054 858 1113 892 Tu
1154 869 1238 892 vero
1279 855 1358 899 dic,
1400 854 1546 891 ulterius
1591 868 1696 903 quam
1741 854 1813 902 ipse

1055 906 1219 942 Marchio
1241 906 1404 947 volebat,
1431 905 1515 954 quia
1535 906 1699 950 volebat,
1720 905 1814 952 quod

1056 956 1155 993 fieret
1182 955 1367 992 Venetiis.
1408 958 1457 992 Et
1482 955 1601 992 subdit
1626 955 1685 991 iste
1712 955 1814 1004 spiri—

1056 1017 1133 1051 tus,
1174 1007 1354 1055 quomodo
1381 1016 1519 1056 poterat
1553 1005 1709 1042 faciliter
1733 1019 1814 1041 eva-

1057 1058 1156 1098 dere,
1183 1057 1207 1093 si
1256 1057 1351 1093 refi‘to
1388 1057 1487 1094 cursu
1522 1055 1662 1106 fugiffet
1698 1057 1814 1092 versus

1059 1108 1242 1157 Paduam;
1271 1108 1360 1145 unde
1388 1108 1498 1145 dicit:

1109 1162 1173 1195 Ma
1198 1158 1264 1193 s’io
1284 1159 1354 1204 foffi
1367 1159 1494 1206 suggito
1514 1159 1547 1193 in
1566 1171 1623 1193 ver
1642 1158 1675 1194 la
1700 1158 1813 1196 Mira,

1058 1223 1146 1257 quae
1181 1209 1226 1245 est
1251 1210 1420 1257 quaedam
1449 1208 1548 1245 Villa
1584 1210 1676 1245 ultra
1711 1208 1815 1244 Oria-

1058 1274 1140 1309 gum
1170 1274 1229 1309 per
1255 1261 1325 1296 duo
1352 1259 1546 1308 milliaria3

1109 1310 1282 1357 Quand’io
1303 1310 1591 1358 fu’sovraggiunto
1615 1312 1660 1346 ad
1676 1310 1784 1345 Oriaco
1795 1323 1816 1353 ;

1059 1361 1119 1396 ubi
1147 1370 1245 1396 erant
1273 1360 1499 1411 infidiantes3

1108 1415 1218 1446 Amor
1238 1411 1324 1456 farei
1348 1413 1386 1446 di
1410 1413 1466 1451 ld,
1492 1413 1573 1446 dove
1591 1411 1626 1453 fi
1643 1411 1755 1459 spt‘ra.

1059 1460 1167 1504 1dest,
1193 1461 1231 1496 in
1258 1461 1398 1497 Mundo
1423 1462 1643 1498 viventium.
1669 1464 1717 1498 Et
1737 1463 1816 1498 vult

1059 1510 1212 1547 breviter
1251 1511 1386 1547 dicere:
1429 1511 1453 1546 fi
1494 1525 1560 1561 ego
1600 1512 1816 1561 arripuissem

1058 1560 1175 1610 fugam
1217 1575 1277 1610 per
1316 1562 1427 1610 ripam
1457 1561 1614 1598 fluminis
1642 1564 1816 1602 Brentae‚

1057 1611 1189 1648 direae
1217 1613 1334 1648 versus
1364 1612 1538 1657 Paduam,
1576 1612 1687 1649 adhuc
1713 1614 1816 1649 essem

1058 1663 1152 1698 inter
1188 1662 1313 1707 vivos,
1350 1663 1433 1711 quia
1470 1673 1627 1712 poteram
1664 1663 1817 1699 faciliter

1058 1712 1204 1749 evadere
1229 1726 1309 1748 cum
1337 1727 1428 1761 equo
1465 1713 1581 1750 veloci
1610 1728 1628 1749 a
1656 1714 1817 1750 manibus

1058 1763 1202 1798 illorum
1245 1763 1426 1810 peditum,
1466 1764 1702 1812 perveniendo
1744 1764 1818 1800 cito

1060 1812 1100 1848 ad
1128 1813 1245 1848 locum
1283 1813 1540 1858 habitationis,
1580 1815 1641 1850 ubi
1681 1813 1817 1850 fuiffem

1060 1872 1177 1899 tutus.
1212 1863 1277 1900 Sed
1304 1863 1520 1900 contrarium
1556 1863 1667 1901 fecit.
1708 1863 1816 1901 Unde

1060 1913 1171 1950 dicit:

1110 1963 1198 2006 Corsi
1223 1965 1257 2000 al
1285 1966 1407 2000 palude
1432 1985 1702 1993 -------

1062 2015 1184 2051 reneka
1210 2015 1269 2050 via
1293 2015 1386 2051 3·εὸὶᾶ
1413 2030 1473 2063 per
1497 2015 1726 2052 transversum
1745 2041 1756 2053 ,

1113 2079 1128 2099 e
1153 2067 1182 2100 le
1207 2079 1356 2101 cannucce
1379 2081 1395 2101 e
1410 2065 1435 2100 ’l
1460 2068 1575 2111 braca,
1601 2087 1619 2094 -
1644 2086 1661 2093 ι»
1686 2087 1700 2093 -
1730 2088 1744 2093 ἢ

1063 2115 1167 2165 ipfius
1195 2116 1339 2157 Vallis,

1115 2166 1172 2201 M'
1187 2167 1353 2213 impigliar
1375 2170 1403 2201 si
1417 2192 1430 2207 ,

1064 2217 1169 2261 idest,
1197 2230 1253 2252 me
1278 2217 1576 2265 implicaverunt,

1115 2288 1300 2295 -----
1327 2268 1414 2302 ch’io
1439 2270 1534 2303 caddi
1559 2288 1577 2294 -
1602 2289 1619 2296 —
1645 2290 1661 2296 -
1684 2290 1701 2296 -
1728 2290 1745 2296 ·

1065 2317 1222 2362 scilicet,
1259 2318 1303 2353 ab
1346 2332 1459 2366 equo,
1500 2319 1561 2355 ubi
1601 2319 1755 2356 habilius
1782 2317 1821 2357 ὃς

1066 2369 1178 2405 tutius
1204 2382 1261 2405 me
1287 2369 1526 2406 trucidarunt.
1564 2369 1673 2407 Unde
1707 2371 1818 2408 dicit:

1116 2439 1304 2447 -----
1329 2423 1363 2455 Ε
1388 2421 1412 2453 li
1439 2420 1508 2454 via'
1525 2422 1555 2455 t'o

1120 2473 1168 2504 De
1191 2472 1221 2504 le
1246 2471 1308 2505 mie
1331 2484 1411 2505 vene
1431 2470 1514 2514 sarfi
1537 2472 1573 2506 in
1602 2483 1686 2507 terra
1709 2473 1794 2507 laco-

1067 2519 1164 2566 Quia
1190 2520 1327 2569 sanguis
1353 2534 1451 2557 meus
1469 2531 1566 2559 totus
1585 2522 1726 2559 effluxit
1744 2520 1793 2557 ibi
1810 2548 1819 2559 ›
