2216 3105
407 218 486 260 335
691 206 1152 253 BENVENUTJ
1197 210 1645 254 JMOLENSIS
1831 219 1914 269 335

339 259 414 296 sum
443 262 645 310 aliqualiter
671 266 716 301 est
743 268 955 304 notandum.
984 271 1096 306 Multi
1134 272 1179 316 A*
1209 282 1263 304 me
1290 269 1329 306 «Sc
1356 271 1484 320 frigore
1512 272 1604 307 inter
1631 270 1730 307 nives
1767 272 1962 319 perierunt.

341 311 436 347 enim
465 312 550 371 istud
578 315 785 362 Capitulum
813 318 916 355 facile
941 319 979 356 &
1000 335 1096 369 aper·
1122 328 1125 369 ἦ
1176 323 1181 374 Ι
1208 320 1305 365 Quid
1336 331 1450 357 vetera
1478 321 1631 369 quaero?
1670 321 1799 357 Scribit
1827 322 1965 357 moder-

339 369 416 397 tum
445 362 589 401 dicunt.
629 367 692 402 Sed
720 381 811 404 certe
840 371 928 406 mihi
959 372 1096 407 videtur
1121 372 1125 409 Ξ
1206 383 1269 406 nus
1314 373 1416 407 Poeta
1459 373 1643 409 Boccatius
1685 372 1725 408 de
1761 373 1930 408 Certaldo
1953 400 1963 416 ‚

338 412 442 448 valde
469 414 615 452 difficile
635 418 668 452 8<
697 418 902 459 obscurum,
930 422 963 456 &
994 423 1094 457 habet
1206 421 1298 468 quod
1335 422 1467 470 lapides
1496 423 1627 459 montis
1664 422 1846 458 Faesulani
1884 422 1962 458 sunt

338 465 471 499 multos
494 467 603 502 malos
631 470 804 515 zapellos.
831 471 887 505 Est
914 485 996 519 ergo
1026 473 1095 517 pri-
1208 473 1385 519 plumbei,
1422 475 1453 508 3<
1492 473 1581 509 dicit
1618 473 1780 509 mirabile
1817 473 1858 509 de
1886 474 1962 518 eis,

338 527 399 571 mo
428 514 603 552 sciendum
633 520 671 553 ad
701 519 970 556 declarationem
1001 522 1095 558 istius
1207 522 1299 568 quod
1328 522 1349 557 fi
1379 523 1649 568 exscindantur,
1681 525 1719 559 in
1747 524 1844 559 brevi
1873 533 1962 559 tem—

337 565 482 605 literae,
511 569 603 614 quod
633 570 736 604 multi
760 570 882 605 dicunt
903 571 980 606 heic
1003 574 1093 608 mul·
1208 573 1301 619 poris
1337 572 1449 620 spatio
1487 573 1671 609 certiffime
1708 576 1811 610 novis
1850 575 1962 610 incre-

336 622 373 672 ta
402 615 506 656 falsa,
538 617 716 665 sequentes
743 621 921 656 Chronica
951 623 1095 657 Floren-
1209 622 1603 660 mentis-restaurantur.
1632 625 1761 670 Quod,
1789 624 1811 659 si
1840 638 1961 660 verum

336 676 518 710 tinorum,
546 680 633 714 quae
662 679 795 716 ponunt
822 672 931 706 multa
959 672 1094 720 magni·
1206 671 1251 706 est
1268 699 1278 715 ‚
1316 671 1398 707 satis
1425 673 1602 709 attestatur
1628 685 1770 709 naturae
1807 674 1960 721 ipsorum

337 714 403 750 fica
441 716 520 751 fiR‘:
558 718 597 752 ad
636 720 886 755 exaltationfm
926 721 1003 758 suae
1038 737 1095 771 pa·
1133 723 1160 756 B
1208 721 1354 765 Horum,
1384 736 1530 770 quorum
1561 723 1674 758 semen
1697 723 1867 759 continuo
1887 737 1961 771 ger-

335 765 445 801 triae.
476 769 547 802 Nec
575 769 704 813 miror,
730 771 811 817 quia
837 771 947 808 simile
972 773 1094 809 dicunt
1208 772 1320 806 minat
1358 773 1398 808 de
1434 773 1550 808 radice
1570 800 1579 808 .
1625 773 1804 810 Dardanus
1845 784 1962 810 autem

335 815 515 852 Chronica
546 819 637 865 quali
675 822 834 857 omnium
864 822 1092 865 Civitatum,
1205 836 1274 857 non
1308 822 1376 858 fuit
1404 823 1444 858 de
1482 823 1658 867 Faesulis,
1696 823 1750 859 sed
1787 824 1828 859 de
1855 825 1960 860 Cori-

334 879 422 914 quae
462 868 636 913 viderim,
673 870 757 907 sicut
796 875 1001 913 Ravennae,
1037 877 1092 917 Ja-
1205 873 1293 912 cho,
1328 875 1368 908 ut
1405 874 1491 909 alibi
1528 874 1662 910 distum
1691 874 1754 910 est.
1793 877 1846 910 De
1874 875 1961 910 ami-

332 930 421 953 nuae
447 942 456 956 ‚
501 921 728 957 Veneriarum
754 947 764 962 ,
807 924 841 957 &
886 925 1056 973 Neapolis
1083 952 1092 961 .
1205 923 1290 958 citia
1319 925 1376 958 vel
1404 924 1618 964 inimicitia,
1646 938 1750 973 quam
1780 939 1858 961 cum
1885 928 1959 960 Ro—

333 969 480 1013 Quanto
518 972 628 1019 magis
664 986 746 1020 ergo
784 975 982 1010 Florentini
1019 977 1091 1011 elo-
1204 972 1317 1007 manis
1344 973 1550 1014 habuerint,
1587 975 1678 1022 quasi
1707 974 1799 1010 nihil
1837 975 1957 1011 scribi-

333 1019 551 1066 quentiffizni
580 1022 764 1058 hominum
793 1024 991 1061 studuerunt
1017 1027 1092 1061 lau-
1203 1033 1259 1058 tur
1286 1025 1328 1058 ab
1359 1024 1593 1060 Aufiffiribus.
1630 1026 1784 1060 Memini
1813 1035 1931 1061 tamen
1949 1053 1959 1070 ,

334 1069 434 1105 dibus
476 1070 552 1107 suae
594 1074 722 1108 Terrae
747 1073 759 1108 ἓ
805 1075 937 1110 Dicunt
978 1090 1060 1124 ergo
1081 1103 1090 1120 ,
1202 1074 1295 1121 quod
1324 1075 1446 1110 Florus
1474 1075 1582 1110 dicit:
1613 1077 1651 1109 de
1677 1076 1821 1120 Faesulis
1848 1076 1959 1110 trium-

332 1120 426 1167 quod
457 1122 598 1158 Civitas
628 1124 847 1160 faesularum
885 1126 973 1162 olim
1012 1127 1090 1162 fun-
1200 1125 1394 1169 pha-vimus,
1411 1127 1532 1160 volens
1552 1125 1724 1161 ostendere
1747 1126 1879 1161 debiles
1902 1140 1960 1162 ve-

332 1170 413 1206 data
449 1171 518 1207 fuit
555 1187 573 1208 a
613 1176 704 1223 Rege
735 1177 903 1218 Atlante,
942 1176 1003 1225 qui
1032 1191 1091 1213 ve-
1117 1174 1160 1208 *C
1202 1184 1289 1210 teres
1310 1175 1507 1224 triumphos
1529 1179 1787 1212 Romanorum.
1809 1178 1854 1211 Et
1871 1186 1959 1212 tem-

331 1220 431 1257 niens
473 1236 551 1258 cum
596 1226 764 1271 Apolline
800 1227 989 1276 Astrologo
1031 1227 1090 1263 suo
1202 1239 1284 1274 pore
1311 1226 1490 1262 Catilinae
1519 1226 1700 1262 faesulani
1729 1227 1867 1263 fuerunt
1901 1240 1960 1263 ne-

330 1285 491 1321 magno,
533 1275 701 1322 quaesivit
738 1276 880 1313 fundare
917 1278 1089 1314 nobiliffi-
1199 1275 1380 1324 quiffimae
1417 1277 1691 1324 conjurationis.
1729 1277 1813 1313 Fuit
1840 1287 1959 1314 tamen

331 1336 425 1358 mam
455 1324 652 1361 Civitatem
684 1327 721 1362 in
748 1329 886 1375 optimo
925 1328 987 1364 {itu
1019 1332 1090 1364 Ita-
1172 1359 1174 1365 .
1200 1327 1438 1375 antiquiffima
1466 1330 1594 1366 Terra.
1624 1331 1703 1364 Hoc
1732 1327 1829 1371 scio,
1864 1328 1957 1376 quod

331 1373 420 1409 liae.
457 1377 502 1410 Et
531 1377 623 1421 quod
662 1378 745 1413 haec
781 1380 920 1414 Civitas
958 1379 1089 1428 semper
1199 1378 1328 1425 aliquis
1357 1379 1470 1414 dicet:
1505 1380 1563 1413 Dic
1590 1393 1659 1425 ergo
1685 1389 1720 1412 tu
1747 1379 1848 1418 mihi,
1885 1379 1959 1426 quis

332 1423 400 1460 fuit
419 1425 625 1462 amiciffizna
649 1430 907 1465 Romanorum.
929 1432 974 1464 Et
995 1430 1086 1477 quod
1194 1428 1261 1471 suit
1295 1429 1445 1470 fundator
1472 1430 1699 1474 Faesularum,
1730 1443 1808 1475 qm?
1835 1429 1881 1470 stc
1907 1430 1960 1463 df·

330 1474 413 1511 inde
450 1476 518 1512 fuit
561 1478 742 1514 Dardanus
784 1479 914 1523 primus
951 1480 1088 1515 Αυξὶοι·
1199 1477 1251 1511 [ῗα
1278 1478 1338 1519 est,
1375 1482 1453 1524 quod
1480 1479 1548 1522 fiat
1580 1480 1676 1523 sola?
1713 1480 1828 1521 Dico·
1865 1479 1959 1526 quod

332 1526 482 1568 Troiae.
503 1529 549 1562 Et
570 1527 620 1563 ita
637 1528 677 1563 de
696 1529 837 1564 multis:
862 1544 948 1577 quae
968 1531 1087 1565 omnia
1201 1528 1302 1563 truria
1327 1528 1390 1564 est.
1419 1530 1465 1564 Et
1493 1529 1584 1576 quod
1614 1529 1752 1571 nescio,
1781 1528 1858 1575 quis
1881 1529 1959 1564 fun—

330 1585 455 1624 reputo
482 1577 630 1613 frivola.
668 1580 763 1625 Qiia
792 1582 894 1616 Atlas
935 1584 1006 1616 Rex
1036 1583 1088 1616 A-
1200 1579 1335 1613 daverit
1357 1592 1455 1622 eam,
1483 1592 1545 1614 nec
1567 1580 1728 1626 quando3
1759 1579 1840 1626 quia
1863 1582 1959 1627 prin—

325 1626 462 1666 rfricae,
504 1628 565 1675 qui
606 1628 673 1664 fuit
715 1631 888 1666 maximus
935 1632 1087 1667 Astrolo-
1133 1621 1178 1656 D*

331 1690 421 1725 gns,
458 1679 491 1713 ἃ
520 1679 564 1714 ob
603 1679 668 1715 hoc
698 1680 844 1729 fingitur
881 1681 1087 1729 subportaffe

1202 1628 1292 1677 cipia
1320 1629 1552 1664 maximarum
1577 1629 1778 1664 Civitatum
1806 1628 1901 1677 saepe
1928 1630 1958 1665 i-

1201 1692 1411 1727 gnorantur.
1448 1680 1511 1715 Sed
1550 1680 1650 1714 credo
1688 1678 1898 1721 ce'rtiffime,
1935 1679 1959 1714 fi

332 1729 496 1769 coelum,
533 1743 636 1777 quem
674 1741 791 1766 tamen
830 1734 997 1768 Hercules
1034 1732 1088 1768 su-
1203 1730 1284 1764 baec
1312 1729 1452 1765 Civitas
1490 1729 1605 1764 fuiffet
1634 1738 1752 1764 tantae
1788 1729 1957 1764 nobilita—

334 1779 470 1826 peravit
492 1804 503 1819 ,
550 1793 727 1828 nunquam
768 1781 837 1817 fuit
876 1782 913 1818 in
958 1783 1087 1826 Italia,
1204 1780 1269 1821 tis,
1303 1780 1396 1826 quod
1432 1780 1569 1827 antiqui
1604 1779 1795 1827 Scriptores
1822 1779 1958 1827 aliquid

332 1829 426 1876 quod
455 1829 650 1866 invenerim
679 1845 874 1879 umquam;
911 1835 944 1868 δε
974 1835 1087 1880 Apol-
1174 1847 1178 1872 l
1204 1830 1394 1877 tetigissent
1414 1857 1422 1866 .
1465 1830 1626 1865 Ulterius
1669 1830 1790 1865 dicunt
1812 1857 1822 1873 ‚
1865 1830 1960 1877 quod

333 1881 370 1914 lo
414 1881 527 1915 multo
570 1882 684 1918 minus
702 1910 710 1918 .
752 1886 826 1919 Nec
867 1883 1085 1919 Faesularum
1203 1880 1327 1916 Caesar
1346 1894 1424 1916 cum
1441 1880 1623 1915 duodecim
1648 1880 1868 1927 Principibus
1888 1883 1958 1915 Ro-

334 1930 476 1966 Civitas
518 1931 587 1967 fuit
626 1946 791 1981 umquam
829 1935 959 1970 nobilis
984 1960 994 1974 ,
1032 1937 1087 1970 vel
1205 1931 1314 1966 inanis
1345 1931 1480 1966 obsedit
1507 1931 1703 1966 Civitatem
1734 1930 1959 1966 Faesulanam

334 1980 488 2030 famosa3
526 1982 638 2018 immo
666 1984 707 2019 de
734 1998 772 2020 ea
801 1986 896 2020 nulla
924 1985 964 2020 fit
993 1998 1088 2021 men·
1204 1995 1260 2029 pel·
1287 1981 1416 2027 septem
1445 1994 1573 2023 ἓΰΐίθδ,
1611 1982 1644 2015 3(
1682 1981 1774 2028 Ψέῡῑῖ
1803 1980 1955 2016 tamdem

335 2031 423 2079 ti03
466 2032 503 2067 in
545 2033 623 2070 austu
666 2035 947 2084 magnificentiae
987 2036 1088 2071 dico.
1174 2042 1177 2069 l
1202 2031 1367 2067 destruxit
1395 2045 1468 2067 eam
1499 2046 1517 2066 a
1544 2030 1780 2066 fundamentis
1799 2059 1808 2074 ‚
1839 2033 1869 2065 δ(
1901 2044 1956 2067 ae-

335 2082 398 2117 Sed
428 2082 493 2118 hoc
524 2084 645 2120 dicunt
681 2085 719 2120 in
747 2086 1089 2122 commendationem
1135 2078 1161 2111 E
1202 2083 1362 2118 dificavit
1398 2082 1613 2117 Florentiam
1651 2082 1777 2129 partim
1807 2095 1848 2116 ex
1889 2084 1959 2116 Ro-

336 2138 413 2174 suae
438 2135 586 2182 originis
611 2136 794 2183 antiquae.
823 2137 903 2172 Scio
931 2137 1089 2184 insuper,
1203 2134 1337 2176 manis,
1374 2134 1501 2181 partim
1539 2147 1579 2168 ex
1611 2132 1807 2168 Faesulanis
1839 2131 1880 2166 ad
1917 2131 1958 2166 fi-

337 2185 430 2236 quod
468 2185 594 2221 Livius
631 2185 774 2230 scribit,
811 2188 905 2234 quod
932 2189 1090 2223 Annibal
1204 2184 1442 2219 militudinem
1474 2186 1625 2219 Romae.
1662 2186 1708 2218 Et
1745 2183 1837 2224 quod
1876 2184 1958 2219 Flo—

336 2238 430 2273 inter
459 2235 614 2271 Faesulas
643 2238 675 2271 S<
704 2237 869 2272 Aretium
907 2239 1015 2285 passus
1047 2238 1091 2273 est
1201 2235 1314 2270 tentia
1351 2234 1456 2270 fuerit
1484 2234 1520 2269 in
1549 2233 1703 2269 favorem
1733 2232 1893 2269 Caesa-sis
1921 2233 1959 2268 in

337 2285 491 2324 validam
521 2287 781 2333 tempestatem.
811 2290 885 2323 Nec
913 2288 993 2322 situs
1022 2288 1091 2323 fuit
1205 2286 1305 2321 bellis
1345 2286 1536 2320 civilibus.
1576 2287 1621 2319 Et
1658 2285 1751 2332 quod
1789 2284 1856 2319 fine
1891 2282 1961 2318 risu

337 2336 514 2387 optimus,
552 2336 663 2371 immo
700 2336 888 2384 peffimus,
921 2340 1002 2385 quia
1042 2341 1092 2373 al-
1203 2336 1350 2372 scribere
1378 2350 1447 2371 non
1486 2336 1644 2383 possum,
1682 2335 1830 2377 dicunt,
1867 2333 1960 2380 quod

336 2388 474 2439 pestris,
504 2386 608 2422 nimis
637 2386 753 2434 asper,
780 2390 814 2423 &
841 2388 984 2424 sterilis.
1014 2389 1095 2424 Un-
1203 2390 1364 2423 Lucanus
1385 2415 1393 2428 ,
1422 2400 1529 2434 quum
1558 2386 1642 2421 fecit
1671 2385 1886 2420 mentionem
1915 2383 1958 2419 de

335 2440 379 2476 de
417 2436 607 2480 Radaaasus
652 2440 727 2473 Rex
767 2439 967 2474 Gothorum
1004 2441 1091 2474 olim
1202 2441 1306 2472 Sarno
1350 2437 1476 2485 (quae
1518 2437 1638 2472 omnia
1679 2444 1846 2482 quantum
1890 2433 1956 2468 sint

336 2504 416 2528 curn
438 2488 578 2524 infinita
600 2489 830 2524 multitudine
855 2489 989 2524 suorum
1015 2491 1092 2525 bar·
1200 2503 1287 2524 vana
1315 2488 1547 2535 unusquisque
1576 2486 1777 2532 intelligens
1806 2483 1954 2529 videat)

336 2545 497 2579 batorum
523 2540 561 2577 in
588 2540 774 2577 Montibus
804 2540 1000 2577 Faesulanis
1037 2541 1091 2577 fa·
1115 2539 1120 2585 Ι
1169 2537 1174 2579 ί
1198 2541 1366 2588 loquutus
1394 2539 1438 2574 est
1464 2540 1507 2573 de
1534 2539 1634 2573 Arno
1652 2562 1662 2571 .
1690 2537 1782 2572 Nam
1811 2547 1962 2582 quomo-

1867 2583 1913 2620 do
