2216 3105
197 202 275 244 145
490 185 853 229 DISSERTATJO
898 185 1372 229 DECIMASEPTIMA
1383 216 1396 228 .
1617 194 1694 240 146

234 312 483 366 Praeceptum
516 311 765 366 proteffionis
796 315 832 353 8(
863 311 1128 354 immunitatis
1158 309 1373 354 concessum
1408 307 1653 350 Monasteriis

388 369 734 412 Vallumbrosanae
765 370 1089 424 Congregationis
1119 370 1142 411 ’a
1173 369 1358 411 Conrado
1389 370 1499 409 Duce

530 430 566 469 δε
599 429 833 471 Marchione
864 429 1051 482 Tusciae,
1082 431 1204 470 Anno
1239 443 1362 469 1120.

137 567 161 586 ‚‚
239 545 273 579 N
302 542 444 579 nomine
471 544 614 580 sanstae
634 545 667 580 8<
690 544 893 581 individuae
932 541 975 580 A*

139 617 164 634 ‚‚
263 593 457 629 Trinitatis
484 596 590 629 Anno
612 596 652 630 ab
679 596 895 631 Incarnatio-

140 667 164 684 „
192 653 234 680 ne
257 643 405 678 Domini
428 644 529 680 nostri
556 644 631 688 Jesu
653 645 781 681 Christi
803 645 895 682 Mil-

141 716 166 734 „
195 694 313 730 lelimo
359 693 557 731 Centefimo
599 695 778 743 Vigefimo
825 696 896 744 pri—

143 766 167 783 „
194 745 251 781 die
263 769 375 781 ......
406 745 544 793 Aprilis
571 745 771 782 IndiRione
799 749 898 782 XIII.

143 816 168 834 2,
195 797 359 831 Conradus
386 796 452 830 Dei
481 796 617 843 gratia,
654 796 677 831 fi
716 796 800 844 quid
828 797 872 833 est
891 824 899 833 .

144 866 168 883 η
196 846 367 881 Omnium
405 846 545 893 quidem
581 845 812 883 Ecclefiarum
840 861 899 884 cu-

145 916 169 934 »
198 910 269 932 ram
300 897 381 943 justa
411 896 586 943 potestatis
613 897 706 932 vires
727 897 900 934 divinitus

146 967 171 985 η
199 947 300 983 nobis
331 947 477 981 collatas
514 945 668 982 sollicita
698 947 901 983 meditatio-

148 1016 172 1034 „
201 1011 242 1032 ne
278 997 402 1040 ¹§gestare
437 996 631 1035 debemus,
667 996 722 1032 sed
758 997 901 1033 illarum

149 1066 173 1083 a,
202 1047 355 1082 maxime
375 1045 519 1093 negocia
540 1045 744 1082 substentare
764 1061 826 1082 nos
842 1062 903 1083 ex-

150 1118 174 1135 „
203 1097 321 1144 pedit,
355 1096 391 1131 in
420 1095 546 1142 quibus
573 1096 778 1132 Sanfilorum
806 1097 903 1133 viro—

150 1168 174 1185 „
201 1160 275 1182 rum
295 1145 594 1193 Congregationes
611 1148 802 1194 regularem
826 1161 904 1191 prae

151 1218 174 1235 ‚‚
203 1196 326 1232 ceteris
354 1197 462 1231 vitam
505 1195 709 1232 conservare«
732 1198 905 1245 conspici—

151 1267 175 1284 „
203 1259 304 1281 mus.
342 1247 452 1280 Decet
483 1258 632 1288 namque
660 1255 698 1282 ut
726 1260 812 1293 quos
849 1247 904 1283 sua

152 1316 175 1334 ‚‚
203 1295 313 1344 gratia
335 1295 456 1330 divina
479 1295 638 1341 Majestas
662 1296 827 1337 irradiat,
852 1297 906 1333 di-

152 1367 175 1385 „
204 1345 281 1394 gnis
310 1344 487 1380 beneficiis
515 1345 548 1378 δ(
581 1344 772 1381 honoribus
800 1356 905 1382 terre—

151 1417 176 1434 „
205 1409 248 1431 na
275 1395 421 1443 potestas
458 1395 627 1429 extollat.
667 1397 788 1443 ltaque
824 1397 906 1431 dum

154 1467 177 1483 η
206 1446 242 1482 in
284 1444 434 1482 Tusciae
475 1444 630 1492 partibus
672 1459 733 1492 pro
778 1447 906 1493 justitia

154 1516 178 1534 n
205 1496 360 1532 facienda
391 1496 502 1531 multa
530 1495 618 1530 olim
646 1496 791 1543 negocia
829 1510 907 1543 prae

152 1566 178 1585 2,
207 1547 366 1582 manibus
394 1546 621 1585 haberemus,
659 1555 762 1594 atque
790 1546 830 1582 ad
859 1546 908 1582 ef-

154 1616 178 1635 „
206 1597 336 1633 fe&um
373 1609 528 1644 quaeque
565 1609 627 1643 pro
662 1597 834 1644 qualitate
859 1597 908 1632 fa-

155 1667 180 1686 „
207 1648 342 1683 &orum
380 1647 503 1682 ducere
531 1659 609 1682 cum
638 1646 758 1682 nostris
795 1647 909 1682 fideli-

155 1713 180 1734 „
208 1697 270 1732 bus
298 1697 544 1737 tra&aremus‚
581 1710 690 1742 eoque
726 1697 767 1732 de
794 1698 909 1733 diver-

157 1766 181 1784 „
209 1745 248 1781 sis
286 1745 485 1781 Provinciis
522 1745 696 1786 copiosam
733 1748 767 1781 8<
806 1748 909 1782 innu-

157 1815 182 1834 „
210 1795 412 1831 merabilem
441 1795 614 1831 exercitus
639 1809 780 1831 manum
809 1798 910 1832 undi-

158 1865 183 1883 υ
211 1860 278 1893 que
305 1846 573 1895 colligeremus,
611 1846 778 1882 Ecclefias
807 1861 911 1882 vene-

159 1916 184 1934 „
211 1895 374 1932 rabilium
422 1894 748 1945 Congregationum
795 1897 911 1932 Valli—

160 1965 185 1984 „
213 1945 430 1985 sumbrosae,
466 1947 500 1981 &
538 1959 658 1981 eorum
696 1947 773 1982 loca
801 1960 819 1982 a
846 1961 910 1982 no—

161 2015 186 2034 „
213 1996 307 2036 stris,
334 1996 434 2032 nobis
461 1996 726 2044 ignorantibus,
754 1997 911 2032 molesta-

163 2065 187 2083 „
214 2047 244 2082 ri
285 2046 523 2094 persenfimus.
564 2047 670 2092 Quod
708 2060 776 2081 non
815 2047 911 2083 surda

162 2115 186 2133 n
214 2110 294 2132 aure
317 2097 517 2136 audientes,
542 2106 642 2132 tanto
662 2096 839 2133 ardentius
860 2109 912 2133 at-

163 2166 187 2186 „
215 2160 282 2193 que
309 2146 463 2182 velocius
491 2146 688 2193 hujusmodi
718 2147 912 2193 impietatis

163 2216 189 2235 2,
215 2196 369 2236 facinus,
390 2210 458 2231 non
479 2197 586 2232 solum
606 2196 838 2245 praesentibus
856 2212 915 2234 ve-

163 2272 188 2291 „
215 2260 291 2282 rum
318 2247 423 2281 etiam
447 2246 572 2282 futuris
592 2248 828 2294 temporibus,
856 2248 915 2283 de-

164 2321 188 2340 „
216 2297 389 2332 crevimus
409 2295 564 2332 funditus
585 2297 780 2344 extirpare,
804 2311 913 2346 quan—

163 2373 187 2391 „
215 2356 253 2382 to
281 2345 475 2395 religiosius
501 2355 604 2393 atque
631 2345 833 2391 fingularins
855 2362 913 2383 eo—

163 2424 188 2442 „
215 2411 290 2432 rum
313 2396 611 2432 conversationem
635 2396 755 2433 nostris
779 2407 915 2444 tempo—

163 2473 188 2491 „
216 2447 310 2483 ribus
340 2446 504 2482 novimus
540 2460 618 2494 prae
647 2447 771 2483 ceteris
808 2448 914 2483 dimi-

163 2523 189 2542 „
216 2511 315 2533 care.
352 2496 467 2544 Igitur
492 2497 573 2534 dum
603 2498 700 2545 juxta
735 2498 916 2534 Paffioria-

260 2552 350 2584 Tom.
376 2549 438 2583 III.

999 570 1024 587 ‚,
1051 557 1135 580 num
1162 544 1343 583 Castrum,
1380 541 1440 579 ubi
1468 555 1536 578 una
1563 554 1606 576 ex
1633 553 1755 577 eorum

1000 620 1023 637 ‚‚
1052 594 1206 630 maxime
1233 592 1581 643 Congregationibus
1611 591 1756 639 religio-

1001 671 1024 687 „
1052 645 1085 680 sa
1112 644 1375 681 conversatione
1404 642 1617 690 praefulget,
1645 641 1757 677 noller

1002 720 1024 737 ‚,
1053 696 1226 731 exercitus
1254 695 1311 731 sua
1339 693 1441 730 castra
1478 694 1634 730 locaret,
1672 704 1756 726 con—

1002 770 1024 787 „
1053 745 1160 793 tigit,
1188 755 1227 782 ut
1248 758 1367 782 eorum
1389 757 1462 788 res,
1483 755 1672 789 eorumque
1691 740 1755 776 ho-

1003 821 1025 837 „
1053 796 1165 831 mines
1201 810 1264 845 pro
1300 793 1528 843 Albergariae
1564 791 1755 828 offenderet

1003 870 1026 887 ‚‚
1053 846 1251 892 occasione,
1287 848 1320 882 δι
1358 854 1479 881 contra
1506 842 1653 878 nostram
1692 855 1755 877 vo-

1003 921 1027 938 „
1054 897 1228 933 luntatem
1259 896 1518 944 aliquantulum
1557 892 1754 928 infestaret.

1003 971 1027 988 ,‚
1055 947 1157 982 Unde
1186 947 1373 995 praefatam
1400 943 1613 980 occafionem
1643 943 1684 977 ab
1707 942 1755 977 eis
1810 939 1812 941 ’

1003 1021 1026 1038 ‚‚
1054 1011 1242 1045 eorumque
1270 998 1358 1033 locis
1385 994 1534 1031 omnino
1559 991 1756 1028 subtrahere

1004 1072 1027 1088 „
1055 1048 1259 1095 cupientes,
1300 1045 1525 1083 conceffimus
1566 1043 1614 1078 eis
1656 1043 1757 1089 hujus

1005 1122 1028 1138 „
1056 1097 1287 1133 institutionis
1308 1096 1437 1132 nostrae
1457 1094 1683 1140 rescriptum,
1704 1092 1758 1127 fu-

1006 1171 1028 1188 „
1056 1147 1144 1182 turis
1166 1147 1402 1195 temporibuS,
1424 1155 1463 1180 ut
1483 1143 1676 1181 credimus,
1698 1141 1757 1177 sub

1006 1221 1029 1238 ‚,
1058 1197 1125 1232 Dei
1169 1198 1280 1245 gratia
1321 1195 1539 1244 profuturum
1566 1219 1576 1235 ‚
1627 1192 1757 1227 nostrae

1007 1271 1030 1288 ,‚
1058 1247 1269 1295 praesentiae
1306 1244 1514 1282 aucloritate
1551 1243 1729 1278 suffultum
1748 1269 1757 1285 ,

1006 1321 1030 1337 ,.
1058 1299 1320 1344 multorumque
1361 1294 1561 1331 testimonio
1598 1306 1759 1340 compro-

1008 1371 1030 1387 „
1059 1348 1176 1382 batum
1195 1375 1203 1383 .
1241 1347 1310 1382 Cui
1347 1344 1534 1381 interfuere
1563 1343 1758 1378 fridericus

1008 1421 1031 1437 ‚‚
1059 1397 1279 1432 Marchionis
1331 1398 1448 1443 Nepos
1473 1422 1484 1438 ‚
1525 1393 1728 1428 Artiminus
1747 1419 1756 1434 ‚

1007 1470 1031 1486 η
1060 1447 1295 1488 Lambertus‚
1336 1448 1464 1481 Comes
1506 1443 1682 1479 Arnaldus
1720 1441 1758 1477 ἃ.

1009 1520 1032 1536 ,‚
1060 1496 1165 1532 frater
1191 1497 1311 1535 illius,
1339 1495 1425 1531 item
1454 1494 1659 1529 Adelelmus
1689 1495 1760 1527 Im-

1010 1569 1033 1587 „
1062 1546 1229 1596 peratoris
1249 1545 1507 1594 Cappellanus,
1535 1543 1640 1591 guido
1666 1542 1760 1577 filius

1011 1620 1034 1636 n
1063 1597 1203 1633 Alberti
1219 1626 1227 1638 ,
1248 1596 1334 1645 Ugo
1361 1594 1455 1630 filius
1480 1593 1642 1641 Ugonis,
1664 1595 1761 1627 Hen-

1012 1670 1034 1686 n
1062 1648 1153 1683 ricus
1190 1646 1284 1682 filius
1325 1644 1568 1686 Theudorici,
1612 1644 1761 1677 Ubertus

1011 1720 1034 1737 ‚,
1063 1696 1300 1742 Ildeprandini
1342 1695 1436 1731 filius
1453 1722 1462 1737 ,
1506 1693 1680 1741 Ugolinus
1723 1692 1763 1726 fi-

1011 1769 1035 1787 „
1063 1748 1131 1783 lius
1147 1747 1277 1784 Uberti
1291 1775 1301 1789 ‚
1319 1744 1541 1785 Ildeorandus
1557 1743 1650 1778 filius
1667 1745 1765 1777 Hen—

1013 1820 1036 1837 „
1064 1798 1152 1841 rici,
1182 1796 1358 1833 Rolandus
1384 1796 1478 1831 filius
1504 1792 1763 1840 Ildeprandini,

1013 1869 1037 1887 ‚2
1065 1848 1270 1894 Arnulphus
1301 1847 1342 1881 de
1378 1846 1557 1884 Maitura.
1595 1843 1765 1878 Gerardus

1013 1919 1038 1937 ,ν
1066 1898 1160 1933 filius
1188 1897 1336 1933 Azolini
1365 1896 1405 1931 de
1434 1894 1591 1941 Pognio,
1622 1894 1656 1928 8<
1684 1892 1767 1927 reli-

1015 1969 1038 1988 „
1066 1947 1127 1996 qui
1150 1949 1283 1996 plures.
1312 1946 1450 1992 Quibus
1471 1944 1578 1980 etiam
1599 1943 1681 1978 viva
1704 1956 1765 1976 vo-

1015 2019 1039 2036 „
1068 2011 1106 2033 ce
1133 1996 1391 2045 praecepimus,
1419 2009 1460 2030 ne
1491 2008 1549 2030 eos
1579 2005 1767 2038 eorumque

1016 2069 1039 2086 s,
1067 2047 1227 2082 homines
1255 2047 1400 2082 ulterius
1421 2046 1457 2082 in
1477 2044 1597 2091 aliquo
1621 2042 1768 2078 audeant

1015 2119 1040 2136 η
1068 2098 1266 2138 molestare,
1303 2096 1415 2131 immo
1451 2094 1668 2130 molest-antes
1705 2106 1769 2127 no-

1017 2169 1040 2186 „
1067 2148 1123 2184 stri
1153 2148 1231 2183 vice
1258 2146 1412 2182 studeant
1439 2159 1501 2193 pro
1522 2144 1656 2180 viribus
1677 2148 1771 2178 coer—

1017 2219 1040 2236 „
1069 2212 1163 2234 cere.
1193 2200 1368 2244 Rogamus
1389 2196 1495 2231 etiam
1517 2204 1620 2241 atque
1647 2206 1771 2241 rogan-

1017 2269 1042 2287 „
1069 2249 1114 2284 do
1150 2247 1409 2296 praecipimus,
1446 2255 1484 2281 ut
1521 2246 1638 2279 nullus
1675 2243 1772 2278 dein—

1017 2320 1041 2337 „
1069 2312 1147 2345 ceps
1175 2300 1279 2336 Dux,
1310 2296 1496 2339 Marchio,
1524 2294 1679 2335 Comes,
1708 2293 1772 2327 Vi-

1017 2369 1042 2387 „
1070 2362 1251 2391 cecomes,
1288 2347 1492 2388 castaldio,
1529 2346 1625 2379 nulla
1664 2344 1774 2389 major

1019 2420 1043 2437 n
1071 2399 1231 2434 minorve
1269 2397 1409 2445 persona
1446 2406 1517 2431 tam
1553 2394 1773 2430 Clericorum

1019 2470 1043 2487 s,
1071 2462 1174 2496 quam
1197 2448 1406 2485 Laicorum.
1434 2460 1492 2481 eos
1512 2457 1699 2489 eorumque
1720 2443 1773 2476 lo-

1020 2520 1045 2538 „
1073 2512 1133 2543 ca,
1161 2511 1248 2545 quae
1269 2496 1374 2533 modo
1395 2496 1544 2533 habent,
1572 2495 1628 2529 vel
1653 2493 1690 2526 in
1714 2504 1774 2525 an—

1184 2549 1220 2583 K
1621 2566 1644 2585 „
1673 2550 1727 2576 tea
