2216 3105
340 236 423 285 613
634 224 884 268 COMMEN
890 225 937 268 T.
968 224 1035 268 IN
1062 221 1191 269 DAN
1200 219 1291 263 TIS
1316 217 1557 261 COMOED.

278 288 323 324 est
358 287 400 323 ad
436 293 548 322 totam
590 283 884 321 Romandiolam.

277 338 392 374 statim
420 336 568 373 ostendit
585 365 595 381 ,
637 335 731 384 quod
759 348 857 370 amor
884 333 922 371 ὅ(
951 335 1040 371 libe-

279 390 400 425 ralitas
428 387 562 424 receffit
588 386 629 422 de
657 386 769 435 patria
797 386 876 421 sua.

331 445 358 474 O
385 439 548 474 Bretinoro
573 457 891 464 --------

282 490 373 526 Heic
419 489 537 524 Guido
584 501 662 524 cum
700 488 821 524 dolore
864 487 1041 523 convertit

283 540 472 575 sermonem
503 540 543 574 ad
573 539 720 587 patriam
761 537 882 581 suam,
924 538 1041 574 dicens

284 604 362 626 cum
388 590 666 626 exclamatione:
697 594 723 624 Ο
744 589 929 624 Bretinoro!
954 588 1042 623 Istud

285 641 331 676 est
360 640 613 676 nobiliffimum
643 640 832 676 Castellum
850 664 860 679 ‚
888 638 980 687 quasi
1006 639 1043 674 in

287 703 406 727 centro
437 690 690 727 Romandiolae
717 691 754 726 in
783 699 904 725 monte
942 689 1042 725 fitum

287 743 386 789 supra
414 742 635 785 Forlivium,
662 741 790 776 habens
810 740 1045 789 pulcherrima

286 792 448 831 moenia,
489 793 522 827 δ(
551 793 628 827 loca
656 804 802 827 amoena
828 792 863 826 &
890 789 1044 826 fertilia.

337 847 388 877 che
415 856 475 877 non
497 843 594 890 fuggi
619 842 706 878 via?

288 893 379 941 quasi
426 894 542 928 dicat:
595 894 669 929 Cur
713 905 785 928 non
830 891 960 928 recedis
1006 891 1047 926 de

289 947 461 981 Contrata
478 942 489 978 ?

340 995 399 1029 Poi
425 994 476 1028 che
499 994 573 1041 gita
593 993 629 1038 se
655 993 714 1028 n'&
733 995 766 1029 la
786 1005 843 1029 tua
862 992 1048 1039 Famt‘glia,

288 1044 393 1084 idest,
421 1054 493 1079 tam
522 1044 653 1081 nobilis
680 1046 713 1080 δ(
736 1043 878 1084 curialis
899 1042 1047 1079 defecit:

342 1098 374 1129 E
402 1096 496 1128 molta
519 1106 612 1142 gente
637 1115 824 1123 -----

292 1159 379 1194 quae
407 1155 479 1180 erat
508 1147 618 1181 bona:

344 1217 529 1222 -----
554 1207 611 1241 per
637 1210 695 1231 non
724 1195 794 1242 effer
821 1196 890 1231 ria.

293 1246 397 1285 idest,
426 1246 580 1286 receflh,
608 1260 651 1281 ne
679 1247 909 1282 reservaretur
931 1245 972 1282 ad
993 1244 1052 1280 ista

292 1305 451 1343 tempora
493 1310 620 1342 prava.
666 1298 713 1332 Et
760 1296 838 1332 heic
866 1306 971 1335 nota,
1014 1304 1053 1330 ut

292 1347 441 1395 videasg
483 1346 506 1381 fi
547 1360 672 1394 magna
713 1347 883 1383 nobilitas
912 1346 1053 1394 vigebat

292 1398 397 1446 paulo
424 1406 505 1432 ante
532 1398 569 1432 in
592 1397 820 1436 Bretenorio,
848 1397 940 1444 quod
965 1406 1054 1431 tem-

293 1460 375 1495 pore
403 1446 499 1482 istius
527 1448 703 1482 Gnidonis
721 1475 730 1489 ‚
758 1449 897 1493 quando
926 1446 1054 1493 aliquis

292 1497 350 1531 vir
376 1497 509 1531 nobilis
537 1496 575 1532 ὅ(
604 1497 822 1531 honorabilis
856 1497 1054 1543 applicabat

292 1546 335 1582 ad
377 1548 545 1585 Terram,
590 1559 714 1595 magna
756 1546 940 1582 contentio
981 1555 1054 1581 erat

293 1597 388 1633 inter
416 1599 546 1632 multos
576 1597 726 1633 Nobiles
754 1596 794 1633 de
824 1596 1054 1636 Bretenorio,
1080 1632 1081 1635 ,

293 1647 333 1683 in
370 1647 466 1695 cujus
503 1647 647 1683 domum
687 1647 750 1683 ille
790 1648 872 1683 talis
915 1646 1081 1683 forensis,

297 1697 436 1732 deberet
463 1697 661 1732 declinare.
691 1699 837 1743 Propter
858 1698 951 1745 quod
973 1711 1057 1733 con-

299 1745 451 1782 corditer
477 1756 716 1781 convenerunt
743 1747 836 1782 inter
873 1747 927 1786 se,
964 1747 1058 1794 quod

301 1797 464 1832 columna
502 1796 638 1844 lapidea
675 1794 840 1843 figeretur
875 1796 913 1832 in
942 1796 1058 1832 medio

302 1848 434 1892 plateae
473 1860 552 1883 cum
581 1847 704 1882 multis
740 1846 879 1883 annulis
920 1846 1058 1882 ferreis.

301 1899 348 1932 Et
387 1899 503 1933 omnis
544 1896 787 1945 superveniens
831 1898 911 1933 effet
938 1897 1059 1945 hospes

301 1947 422 1991 illius,
464 1948 505 1983 ad
547 1948 644 1996 cujus
687 1949 857 1984 annulum
898 1949 1060 1997 alligaret

303 2011 427 2046 equum
444 2025 452 2034 .

353 2052 422 2083 Ben
447 2050 483 2092 fa
510 2071 697 2078 -----

303 2100 396 2135 Heic
424 2099 543 2135 Guido
570 2101 794 2136 commendat
830 2112 934 2136 unam
970 2101 1060 2135 Ter-

303 2162 377 2184 ram
406 2150 446 2183 ab
475 2163 538 2193 eo,
570 2151 662 2198 quod
691 2151 802 2186 adhuc
828 2150 958 2186 retinet
985 2149 1062 2186 suos

306 2199 454 2236 Nobiles
482 2200 706 2244 depravatos.
736 2200 839 2236 Dicit
864 2212 968 2249 ergo:

355 2253 424 2285 Bm
447 2251 485 2294 fa
513 2252 724 2294 Bagnacaval
749 2272 766 2278 -
793 2271 809 2277 -
835 2271 852 2277 -
877 2271 894 2277 -

304 2303 478 2349 Magnum
506 2299 666 2337 Castrum
694 2301 740 2337 est
766 2300 860 2337 inter
888 2301 1060 2345 Imolam,

306 2354 509 2388 Ravennam
548 2353 581 2387 δε
624 2351 859 2391 Faventiam,
907 2352 941 2386 8(
969 2351 1063 2399 quod

304 2401 428 2437 habuit
456 2402 544 2437 olim
573 2403 736 2439 Comites
762 2403 922 2448 nobiles,
950 2403 1062 2439 curia-

303 2452 409 2489 litate
439 2454 580 2501 plenos:

355 2524 371 2529 -
397 2525 413 2530 -
441 2524 458 2530 -
484 2525 501 2532 ·-
528 2504 578 2539 che
605 2518 664 2540 non
692 2503 839 2552 rifiglia,

301 2552 407 2596 idest,
449 2567 522 2591 non
557 2555 674 2605 gignit
702 2556 853 2606 amplius
879 2554 996 2592 dulces
1023 2552 1065 2590 fi-
1091 2564 1097 2594 Ξ

1768 223 1853 270 614

937 284 1039 320 Unde
1071 287 1124 321 A<
1150 281 1216 317 lios
1244 279 1343 321 suos,
1371 277 1463 326 quod
1492 278 1561 326 jam
1589 276 1640 312 sui
1664 274 1800 312 nobiles
1821 285 1909 310 tem-

1151 345 1233 380 pore
1261 328 1430 366 Auffloris
1468 341 1530 376 pro
1567 340 1692 376 magna
1728 335 1826 376 parte
1853 325 1911 361 de-

1151 382 1325 419 fecerant:

1203 436 1236 468 E
1262 432 1327 467 mal
1348 430 1387 475 fa
1413 428 1613 473 Castromw,
1639 449 1656 454 -
1674 431 1699 454 '-
1726 448 1743 453 -
1768 448 1784 454 -

1154 483 1287 521 Nobile
1327 480 1508 525 Castrum,
1557 480 1592 515 8<
1633 479 1714 513 vere
1760 477 1913 516 clarum,

1154 534 1252 583 supra
1280 532 1478 569 Forlivium
1508 530 1545 566 in
1582 529 1686 564 Valle
1724 526 1915 563 Montoni.

1155 585 1266 633 Cujus
1294 583 1455 620 Comites
1482 580 1587 616 hodie
1607 579 1806 615 defecerunt
1822 604 1831 612 .
1851 575 1916 612 Sed

1156 645 1240 672 tunc
1268 634 1378 671 adhuc
1406 633 1595 681 vigebant,
1637 630 1692 666 sed
1732 628 1917 677 degenera—

1158 688 1242 722 bant
1270 700 1288 721 a
1315 684 1505 720 nobilitate
1533 681 1704 730 majorum
1721 706 1730 715 .

1210 756 1396 763 -----
1423 748 1439 769 e
1462 733 1576 780 peggio
1602 732 1728 775 eonio,

1159 787 1249 824 Istud
1278 786 1345 823 fuit
1372 784 1562 821 Castellum
1589 783 1694 830 longe
1735 780 1776 816 ab
1805 780 1919 815 Imola

1159 851 1219 887 per
1246 836 1302 873 sex
1331 835 1521 878 milliaria,
1549 833 1642 881 quod
1671 831 1775 867 hodie
1802 829 1920 865 omni-

1160 902 1206 924 no
1235 901 1304 923 non
1332 886 1466 922 exstat.
1508 884 1572 920 Sed
1610 882 1716 918 multi
1754 880 1918 917 Comites

1161 940 1233 987 ejus
1262 947 1359 974 erant
1388 947 1544 984 tempore
1582 933 1772 974 Auctoris,
1810 932 1844 965 δε
1884 943 1921 964 a-

1161 989 1272 1027 dhuc,
1301 987 1404 1023 hodie
1433 986 1531 1022 sunt.
1558 984 1643 1020 Ideo
1671 982 1779 1018 dicit:
1810 994 1825 1014 e
1843 991 1919 1027 peg-

1158 1040 1213 1086 gio
1240 1039 1366 1080 C0÷³io,-
1392 1037 1536 1085 supple,
1564 1034 1650 1069 facit
1666 1060 1676 1076 ,
1704 1032 1787 1081 quia
1811 1043 1921 1079 quan—

1162 1099 1201 1125 to
1228 1089 1350 1125 habuit
1380 1087 1564 1130 meliores,
1603 1092 1702 1120 tanto
1743 1094 1835 1118 nunc
1863 1094 1921 1130 pe-

1136 1177 1138 1185 ‚
1164 1141 1273 1189 jores.
1304 1139 1386 1174 Ideo
1413 1137 1527 1173 dicit:

1214 1191 1278 1225 Che
1303 1190 1340 1224 di
1360 1188 1478 1235 figliar
1503 1187 1553 1222 tai
1578 1185 1674 1220 Comi
1699 1206 1716 1211 -
1743 1205 1759 1211 -
1785 1204 1802 1210 «-

1163 1241 1270 1283 idest,
1299 1252 1415 1288 parere
1442 1248 1514 1274 tam
1543 1237 1751 1286 degeneres:

1214 1311 1402 1318 -----
1427 1290 1486 1333 pia
1511 1287 1537 1322 s’
1550 1287 1698 1333 impiglt'a
1715 1313 1726 1329 ,

1165 1344 1212 1377 Et
1241 1350 1356 1377 tamen
1385 1340 1440 1375 isti
1468 1338 1580 1374 adhuc
1607 1337 1712 1372 hodie
1740 1335 1781 1370 de
1809 1334 1923 1370 virtu-

1164 1402 1198 1427 te
1225 1391 1371 1439 antiqua
1399 1391 1551 1425 multum
1579 1388 1732 1424 retinent
1769 1386 1808 1421 in
1844 1384 1924 1420 stre-

1164 1442 1301 1478 nuitate
1329 1453 1526 1476 armorum.

1216 1496 1285 1528 Ben
1309 1492 1446 1535 saranno
1472 1511 1659 1517 -----

1166 1543 1258 1580 Heic
1286 1543 1405 1577 Guido
1442 1540 1665 1576 commendat
1706 1537 1862 1574 nobilem
1891 1550 1928 1572 a-

1166 1595 1251 1630 liam
1280 1593 1419 1639 stirpem
1462 1592 1503 1627 de
1532 1589 1790 1633 Romandiola,
1832 1587 1927 1623 scili-

1167 1653 1222 1680 cet
1265 1645 1441 1692 Pagarum,
1485 1641 1547 1689 qui
1589 1640 1783 1675 habuerunt
1811 1637 1927 1673 domi-

1167 1695 1265 1730 nium
1295 1694 1332 1729 in
1362 1692 1542 1728 montibus
1570 1691 1668 1740 supra
1709 1690 1861 1726 Imolam
1890 1687 1928 1724 δε

1170 1745 1398 1782 Paventium,
1440 1755 1588 1790 quorum
1618 1741 1836 1777 territorium
1865 1752 1929 1774 vo—

1170 1795 1312 1830 cabatur
1347 1797 1463 1828 Podere
1499 1796 1719 1839 Paganorum.
1761 1793 1814 1825 De
1842 1802 1930 1836 quo-

1170 1857 1246 1880 rum
1288 1843 1388 1891 stirpe
1426 1852 1497 1878 erat
1534 1852 1617 1877 tunc
1661 1854 1748 1877 unus
1786 1840 1930 1875 nomine

1171 1893 1425 1942 Maghinardus
1444 1917 1454 1932 ,
1501 1892 1561 1940 qui
1608 1891 1740 1926 nobilis
1785 1902 1930 1938 genere,

1172 1945 1315 1994 pulcher
1342 1957 1507 1992 corpore,
1535 1942 1636 1977 fortis
1664 1940 1823 1980 viribus,
1851 1940 1932 1975 stre-

1173 2009 1260 2031 nuus
1297 2007 1500 2036 armorum,
1542 1992 1690 2028 habebat
1732 1990 1932 2026 dominium

1175 2044 1365 2082 faventiae
1392 2046 1424 2080 ἃ
1455 2044 1610 2087 Imolae‚
1647 2041 1758 2078 audax
1789 2051 1828 2083 ut
1856 2042 1934 2080 leo,

1176 2097 1272 2145 cujus
1300 2095 1448 2144 gestabat
1475 2093 1688 2143 Insignium.
1729 2091 1844 2129 Modo
1880 2091 1935 2127 di-

1177 2147 1226 2183 cit
1255 2145 1335 2182 iste:

1229 2201 1297 2233 Ben
1319 2197 1458 2241 saranno
1485 2196 1497 2230 ί
1522 2200 1636 2241 Pagan
1663 2214 1855 2222 -----

1178 2251 1338 2294 Quorum
1367 2247 1503 2282 familia
1531 2246 1654 2281 habuit
1692 2244 1828 2292 aliquos
1867 2243 1938 2279 cla-

1178 2313 1234 2335 ros
1278 2299 1393 2338 viros,
1434 2297 1519 2333 ficut
1558 2299 1699 2332 Petrum
1731 2298 1940 2345 Paganum‚

1178 2351 1212 2385 &
1241 2349 1353 2397 alios3
1382 2362 1469 2396 quae
1497 2347 1563 2383 erit
1584 2357 1668 2383 tunc
1689 2345 1800 2389 felix,
1828 2358 1939 2393 quan-

1178 2400 1223 2436 do
1259 2398 1424 2435 deficient
1462 2398 1632 2442 omnino,
1672 2397 1755 2445 quia
1795 2394 1940 2444 Maghi-

1179 2450 1303 2487 nardus
1349 2449 1499 2487 infamat
1543 2462 1620 2486 eam
1665 2461 1758 2485 nunc
1793 2446 1938 2484 vivens,

1179 2501 1263 2538 Ideo
1289 2500 1377 2537 dicit
1395 2513 1404 2536 ι

1767 2601 1896 2633 --do
