2216 3105
288 224 371 266 ⁸349

228 266 344 304 [navis
379 264 534 313 respectu
570 266 682 300 malae
726 264 847 300 uxoris
868 291 879 307 ,
925 278 1010 310 per
1019 267 1054 300 A

229 318 323 354 diem
344 329 413 351 non
434 315 562 350 habens
582 315 734 353 bonum,
762 328 822 362 per
842 313 982 351 noctem
1008 321 1011 331 '

226 368 343 417 pejus.
372 365 472 403 Dicit
498 378 581 413 ergo
606 365 666 400 iste
693 365 734 400 de
763 364 820 400 se:

277 420 325 452 Et
347 417 394 456 io,
420 416 473 451 che
493 416 576 463 posto
592 416 651 461 son
670 429 722 450 con
742 417 804 449 loro
827 415 861 449 in
881 428 958 450 croce
972 440 982 455 ‚

227 467 314 503 Idest
342 467 380 502 in
407 466 528 502 eodem
557 466 714 502 cruciatu
740 467 773 501 ἃ
805 479 912 514 poena
943 465 982 500 s1-
1009 476 1011 491 v

227 527 287 553 cut
315 516 388 552 sum
415 516 578 552 fimiliter
603 529 682 552 curn
719 517 768 552 eis
796 516 834 551 in
861 517 982 552 eodem
1009 532 1011 547 ι

226 567 384 615 tripudio
401 595 412 612 ‚

269 621 300 663 J
302 630 391 665 acopo
419 617 596 661 Rusticum'
615 618 669 663 fui
694 637 883 646 -----

226 670 274 705 Et
301 681 380 705 ecce
408 667 544 704 causam

277 738 677 746 ----------
703 734 719 754 e
744 729 821 759 certo

278 773 329 804 La
341 769 426 814 fiera
447 770 558 816 moglie
572 770 634 816 pii.
652 769 697 803 cb’
713 771 794 804 altro
813 769 857 803 mi
881 782 950 804 noce
963 795 971 804 .

226 820 463 856 Maledicatur
478 820 537 856 ista
558 819 755 856 excusatio.
773 820 871 855 Fecit
891 820 984 855 enim

227 870 287 906 iste
315 883 411 905 more
451 869 605 917 Orphei,
649 870 732 917 qui,
776 881 814 905 ut
850 870 985 905 dietum

227 921 295 962 est,
324 920 458 968 perdita
485 934 593 956 uxore
620 919 700 959 sua,
728 920 844 968 coepit
869 921 907 955 in
931 930 986 956 to-

227 980 304 1006 tum
327 971 481 1019 spernere
501 970 734 1006 foemininum
756 983 882 1018 genus:
907 983 986 1018 pro-

227 1031 306 1069 pter
332 1021 425 1068 quod
454 1021 616 1057 mulieres
644 1030 760 1056 totum
783 1021 885 1056 illum
908 1034 985 1056 cru-

227 1071 353 1107 deliter
379 1072 599 1107 lacerarunt.
637 1073 691 1107 Ita
727 1073 807 1106 vere
844 1071 986 1107 contin-

227 1130 323 1170 geret
358 1121 515 1166 talibus,
552 1121 635 1170 quia
672 1122 851 1170 pauciores
888 1135 985 1170 repe-

228 1171 391 1208 riuntur.

477 1223 541 1258 Ad
568 1222 650 1267 Vers.
681 1234 740 1269 33.

278 1276 382 1307 Tanto
402 1273 454 1306 che
473 1273 580 1310 tardi,
607 1283 692 1306 tutta
705 1272 737 1312 fi
755 1273 911 1319 dispaglia
927 1286 946 1315 ‚·

225 1323 272 1357 Et
312 1321 390 1357 heic
430 1321 591 1360 adverte,
632 1321 725 1368 quod
766 1322 844 1357 heic
872 1322 983 1368 aliqui

224 1371 348 1407 dicunt
392 1371 657 1420 imprudenter,
707 1372 800 1418 quod
846 1372 984 1407 Aufflor

223 1421 301 1458 heic
329 1421 448 1457 innuit
476 1422 602 1460 tacite,
631 1421 725 1468 quod
768 1421 837 1456 fuit
865 1421 982 1457 foeda-

222 1481 278 1508 tus
307 1472 371 1507 isto
399 1472 521 1506 morbo
540 1499 550 1514 ‚
578 1471 614 1506 in
643 1485 684 1506 eo
712 1471 804 1518 quod
833 1471 981 1507 ostendit

221 1521 255 1557 se
283 1522 438 1570 compati
467 1522 561 1557 illis.
604 1522 666 1557 Sed
709 1521 794 1556 istud
832 1522 876 1557 est
904 1536 980 1557 om-

222 1572 309 1608 nino
337 1572 460 1608 falsum
497 1574 530 1607 &
569 1572 750 1607 absurdum
793 1571 900 1608 nimis
927 1573 981 1608 di—

222 1636 320 1658 cere.
362 1622 458 1668 Quia
493 1622 632 1658 Αυᾶὶοι·
673 1622 821 1659 ostendit
849 1623 980 1662 toties,

221 1672 255 1708 se
281 1673 437 1717 compati
465 1672 608 1712 multis,
650 1672 735 1708 ficut
774 1673 835 1708 uni
863 1673 980 1730 despe-

223 1731 325 1761 rato,
353 1722 465 1770 gratia
498 1722 654 1758 caritatis
683 1723 840 1771 patriae,
867 1723 980 1759 immo

221 1774 254 1807 8<
280 1784 464 1808 extraneo.
494 1772 595 1808 Unde
623 1772 730 1808 finxit
755 1773 787 1809 se
807 1786 878 1809 non
904 1774 979 1822 pos-

223 1822 256 1858 se
282 1822 382 1870 loqui
411 1825 514 1858 Petro
541 1823 582 1858 de
611 1823 735 1858 Vincis
762 1836 841 1871 prae
868 1823 980 1859 nimia

223 1873 395 1930 pie-tate,
422 1883 498 1909 turn
526 1873 662 1908 ratione
700 1873 866 1917 virtutis,
903 1884 977 1910 tum

222 1923 358 1959 ratione
385 1923 628 1959 innocentiae.
656 1926 702 1959 Et
729 1923 779 1959 ita
807 1924 904 1972 laepe
925 1926 978 1960 vi—

222 1973 318 2008 debis
346 1973 382 2009 in
412 1974 533 2009 multis
555 1973 635 2009 aliis
661 1974 769 2009 locis.
798 1976 977 2011 Praeterea

223 2023 361 2058 Auctor
386 2022 454 2060 fuit
481 2024 613 2060 summe
641 2024 836 2064 amorosus,
864 2024 902 2060 &
924 2026 979 2061 ni-

224 2074 291 2108 mis
328 2084 462 2110 amator
499 2075 715 2117 mulierum,
757 2074 841 2111 ficut
868 2076 978 2111 osten-

221 2122 294 2158 sum
323 2124 367 2159 est
395 2124 514 2173 supra,
543 2124 600 2159 ubi
631 2125 818 2161 tractatum
840 2125 909 2161 fuit
936 2126 977 2162 de

222 2173 406 2209 luxuriofis
434 2174 733 2210 incontinentiae.
760 2176 842 2211 Ideo
870 2176 976 2218 dico,

220 2224 314 2271 quod
355 2223 492 2259 Auctor
528 2225 743 2268 compatitur
769 2204 976 2262 infelicitati

218 2274 383 2317 istorum,
411 2273 503 2322 quasi
531 2274 647 2310 dicat:
678 2277 798 2319 Quum
828 2275 880 2311 isti
902 2275 976 2312 fue-

220 2325 292 2360 rint
320 2324 479 2361 homines
507 2333 624 2360 tantae
651 2325 795 2361 virtutis
829 2324 868 2360 ὃ(
897 2340 975 2372 pro-

218 2375 364 2419 bitatis,
404 2375 444 2410 ad
485 2388 590 2422 quarn
631 2374 799 2411 infamem
837 2378 973 2423 culpam

219 2424 454 2461 devenerunt!
494 2428 588 2474 Ergo
625 2426 710 2461 bene
746 2426 860 2462 dicit:

219 2477 363 2525 concepi
391 2489 555 2526 magnum
584 2476 762 2512 dolorem.

900 2429 974 2475 Ego
1007 2424 1009 2432 ’

1006 2107 1061 2244 ι

1006 2233 1060 2414 !³

1005 2444 1009 2566 ε

1023 725 1050 758 Β

1023 1173 1057 1210 C

1016 2072 1060 2109 Ξ

579 205 832 248 COMMEN
837 204 884 248 T
915 206 980 248 IN
1009 204 1143 249 DAN
1148 203 1236 246 TIS
1261 202 1505 246 COMOED.

1717 218 1797 259 350

1063 274 1065 295 1
1340 264 1403 298 ..Ad
1431 262 1512 306 Vers.
1531 273 1594 308 70.

1061 497 1064 531 ἱ

1145 314 1211 348 Che
1249 313 1428 359 Guglielmo
1468 312 1629 355 Borfiere,
1666 310 1691 345 il
1718 312 1793 361 qual
1820 312 1853 355 fi

1193 364 1263 398 dole
1290 364 1357 397 &c-

1094 413 1152 449 Ad
1198 412 1464 462 vituperandam
1515 411 1702 448 avaritiam
1750 412 1851 448 debes

1093 464 1200 503 scire,
1221 464 1314 511 quod
1335 463 1565 499 Guillielmus
1585 462 1762 499 Borserius
1783 462 1852 498 fuit

1094 515 1237 562 quidam
1278 513 1386 551 Civis
1431 513 1682 553 florentinus,
1722 513 1853 550 faciens

1095 566 1238 609 Bursas,
1259 565 1315 601 vir
1330 565 1515 601 secundum
1535 564 1738 601 facultatem
1758 564 1852 602 suam

1096 615 1272 665 placibilis
1289 617 1322 651 8<
1340 616 1519 664 liberalisg
1547 616 1609 662 qui
1631 615 1743 651 traua
1762 626 1852 652 tem·
1898 658 1900 660 ¹

1095 668 1189 715 poris
1225 666 1310 702 odio
1350 666 1477 702 habens
1518 666 1688 702 Officium
1728 668 1852 703 Bursa-

1094 730 1194 761 rum,
1231 717 1358 764 quibus
1394 717 1570 753 clauditur
1597 717 1763 765 pecunia,
1801 718 1851 753 fa-

1095 767 1170 803 &us
1212 769 1257 803 est
1297 768 1404 803 homo
1445 767 1625 811 Curialis,
1660 768 1694 802 8(
1733 769 1851 817 coepit

1095 818 1232 853 vifitare
1269 817 1398 855 Curias
1436 818 1672 853 Dominorum
1713 820 1747 853 δε
1788 820 1852 855 do-

1095 881 1169 903 mos
1193 869 1402 904 Nobilium.
1429 869 1577 904 Accidit
1597 878 1712 904 autem
1727 895 1736 912 ,
1756 870 1852 917 quod

1095 919 1199 954 semel
1240 919 1412 967 applicuit
1462 919 1503 954 ad
1553 918 1753 954 Civitatem
1795 923 1853 964 Ja-

1096 982 1204 1014 nuae,
1232 970 1292 1005 ubi
1313 983 1447 1005 moram
1469 970 1580 1005 traxit
1601 969 1756 1012 pluribus
1778 970 1852 1006 die-

1096 1020 1179 1064 bus,
1218 1029 1372 1056 retentus
1399 1021 1433 1055 &
1461 1019 1655 1055 honorifice
1681 1019 1851 1058 tractatus

1095 1083 1114 1105 a
1141 1070 1345 1118 quibusdam
1375 1070 1587 1107 Nobilibus.
1613 1072 1699 1106 Erat
1719 1070 1757 1106 in
1777 1071 1852 1108 die-

1096 1121 1157 1156 bus
1185 1120 1259 1156 illis
1285 1122 1324 1157 in
1350 1123 1458 1164 Janua
1494 1120 1636 1168 quidam
1676 1121 1853 1158 Dominus

1096 1171 1250 1207 Hernius
1286 1171 1327 1206 de
1367 1171 1582 1211 Grimaldis‚
1619 1170 1680 1218 qui
1708 1171 1746 1206 in
1774 1172 1853 1220 pos-

1095 1220 1236 1257 seffione
1263 1221 1470 1258 divitiarum
1511 1235 1582 1257 non
1611 1221 1722 1257 solum
1750 1235 1853 1259 exce-

1095 1271 1198 1306 debat
1223 1271 1431 1317 januenses,
1467 1271 1528 1319 qui
1556 1271 1634 1308 sunt
1661 1271 1853 1318 ditiffimi,

1094 1320 1149 1356 sed
1185 1322 1294 1357 etiam
1334 1335 1455 1358 omnes
1481 1322 1651 1359 Italicos.
1692 1324 1740 1358 Et
1767 1323 1854 1359 ficut

1093 1371 1274 1419 superabat
1313 1385 1434 1408 omnes
1477 1373 1514 1407 in
1551 1372 1759 1420 opulentia,
1799 1374 1852 1410 ita

1093 1421 1287 1468 cupiditate
1327 1423 1360 1457 8<
1405 1422 1542 1457 miseria
1583 1423 1671 1459 alios
1707 1425 1852 1460 excede-

1094 1471 1173 1510 bat,
1201 1471 1251 1507 ita
1279 1472 1372 1519 quod
1400 1485 1471 1507 non
1499 1472 1610 1508 solum
1639 1487 1709 1508 non
1739 1474 1852 1510 hono-

1092 1521 1190 1556 rabat
1217 1522 1328 1567 alios,
1369 1522 1424 1558 sed
1453 1536 1515 1571 pro
1543 1522 1575 1558 se
1602 1524 1746 1559 vivebat
1774 1538 1852 1573 par-

1092 1571 1245 1611 ciffime,
1275 1586 1382 1620 quum
1404 1583 1521 1608 tamen
1549 1574 1732 1617 Januenses
1753 1589 1853 1611 com-

1092 1622 1246 1658 muniter
1276 1623 1400 1659 vivant
1434 1637 1557 1670 parce.
1585 1626 1723 1668 Immo,
1755 1626 1851 1672 quod

1090 1673 1226 1720 turpius
1245 1683 1318 1708 erat
1330 1698 1339 1712 ,
1356 1673 1565 1710 induebatur
1581 1674 1724 1714 viliter,
1741 1689 1851 1722 quum

1090 1730 1206 1758 tamen
1226 1724 1409 1766 januenses
1429 1724 1637 1772 generaliter
1661 1725 1852 1762 induantur

1091 1772 1286 1820 splendide.
1316 1774 1378 1809 Iste
1406 1788 1488 1823 ergo
1512 1775 1668 1811 Hernius
1689 1803 1699 1819 ‚
1732 1776 1852 1812 audita

1090 1822 1181 1857 fama
1205 1823 1430 1867 Guillielmi,
1459 1824 1552 1860 mifit
1572 1838 1633 1873 pro
1653 1839 1716 1869 eo,
1735 1827 1770 1861 &
1793 1826 1851 1862 in-

1090 1873 1250 1909 troduxit
1274 1888 1351 1909 eum
1371 1875 1408 1910 in
1430 1876 1542 1910 Salam
1569 1876 1745 1924 cujusdam
1772 1877 1849 1924 pul-

1090 1936 1165 1959 crae
1185 1924 1330 1968 domus,
1356 1938 1460 1971 quam
1484 1925 1611 1961 fecerat
1630 1926 1846 1962 noviter-fie-

1090 1973 1140 2008 ri.
1167 1976 1213 2009 Et
1234 1974 1317 2021 quia
1333 1988 1350 2009 a
1364 1975 1442 2010 {huc
1463 1975 1672 2011 remanserat
1695 1977 1731 2011 in
1749 1990 1790 2012 eo
1811 1990 1847 2012 a—

1089 2023 1186 2070 liqua
1202 2023 1356 2059 scintilla
1382 2025 1603 2064 nobilitatis,
1629 2026 1724 2061 dixit
1742 2027 1847 2062 Guil-

1089 2074 1236 2108 lielmo:
1270 2075 1403 2109 Domine
1430 2076 1635 2111 Gzcillielme.
1674 2080 1756 2115 Vos,
1791 2078 1847 2124 qui

1057 2125 1189 2186 {multa
1204 2125 1357 2166 vidistis,
1379 2126 1502 2170 sciretis
1523 2140 1570 2160 me
1583 2128 1685 2160 docere
1703 2128 1846 2173 aliquam

1089 2188 1151 2208 rem
1165 2176 1363 2221 peregrinam
1384 2189 1425 2210 nu
1417 2189 1498 2223 ,ιννι9ι
1490 2190 1551 2211 am
1570 2177 1706 2223 amplius
1719 2191 1744 2211 v
1747 2178 1843 2222 :sarm

1057 2187 1181 2272 !quam
1213 2224 1324 2272 pulsem
1356 2226 1405 2268 fzc
1408 2240 1455 2260 ere
1487 2227 1582 2273 pingi
1618 2228 1651 2261 in
1694 2227 1753 2269 ista
1779 2242 1846 2263 mea

1088 2276 1167 2309 Sa'a
1186 2279 1201 2298 ²
1226 2275 1456 2312 Guillielmus
1477 2277 1642 2318 audiens
1670 2276 1799 2313 suurn
1789 2291 1845 2313 in-

1058 2318 1300 2363 {conveniens
1328 2328 1450 2374 loqui,
1479 2327 1681 2376 respondit:
1712 2329 1846 2363 Domine

1088 2389 1148 2409 mm
1175 2378 1321 2410 crederem
1348 2376 1427 2423 poffe
1453 2391 1510 2412 τος
1543 2380 1666 2422 docere,
1703 2378 1765 2420 nist
1799 2379 1845 2423 es—

1081 2426 1154 2470 sent
1180 2427 1254 2466 forte
1272 2427 1438 2471 sternata,
1465 2429 1518 2462 vel
1537 2428 1662 2469 similia
1685 2429 1753 2464 hzs.
1779 2431 1844 2462 Sed

1081 2476 1113 2517 fi
1135 2477 1256 2522 placet,
1283 2477 1391 2511 docebo
1416 2491 1473 2512 vos
1498 2492 1614 2518 unam,
1642 2492 1734 2525 quam
1757 2479 1843 2512 credo

1056 2563 1059 2571 1
1086 2540 1142 2562 'zos
1163 2540 1221 2561 non
1241 2527 1353 2573 vidtffe
1371 2541 1534 2574 umquam.
1558 2529 1713 2565 Herulus
1733 2526 1848 2564 facins

1133 2579 1161 2613 Z
1188 2589 1211 2612 2
1716 2577 1793 2612 avi-
