2216 3105
411 207 497 245 499
699 190 1167 235 BENVENUTI
1203 192 1645 236 IMOLENSIS
1837 208 1917 250 500

403 254 471 284 Con
496 262 591 297 :agne
617 263 742 298 magre,
770 251 929 297 studiose,
965 268 981 285 e
1006 264 1109 289 conte.
1134 252 1181 287 'A

353 300 438 336 Istae
474 314 575 336 canes
612 300 798 350 figurative
834 313 934 338 erant
975 303 1108 347 fames,

351 350 448 395 fitis,
483 352 518 386 δ(
556 351 626 388 alia
661 352 910 397 incommoda,
946 367 1034 402 quae
1070 355 1107 390 in

351 401 451 438 brevi
471 401 666 451 attigerunt
685 402 725 440 ἃ
744 405 986 441 laceraverunt
1005 405 1085 441 istos
1098 432 1105 440 .

349 454 398 488 Et
425 452 587 489 nominat
616 453 727 490 socios
756 455 991 503 principales,
1019 469 1106 504 quos

350 502 500 539 habebat
527 504 824 553 Archiepiscopus
860 506 932 554 ipse
967 507 1005 542 in
1043 506 1105 541 hac

349 554 564 594 venatione,
605 554 689 590 idest
732 556 998 603 persequutione
1033 559 1107 592 Co—

350 604 450 640 mitis
474 632 486 649 ‚
527 604 645 641 dicens
671 618 680 640 :

349 653 469 701 scopus
485 680 495 694 ,

399 706 566 740 Gualandi
600 719 652 741 con
688 706 850 751 StJmondi
883 721 900 741 e
925 721 978 742 eon
1014 712 1103 743 Lan·
1132 731 1134 736 ·

444 755 574 799 franchi

397 804 532 842 s'avea
558 808 641 853 meffi
666 807 805 850 dinanzi
829 809 874 843 da
899 809 933 843 la
954 809 1079 853 fronte,

349 858 428 892 Hae
458 857 538 893 lunt
566 858 770 907 praecipuae
809 861 943 895 Domus
980 859 1104 895 Gibel-

349 907 442 943 linae
470 908 507 943 in
538 908 643 953 Pifis‚
670 909 712 945 ad
740 908 1027 957 exsequutionem
1054 910 1104 945 sui

346 970 526 1006 tamquam
563 959 714 996 fautores
742 958 780 996 &
818 959 964 996 faElores
1002 960 1104 1009 hujus

346 1008 396 1044 rei
425 1008 465 1044 ad
494 1009 545 1045 sui
573 1009 826 1047 defenfionem.

595 1063 658 1097 Ad
686 1062 767 1106 Vers.
794 1074 856 1109 43.

396 1112 461 1146 Gis}
485 1125 558 1146 eran
577 1112 676 1155 desti,
704 1126 719 1146 e
745 1111 769 1146 λ’
781 1126 834 1147 ora
853 1110 1074 1159 s’appreffava
1085 1126 1104 1155 ‚-

346 1161 505 1206 scilicet,
532 1162 594 1212 ipsi
623 1161 691 1198 filii
720 1162 813 1207 mei,
850 1162 934 1198 hora
960 1162 1103 1198 Tertia—

345 1225 421 1248 rum
440 1226 448 1248 ε

395 1264 458 1297 Che
485 1263 509 1297 ’l
524 1263 590 1298 cibo
616 1278 653 1298 ne
674 1264 784 1309 sole-va
811 1263 899 1310 effere
924 1265 1077 1299 addotto.

345 1314 448 1360 Quali
488 1314 613 1350 dicat:
653 1314 955 1363 appropinquabat
991 1318 1101 1353 hora,

343 1378 410 1412 qua
431 1378 564 1400 eramus
586 1365 682 1401 soliti
705 1365 893 1411 prandere,
914 1373 1100 1412 antequam

341 1416 484 1452 essemus
513 1416 628 1464 capti.
665 1417 733 1452 Vel
761 1416 844 1451 dic:
883 1415 995 1454 hora,
1033 1428 1099 1462 qua

342 1465 475 1502 solebat
501 1467 603 1502 nobis
627 1466 740 1502 afferri
762 1466 883 1509 cibus,
911 1474 1097 1512 antequam

341 1530 550 1565 poneremur
577 1517 614 1552 in
643 1515 750 1551 Turri
768 1542 776 1551 .
815 1515 911 1561 Quia
938 1527 1008 1550 non
1037 1514 1099 1549 sta-

340 1568 407 1603 tim
436 1567 575 1603 fuerunt
597 1565 788 1615 adjudicati
817 1565 898 1600 huic
926 1563 1099 1612 supplicio

339 1628 524 1658 extremo.
562 1616 625 1652 nist
654 1616 724 1665 post
751 1615 941 1651 adventum
969 1613 1097 1651 Comi-
1125 1614 1126 1619 ’

337 1668 385 1703 tis
406 1667 580 1703 Guidonis
603 1667 643 1702 de
672 1665 929 1704 Nlontefeltro,
957 1665 1018 1712 qui
1047 1665 1097 1700 fa-

337 1718 414 1754 &us
434 1718 479 1754 est
506 1717 723 1763 Capitaneus
746 1715 900 1751 Pisarum
922 1729 1000 1750 cum
1021 1728 1095 1750 am—

337 1770 394 1814 pla
432 1768 624 1816 potestate,
663 1776 702 1802 ut
737 1766 825 1802 alibi
862 1765 995 1801 dietum
1024 1765 1093 1801 est.

335 1820 383 1854 Et
410 1819 520 1854 dicit:

385 1872 419 1904 E
441 1883 498 1916 per
518 1869 575 1914 suo
596 1869 692 1916 sogno
718 1868 839 1913 ciascun
865 1866 1049 1902 dubita-oa.

333 1920 431 1965 Quia
459 1919 612 1968 quilibet
641 1919 798 1954 filiorum
835 1916 963 1953 fecerat
1001 1917 1091 1952 som-

335 1971 434 2006 nium
478 1970 589 2006 fimile
626 1969 748 2005 Patri.
785 1971 832 2004 Et
867 1967 984 2004 subdit
1020 1967 1091 2015 pri—

334 2034 426 2056 mam
455 2021 577 2056 horam
605 2020 716 2056 mali:

382 2075 432 2107 Et
459 2072 488 2106 io
508 2072 593 2116 senti
619 2072 752 2106 chiavar
776 2068 891 2115 l'usct'o
916 2069 952 2104 di
971 2069 1054 2114 sotto

383 2126 428 2158 A
448 2121 472 2156 l’
483 2123 607 2156 orribile
633 2126 750 2156 Terre.

332 2173 500 2221 Intellige
527 2185 606 2208 cum
636 2171 746 2208 clavis
775 2170 916 2210 ferreis,
946 2183 989 2205 ne
1016 2183 1090 2205 am-

333 2223 426 2270 plius
468 2223 658 2270 aperiretur
679 2249 687 2258 .
724 2221 820 2266 Quia
862 2222 931 2269 jam
973 2221 1090 2256 clava-

333 2282 409 2307 tum
448 2272 558 2308 fuerat
586 2285 663 2308 cum
702 2272 883 2315 clavibus,
918 2284 1002 2318 quas
1029 2271 1090 2306 ab—

337 2323 487 2370 jecerant
514 2323 551 2359 in
579 2325 740 2358 Arnum.

385 2394 558 2400 ------
585 2372 667 2407 Ond’
680 2374 708 2407 io
731 2371 871 2418 guarda?

386 2424 449 2458 Nel
480 2423 548 2468 viso
574 2423 694 2459 a'miei
721 2422 877 2469 figliuoi,
906 2421 1006 2466 senza
1035 2422 1092 2465 far

436 2485 530 2508 mono
546 2499 556 2509 .

336 2523 440 2571 Quali
469 2524 584 2560 dicat:
613 2523 720 2560 tacite
742 2535 803 2558 nos
831 2522 997 2559 stabamus
1025 2520 1088 2557 fic·

334 2579 381 2610 Et
408 2575 497 2610 dicit
513 2587 522 2609 z

723 607 770 640 Et
811 605 875 641 ille
915 607 1106 656 Archiepi·

1273 254 1307 287 Io
1333 266 1393 287 non
1415 253 1580 300 plangeva
1596 272 1739 279 -----

1224 303 1331 347 1dest,
1360 305 1494 353 plorare
1522 317 1591 339 non
1621 314 1802 352 poteram:

1271 375 1427 382 -----
1453 356 1482 389 s)
1507 361 1616 389 dentre>
1642 354 1806 401 impetrai.

1219 404 1328 449 Idest‚
1355 405 1517 441 induravi
1546 406 1587 441 ad
1615 405 1759 441 modum
1787 412 1921 454 petrae.

1269 456 1472 503 Piangevan'
1485 457 1541 490 elli
1556 484 1566 500 ,

1219 514 1396 555 tamquam
1425 507 1638 542 teneriores:

1267 578 1472 585 -------
1499 557 1546 595 ’ἐφ’
1568 558 1786 599 Anselmuccio
1812 558 1896 602 mio,

1216 606 1290 653 Qui
1318 618 1390 642 erat
1418 619 1505 642 unus
1532 621 1575 642 ex
1603 607 1688 643 filiis
1717 609 1831 656 meis3

1266 656 1378 701 Diffe:
1399 660 1450 691 Tu
1465 658 1583 703 guardi
1602 659 1630 690 s)
1646 683 1656 700 ,
1677 662 1799 703 padre:
1819 658 1870 691 che
1889 658 1970 692 hai?

1214 709 1261 742 Et
1287 707 1397 742 dicit:

1265 761 1343 792 Pera
1370 771 1428 791 non
1456 757 1610 804 lagrimat'
1622 771 1643 800 ,-

1216 810 1330 843 Immo
1359 808 1469 856 magis
1497 808 1677 843 induratus
1705 806 1800 843 sum.
1828 808 1875 842 Et
1901 820 1971 844 non

1214 858 1325 893 solum
1354 872 1424 893 non
1454 858 1554 906 potui
1582 858 1744 893 emittere
1772 858 1970 903 lacrymas.

1215 907 1269 943 sed
1298 921 1360 944 nec
1389 909 1533 944 verbum
1550 936 1559 944 .
1589 908 1691 943 Unde
1718 908 1831 944 dicit:

1263 980 1438 986 ------
1466 960 1516 993 Νὲ
1543 958 1650 1005 rispos’
1666 959 1695 993 io

1264 1013 1361 1045 Tutto
1396 1010 1467 1057 que!
1489 1009 1629 1056 giorno,
1666 1011 1704 1044 ne*
1739 1010 1775 1044 la
1804 1018 1887 1043 notre
1913 1020 1969 1056 ap-

1311 1059 1428 1107 preffo.

1181 1158 1183 1168 Ι
1213 1112 1278 1146 Per
1304 1124 1409 1146 unam
1438 1110 1530 1146 diem
1560 1110 1776 1146 naturalem:

1261 1161 1348 1206 Infin
1390 1161 1441 1196 che
1480 1161 1504 1195 l’
1541 1162 1623 1197 altro
1662 1161 1718 1195 Sol
1758 1161 1810 1194 nel
1848 1161 1969 1195 Mando

1312 1212 1414 1257 uscia.

1210 1261 1324 1301 Idest,
1362 1261 1465 1310 usque
1493 1262 1534 1298 ad
1563 1261 1671 1297 alium
1703 1270 1822 1297 ortum
1851 1260 1965 1296 Solis.

1259 1316 1352 1347 Come
1379 1327 1420 1347 un
1454 1326 1526 1360 poco
1551 1314 1588 1348 di
1617 1313 1727 1359 raggio
1755 1312 1788 1353 fi
1815 1311 1855 1355 su
1890 1312 1966 1356 mest

1303 1363 1339 1408 so
1356 1391 1365 1406 ,
1393 1364 1462 1399 &c.

1209 1412 1300 1448 Heic
1328 1415 1458 1448 Comes
1486 1421 1622 1452 narrat,
1659 1411 1838 1460 quomodo
1866 1411 1966 1447 inva-

1208 1462 1355 1498 lescente
1384 1463 1526 1505 dolore,
1563 1462 1709 1497 secunda
1737 1463 1818 1505 die,
1855 1461 1965 1497 faetus

1208 1512 1252 1548 est
1292 1512 1430 1548 rabidus
1470 1511 1548 1548 vifis
1584 1511 1671 1547 filiis
1714 1511 1810 1546 suis.
1858 1511 1964 1547 Unde

1205 1562 1315 1598 dicit:

1255 1614 1363 1648 Ambo
1390 1614 1419 1647 le
1445 1613 1533 1647 mani
1557 1624 1612 1659 per
1638 1613 1727 1646 dolor
1752 1611 1798 1645 mi
1824 1611 1938 1652 morfi.

1204 1663 1370 1707 Scilicet,
1397 1673 1481 1698 tunc
1508 1675 1618 1710 quum

1254 1734 1362 1739 ---—
1389 1727 1430 1747 un
1456 1724 1527 1759 poco
1554 1713 1590 1746 di
1616 1712 1727 1758 raggio
1748 1711 1780 1752 [ι’
1810 1711 1851 1755 fu
1877 1709 1963 1758 meffo

1253 1764 1317 1798 Nel
1342 1763 1478 1807 doloroso
1512 1774 1626 1797 carcere
1641 1783 1785 1788 -----

1202 1813 1371 1856 Scilicet,
1400 1826 1460 1862 per
1480 1812 1629 1848 fiffuram
1645 1839 1654 1853 ,
1684 1812 1740 1848 vel
1760 1811 1940 1850 fenestram
1953 1837 1960 1848 .

1253 1884 1459 1892 -------
1486 1877 1502 1898 e
1528 1863 1557 1897 io
1576 1862 1691 1908 scorfi,

1204 1913 1289 1950 Idest
1315 1913 1449 1960 respexi
1466 1938 1476 1953 ,
1496 1910 1499 1911 ⁷

1252 1968 1314 1999 Per
1340 1975 1464 2011 quattro
1485 1963 1549 2004 vifi
1575 1962 1601 1997 il
1626 1962 1687 1996 mt'o
1713 1962 1831 2007 asperto
1853 1961 1959 2007 fteffo.

1201 2014 1314 2058 Idest,
1350 2014 1389 2050 in
1424 2022 1575 2060 quatuor
1610 2012 1763 2048 faciebus
1800 2011 1959 2047 filiorum

1204 2078 1358 2101 meorum
1377 2091 1386 2100 .
1425 2064 1536 2099 Filius
1573 2062 1667 2099 enim
1695 2061 1734 2098 δ(
1765 2065 1865 2098 Pater
1893 2076 1959 2098 una

1202 2116 1342 2164 persona
1363 2116 1397 2151 &
1418 2115 1536 2150 eadem
1558 2113 1761 2162 censentur;
1791 2114 1848 2148 vel
1876 2112 1958 2160 quia

1201 2175 1299 2202 erant
1315 2165 1488 2201 simillimi
1512 2164 1627 2200 Patri.
1648 2166 1693 2199 Et
1715 2163 1851 2205 subdit,
1872 2176 1958 2210 quo-

1203 2217 1309 2252 modo
1337 2215 1405 2252 filii
1433 2215 1466 2251 se
1494 2215 1687 2251 habuerunt
1712 2227 1791 2264 erga
1821 2215 1958 2249 Patrem

1203 2267 1269 2302 hoc
1297 2266 1394 2307 viso,
1423 2265 1561 2302 dicens:

1252 2321 1284 2353 Ε
1311 2318 1381 2365 quei
1395 2338 1566 2344 ------

1201 2367 1346 2404 Scilicet
1373 2367 1442 2403 filii
1470 2367 1563 2409 mei,

1252 2439 1492 2445 ————————
1514 2417 1673 2465 pensando
1688 2444 1698 2462 ‚
1726 2415 1772 2451 ch'
1791 2415 1820 2450 io
1834 2414 1858 2448 'l
1887 2413 1956 2459 seffi

1302 2480 1357 2516 per
1381 2469 1493 2515 voglia

1252 2520 1299 2555 Di
1325 2520 1466 2554 manicar
1486 2545 1496 2562 ‚
1512 2537 1683 2544 ------

1789 2563 1877 2598 idest
1891 2588 1899 2594 „
