2216 3105
413 219 497 270 767
707 219 1160 266 BENVENUTI
1200 224 1638 272 IMOLENSIS
1842 237 1924 289 768

359 269 408 306 cit
437 274 586 308 L1brum
613 273 655 311 de
683 283 754 314 tarn
783 279 974 318 detestanda
1005 293 1114 318 mate·
1150 283 1185 317 A
1225 283 1364 329 dicere,
1405 286 1467 322 nisi
1509 288 1602 335 quod
1640 288 1841 325 habitarent
1867 293 1977 329 adhue

353 319 426 406 fia,
474 336 577 371 quem
618 326 679 363 diu
725 331 924 368 Florentini
975 332 1112 381 sequuti

371 380 432 406 unt
449 385 458 407 :

403 444 419 449 -
446 445 462 450 -
488 446 505 452 -
531 447 548 453 -
574 429 610 461 di
635 431 705 476 quel
722 433 767 466 da
783 434 908 480 Signa,

355 471 419 508 Iste
446 474 515 511 fuit
542 478 631 515 alius
657 482 778 524 Jurista
806 487 846 519 de
875 484 996 528 Villa,
1024 499 1112 533 quae

353 523 486 561 dicitur
522 528 647 576 Signa,
693 531 817 568 distans
867 548 886 569 a
931 537 1111 572 Florentia

355 587 415 622 per
452 579 496 612 V.
525 579 693 616 milliaria
729 581 829 630 supra
869 586 1027 621 Arnum.
1065 589 1111 622 Et

355 624 478 662 dicunt
505 629 639 677 aliqui,
680 633 772 679 quod
801 633 860 669 iste
887 634 956 671 fuit
983 638 1111 673 Domi-

354 686 418 711 nus
447 678 589 715 Facius.
619 683 719 717 Unde
745 683 855 719 dicit:

405 729 469 761 Che
491 730 550 774 gie>
574 742 629 776 per
665 733 809 768 barattar
843 735 885 770 ba
910 735 935 769 l’
952 737 1049 772 verbio
1073 752 1111 774 a-

452 792 578 824 guw-

355 827 409 883 Ita
436 830 528 874 quod
556 831 732 880 exspeS'tat
758 833 809 871 ire
836 836 876 871 ad
904 836 1038 885 picem.
1065 841 1112 874 Et

355 875 432 912 heic
462 889 565 924 nota,
606 884 698 930 quod
728 886 865 922 Austor
901 888 1029 924 merito
1057 889 1111 924 in-

355 925 465 964 famat
491 930 570 966 istos
596 934 630 968 8<
659 935 747 970 alios
775 935 927 984 superius
949 939 1111 975 nomina-

354 985 431 1019 tos,
460 981 520 1026 qui
550 983 671 1019 viliter
690 986 796 1021 nati*
819 1000 862 1024 ex
890 989 1110 1025 Civitatibus

355 1029 554 1072 nobilibus,
592 1033 765 1072 faciebant
793 1039 904 1074 multa
931 1039 1110 1081 enormia,

354 1086 533 1128 tamquam
561 1083 703 1121 lictores
731 1086 896 1124 illorum.

401 1133 442 1164 Se
468 1133 502 1166 la
525 1145 618 1179 gente
643 1157 831 1164 -----

355 1181 445 1216 Heic
482 1181 722 1228 Caeciaguida
759 1188 980 1229 manifestat,
1021 1191 1110 1226 unde

353 1234 555 1279 provenerit
595 1235 680 1272 istud
719 1239 872 1275 malum.
918 1242 966 1276 Et
999 1241 1111 1285 dicit,

355 1283 448 1328 quod
477 1297 495 1318 a
522 1285 745 1331 diffenfione,
790 1303 878 1337 quae
914 1289 984 1326 fuit
1019 1291 1112 1328 inter

355 1333 540 1369 Ecclesiam
569 1337 602 1371 &
632 1339 905 1386 Imperatorem.
934 1343 1111 1391 Tempore

354 1384 447 1419 enirn
487 1385 655 1422 Friderici
694 1391 738 1424 11.
767 1389 876 1426 fafi'tae
915 1391 992 1427 sunt
1036 1406 1111 1441 par-

355 1433 525 1471 tialitates
564 1450 708 1485 magnae
754 1439 791 1475 in
839 1442 1040 1485 Florentia,
1077 1445 1108 1478 8<

355 1484 571 1527 expulfiones
600 1489 750 1534 partium
768 1517 776 1525 .
804 1494 850 1526 Et
879 1491 921 1526 fic
948 1493 1112 1528 Comita-

355 1534 424 1570 tini
464 1548 633 1574 venerunt
670 1540 711 1574 ad
753 1539 979 1576 habitandum
1009 1543 1111 1578 Civi-

355 1592 487 1629 tatem,
516 1586 553 1622 &
582 1588 766 1625 nobilitati
793 1589 892 1634 sunt,
921 1590 959 1627 &
987 1591 1112 1628 ditati.

356 1633 462 1670 Unde
490 1637 603 1672 dicit:

407 1687 471 1719 Tal
492 1687 578 1730 fatto
605 1689 621 1721 ὲ
648 1689 852 1734 Fiorentino,
879 1711 896 1717 -
921 1712 938 1718 -
963 1711 981 1717 -
1005 1711 1024 1719 -

359 1733 515 1779 scilicet,
544 1737 760 1774 adventitie:

493 1806 508 1812 -
534 1807 550 1812 -
577 1800 592 1820 e
618 1790 738 1823 cambia
764 1803 780 1822 e
806 1803 924 1828 merca,

356 1833 463 1877 idest,
501 1834 610 1871 faS’tus
646 1837 691 1872 est
736 1839 906 1886 Campsor
941 1838 979 1875 &
1015 1839 1114 1876 Mer—

360 1894 478 1920 tator:

407 1935 472 1970 che
490 1936 524 1978 fi
546 1936 676 1980 sarebbe
701 1939 788 1973 volta
814 1954 835 1974 a
860 1940 1043 1980 SimIfonti‚

359 1998 446 2032 quae
482 1987 527 2022 est
562 1991 730 2036 quaedam
772 1991 881 2025 Terra
909 1989 1115 2027 Comitatus

361 2037 558 2073 Florentini
572 2067 582 2082 ,
606 2052 710 2086 quam
730 2040 818 2075 olim
841 2041 1037 2077 Florentini
1059 2055 1115 2078 ce—

362 2096 486 2133 perunt
513 2101 591 2124 cum
621 2103 747 2138 magno
774 2091 892 2127 labore
927 2093 960 2126 8<
990 2092 1115 2128 destru-

360 2147 506 2174 xerunt.
534 2141 580 2174 Et
607 2140 717 2176 dicit:

410 2191 462 2223 Le>
487 2191 567 2224 dove
592 2192 724 2226 anda-oa
749 2191 774 2225 l'
788 2193 881 2227 avolo
906 2207 927 2227 a
952 2193 985 2227 la
1011 2205 1092 2228 cerea
1107 2220 1116 2229 .

361 2236 468 2278 Idest,
489 2240 530 2275 ad
551 2240 737 2277 custodiam
759 2243 1005 2279 circumeundo
1022 2257 1117 2279 moe-

361 2288 420 2324 nia
446 2288 642 2327 Civitatis.
680 2293 747 2327 Vel
774 2292 891 2335 dicas,
935 2294 1025 2340 quod
1055 2307 1118 2329 vo-

360 2344 417 2385 eat
459 2341 625 2377 Circham
663 2342 908 2379 circuitionem
950 2345 1117 2379 Ecclefia-

363 2401 463 2431 rum,
503 2405 608 2438 quam
645 2392 779 2428 faciunt
815 2393 975 2429 homines
1004 2393 1117 2429 rustici

363 2440 560 2476 Florentiae
603 2442 642 2478 &
680 2443 716 2478 in
756 2443 941 2479 Comitatu
986 2444 1022 2479 in
1062 2444 1118 2479 die

368 2490 512 2525 Veneris
548 2493 687 2536 ςεηξὶὶ,
723 2492 762 2529 &
789 2494 875 2530 alibi
913 2494 949 2529 in
977 2494 1033 2530 die
1060 2496 1118 2538 Jo-

366 2538 422 2576 vis
447 2540 586 2578 sanai.
625 2545 671 2580 Et
706 2543 773 2580 hoc
809 2557 879 2581 non
917 2546 995 2581 vult
1023 2544 1119 2581 aliud

1225 348 1306 374 rus,
1349 335 1432 372 sicut
1459 337 1608 374 faciebat
1649 341 1750 375 Avus
1779 341 1879 384 tuus,
1918 356 1981 378 nec

1225 385 1395 423 venifl'ent
1439 387 1479 423 ad
1529 387 1729 425 Civitatem
1755 416 1764 426 .
1818 392 1866 425 Et
1913 391 1980 428 hoc

1225 435 1325 472 dico:

1274 490 1315 521 Se
1330 489 1364 523 la
1380 499 1492 534 gente,
1516 489 1606 525 ch‘al
1621 492 1728 525 mondo
1739 491 1801 534 pir>
1814 492 1959 539 traligna
1969 503 1983 538 ,·

1225 534 1329 582 idest,
1371 539 1521 574 Pastores
1562 540 1754 579 Ecclesiae,
1798 542 1859 588 qui
1903 543 1980 590 plus

1225 586 1368 624 deviant
1395 603 1414 623 a
1441 588 1596 636 vestigiis
1617 591 1791 626 Pastorum
1813 591 1979 638 antiquo-

1225 650 1325 682 rum,
1353 640 1457 685 quarn
1485 639 1554 673 alia
1581 653 1662 687 gens
1690 641 1811 676 mundi
1839 655 1859 677 a
1881 641 1980 678 vesti-

1225 687 1292 735 giis
1320 687 1458 723 suorum
1487 689 1800 732 praedecessorum:

1276 741 1348 772 Non
1364 737 1438 780 salse
1448 740 1538 779 stata
1559 753 1579 773 a
1599 740 1708 782 Cesare
1731 754 1882 783 noverca,

1227 786 1309 821 idest
1328 814 1339 831 ,
1375 786 1551 823 .Matrinia
1571 813 1580 823 .
1624 792 1672 823 A
1695 789 1831 833 Cesare,
1872 789 1984 836 idest,

1228 837 1461 885 Imperatori,
1499 837 1580 885 quia
1626 838 1742 874 omnis
1788 839 1985 886 Imperator

1227 897 1373 923 vocatur
1400 887 1551 928 Caesar,
1579 898 1617 924 ut
1644 889 1741 935 saepe
1762 889 1893 925 dietum
1916 890 1980 926 est:

1275 940 1338 972 Ma
1358 951 1436 972 come
1456 940 1561 973 madre
1581 953 1600 973 a
1613 939 1809 986 suofiglmol
1825 942 1981 985 benigna.

1224 987 1333 1027 Idest,
1370 987 1486 1024 fuiffet
1522 989 1669 1037 benigna
1711 989 1772 1037 ipfi
1815 988 1978 1025 Caesari.

1225 1038 1280 1072 Ad
1308 1038 1401 1086 quod
1429 1038 1628 1082 sciendum,
1656 1040 1748 1086 quod
1768 1038 1853 1074 sicut
1873 1039 1978 1075 refert

1224 1089 1394 1124 Brunetus
1422 1088 1572 1125 Latinus
1609 1089 1645 1124 in
1673 1089 1732 1124 suo
1774 1088 1980 1130 Thesauro,

1224 1137 1262 1174 &
1309 1139 1522 1175 Ricobaldus
1572 1139 1793 1181 Ferrarienfis
1844 1138 1881 1174 in
1924 1140 1982 1175 sua

1227 1189 1429 1230 Chronica,
1458 1189 1555 1225 causa
1584 1189 1773 1225 discordiae
1798 1189 1890 1225 inter
1910 1189 1989 1224 Fri-

1225 1239 1379 1275 dericum
1409 1238 1447 1275 &
1476 1239 1661 1275 Ecclesiam
1689 1239 1758 1275 fuit
1780 1239 1860 1275 talis
1876 1265 1983 1277 .....

1280 1290 1403 1331 Sariafi
1429 1311 1659 1317 ------

1224 1340 1316 1376 Heic
1344 1340 1580 1389 Caeciaguida
1607 1350 1788 1376 enumerat
1818 1341 1888 1377 alia
1913 1353 1987 1376 ma-

1225 1392 1279 1431 la,
1307 1404 1395 1438 quae
1423 1391 1566 1439 sequuta
1592 1390 1670 1426 sunt
1697 1405 1740 1426 ex
1768 1391 1839 1439 ipsa
1861 1390 1988 1426 diffen-

1226 1441 1318 1476 stone
1335 1468 1343 1476 .
1372 1443 1418 1477 Et
1447 1442 1584 1488 primo,
1613 1441 1705 1489 quod
1726 1442 1801 1489 jura
1821 1453 1988 1488 quorum-

1226 1492 1304 1525 dam
1336 1490 1525 1526 Nobilium
1553 1490 1714 1537 usurpata
1750 1490 1847 1524 sunt.
1887 1490 1987 1524 Unde
2029 1524 2033 1529 ,

1223 1539 1312 1574 dicit
1328 1551 1336 1574 ε

1272 1588 1395 1629 Sariafi
1421 1590 1634 1623 Montemurlo
1660 1602 1750 1623 ancor
1773 1587 1950 1631 rideant),

1224 1638 1384 1681 scilicet,
1422 1639 1606 1674 Comitum
1635 1638 1863 1680 Guidonum,
1904 1637 1986 1684 qui-—

1225 1691 1286 1725 bus
1314 1689 1433 1724 datum
1461 1697 1534 1722 erat
1562 1688 1604 1721 ab
1631 1689 1869 1734 Imperatore;
1905 1700 1983 1722 mo-

1226 1739 1270 1774 do
1307 1742 1389 1774 vero
1417 1737 1462 1772 est
1502 1736 1716 1772 Communis
1758 1737 1986 1778 Florentiae,

1226 1789 1319 1834 quod
1348 1788 1419 1836 post
1459 1789 1600 1836 longam
1643 1787 1776 1834 brigam
1805 1796 1987 1823 emerunt.

1227 1842 1273 1874 Et
1311 1838 1428 1887 tangit
1465 1838 1560 1875 aliud
1598 1839 1760 1885 malum3
1797 1837 1890 1884 quod
1927 1837 1986 1872 illi

1227 1891 1382 1925 colerent
1409 1902 1465 1924 rus
1483 1916 1493 1932 ,
1521 1887 1582 1935 qui
1610 1901 1700 1923 nunc
1728 1896 1852 1931 regunt
1879 1886 1987 1923 Civi-

1229 1950 1337 1975 tatem
1367 1938 1590 1974 Florentiae.
1621 1937 1722 1973 Unde
1749 1937 1860 1973 dicit:

1278 1989 1424 2030 Sarianst
1451 1989 1463 2023 i
1486 1989 1596 2023 Cerchi
1620 2008 1852 2015 ------

1229 2043 1281 2075 De
1309 2040 1380 2075 istis
1408 2039 1503 2085 saepe
1531 2038 1665 2074 dietum
1693 2039 1761 2082 est,
1788 2038 1822 2073 8<
1850 2035 1988 2074 dicetur

1228 2090 1384 2138 Capitul.
1414 2089 1594 2135 sequenti:

1276 2162 1292 2167 -
1361 2162 1377 2167 -
1404 2160 1419 2166 —
1447 2140 1497 2173 nel
1521 2139 1633 2173 Pivier
1654 2138 1689 2173 d’
1699 2141 1833 2178 Acone,

1227 2191 1330 2234 idest,
1371 2190 1406 2225 in
1451 2190 1616 2225 Plebatu.
1658 2190 1782 2225 Acone
1817 2187 1911 2224 enim
1941 2187 1986 2223 est

1228 2243 1326 2278 Villa
1354 2240 1556 2277 Comitatus
1585 2239 1808 2278 Florentiae,
1850 2238 1891 2273 de
1919 2251 1986 2284 qua

1228 2294 1366 2329 fuerunt
1393 2291 1530 2327 Circuli
1571 2289 1758 2340 praedieli.
1794 2288 1907 2324 Modo
1935 2288 1990 2324 di-

1229 2344 1299 2384 cit,
1327 2343 1419 2391 quod
1448 2341 1558 2377 adhuc
1586 2341 1710 2376 starent
1737 2340 1774 2376 in
1803 2352 1879 2374 rure
1907 2337 1986 2376 suo.

1228 2396 1274 2430 Et
1316 2393 1431 2442 tangit
1472 2392 1566 2429 aliud
1604 2393 1761 2427 malum:
1805 2388 1898 2437 quod
1926 2388 1990 2426 alii

1230 2446 1334 2480 essent
1362 2444 1471 2480 adhuc
1508 2442 1667 2485 villani,
1704 2440 1764 2487 qui
1793 2452 1883 2475 nunc
1910 2440 1989 2498 glo-

1229 2496 1364 2532 riantur
1391 2494 1490 2532 valde
1515 2495 1556 2532 de
1594 2492 1818 2531 Nobilitate.
1853 2492 1900 2526 Et
1934 2489 1989 2527 ἀι·-

1229 2555 1299 2582 cit.
1831 2588 1939 2631 Esar--
