2216 3105
284 207 362 248 341

573 190 873 232 COMMENT.
905 192 974 233 IN
1000 189 1226 234 DANTIS
1254 189 1495 231 COMOED.

1709 207 1785 245 342

220 251 415 299 gnitionem
453 250 498 285 est
534 248 732 292 sciendum,
773 249 864 296 quod
904 252 976 285 Ac·
1019 253 1049 286 A
1092 250 1143 297 jus
1180 249 1293 284 fumus
1332 249 1400 295 jam
1438 247 1591 282 fuscabat
1627 248 1734 288 astra,
1777 261 1847 283 non

221 301 344 336 cursius
378 298 686 335 excellentiffimus
724 302 860 348 Legum
903 303 976 335 Do-

221 352 296 387 &or
336 350 403 386 fuit
441 351 583 386 natione
621 349 876 398 Florentinus3
922 351 976 386 sed

220 401 400 437 Bononiae
429 401 513 437 fecit
541 414 698 443 moram,
726 402 757 435 8<
789 400 839 436 ibi
869 401 976 450 legit,

221 451 257 487 ὅ(
302 450 464 489 scripsit.
507 452 699 488 Concurrit
738 459 852 487 autem
897 465 975 487 cum

220 501 396 537 Odofredo
425 502 465 538 de
493 501 679 537 Odofredis
711 517 752 539 ex
785 501 976 538 Nobilibus

220 553 261 588 de
290 552 449 588 Bononia
476 553 767 589 excellentiffimo
798 553 950 589 DoE'tore
967 577 976 589 .

221 602 295 639 Iose
323 612 502 651 tamquam
530 604 771 648 astutiffimus,
806 604 847 639 de
876 605 977 640 indu-

220 653 297 689 stria
326 654 466 690 inclufit
495 655 526 690 {e
554 655 591 690 in
620 656 752 698 domo,
785 655 917 702 fingens
946 655 978 690 se

222 705 378 740 laborare
406 706 529 741 morbo
567 706 817 753 quatriduanae
854 705 977 741 febris.

221 756 268 790 Et
298 754 449 791 faciebat
485 756 581 791 omni
621 757 676 792 die
704 757 823 793 venire
860 757 977 792 Medi-

222 818 300 841 cum
330 806 371 841 ad
399 807 624 843 colorandum
654 807 804 844 faEtum.
842 810 888 843 Et
923 808 979 843 in-

221 856 325 892 terim
370 855 585 905 summopere
621 860 654 894 &
692 858 827 894 summo
868 858 978 894 studio

222 907 386 955 glossavit
428 910 539 957 Leges
577 923 654 944 cum
693 910 848 945 maxima
889 909 980 945 festi-

222 959 367 993 nantia.
404 960 450 994 Et
478 960 638 995 celeriter
664 960 802 996 acceffit
829 959 870 995 ad
907 962 980 996 Cu-

223 1007 336 1046 riam,
364 1009 396 1042 &
426 1008 510 1044 fecit
538 1009 708 1057 publicari
737 1009 775 1046 ἃ
803 1010 981 1047 authenti-

225 1059 295 1093 cari
326 1058 419 1092 suum
449 1072 554 1106 opus.
582 1063 665 1105 Quo
693 1060 785 1096 fatsto
809 1062 842 1096 &
871 1061 981 1106 scito,

225 1107 419 1143 Odofredus
441 1108 572 1145 summe
593 1111 734 1154 dolens,
764 1111 895 1160 scripsit
914 1112 982 1148 dif-

225 1157 327 1194 fufius
355 1160 387 1193 &
417 1159 587 1207 copiosius
609 1175 671 1203 eo,
700 1162 753 1197 sed
783 1162 897 1198 tarde.
924 1163 981 1198 Ad

224 1208 436 1258 propositum
479 1223 594 1257 ergo:
644 1212 844 1248 Franciscus
887 1212 981 1249 filius

223 1259 381 1295 Accursii
411 1259 667 1304 primogenitus
699 1262 767 1297 fuit
794 1263 901 1299 etiam
930 1264 980 1299 fa-

223 1308 427 1344 mofiffimus
465 1310 600 1345 Doetor
635 1314 793 1360 Legum,
830 1314 892 1361 qui
929 1316 980 1350 la-

223 1358 364 1394 boravit
391 1359 514 1395 morbo
542 1361 750 1397 ardentioris
780 1365 813 1397 ἃ
852 1365 980 1411 pejoris

223 1408 328 1444 febris
346 1436 355 1451 ‚
383 1410 486 1457 quam
516 1419 613 1456 pater
642 1411 740 1447 suus.
771 1413 871 1449 Dicit
898 1428 980 1463 ergo

222 1459 386 1495 Aufflor:
426 1463 458 1494 E
486 1462 652 1506 Francesco
677 1462 855 1509 d'fflcorfh
880 1478 980 1504 anco,

222 1509 305 1545 idest
333 1509 439 1545 etiam
457 1537 464 1545 .
501 1513 617 1556 Quem
647 1514 785 1549 Αυξὶοι·
822 1514 923 1561 ponit
951 1515 982 1551 i-

223 1560 268 1595 sta
304 1559 473 1596 horrenda
509 1562 708 1610 ignominia
744 1564 980 1605 maculosum,

224 1611 307 1659 quia
335 1612 425 1646 male
452 1611 605 1649 servavit
640 1615 752 1663 legem
782 1615 875 1651 suam
905 1617 983 1664 pul-

225 1661 433 1697 cherrimam
448 1689 457 1704 ,
478 1675 581 1709 quarn
603 1664 749 1701 docebat
771 1666 871 1706 aliis.
895 1680 982 1714 quae
1008 1661 1010 1667 ’

226 1710 338 1746 dicit:
379 1715 487 1757 Quum
521 1714 576 1747 vir
611 1714 704 1749 nubit
740 1717 772 1750 in
810 1717 981 1760 feminam,

226 1771 385 1796 armentur
411 1765 531 1808 Leges.
569 1765 615 1798 Et
652 1765 728 1800 heic
766 1776 876 1807 nota,
916 1770 985 1803 Le-

227 1811 328 1854 ξὶοτ,
365 1813 458 1859 quod
488 1813 562 1849 vidi
592 1814 781 1862 aliquando
809 1817 904 1852 viros
933 1817 983 1852 sa-

227 1861 360 1911 pientes
402 1875 546 1911 magnae
584 1865 786 1902 literaturae
833 1881 986 1915 conque-

227 1922 361 1955 rentes,
399 1914 431 1947 &
461 1913 637 1958 dicentes,
677 1918 768 1964 quod
799 1931 860 1966 pro
889 1928 985 1953 certo

228 1964 361 1998 Dantes
388 1963 494 1999 nimis
523 1967 613 2001 male
641 1967 807 2015 loquutus
835 1969 879 2004 est
908 1968 985 2004 heic

229 2013 447 2049 nominando
484 2017 570 2051 tales
597 2016 715 2053 viros.
755 2021 802 2054 Et
832 2028 923 2054 certe
951 2033 986 2054 e-

229 2076 300 2110 go,
337 2065 475 2111 quando
512 2067 626 2111 primo
664 2068 739 2103 vidi
778 2069 918 2105 literam
956 2069 986 2105 i-

228 2113 337 2157 stam,
378 2113 459 2150 satis
487 2115 688 2165 indignatus
716 2118 786 2154 fui.
825 2120 888 2156 Sed
926 2133 988 2168 po-

228 2163 292 2199 stea
335 2164 551 2210 experientia
592 2167 671 2203 teste
713 2169 851 2210 didici.
893 2171 986 2218 quod

230 2214 286 2249 hic
326 2213 593 2256 sapientissimus
634 2220 738 2253 Poeta
767 2221 903 2259 optime
940 2220 988 2255 fe-

229 2265 319 2300 cit.=
351 2267 443 2301 Nam
487 2266 522 2301 in
567 2270 860 2306 MCCCLXXV.
902 2270 983 2306 dum

229 2315 329 2351 essem
373 2317 579 2359 Bononiae„
619 2319 652 2353 δ(
693 2320 842 2368 legerem
885 2321 985 2357 istum

229 2367 358 2401 librum
379 2394 387 2407 ,
419 2367 529 2415 reperi
558 2368 696 2417 aliquos
724 2384 858 2406 vermes
887 2381 986 2407 natos

229 2416 270 2452 de
298 2416 472 2453 cineribus
500 2419 731 2456 Sodomorum
750 2449 759 2460 ,
789 2422 986 2458 inficientes

229 2476 345 2502 totum
390 2467 479 2504 illud
522 2470 708 2507 Studium.
751 2474 826 2508 Nec
867 2474 986 2508 valens

231 2517 364 2555 diutius
391 2518 478 2555 fer‘re
515 2519 687 2558 foetorem
724 2530 891 2568 tantum,
928 2537 986 2558 cu-

1093 300 1160 335 fine
1187 299 1285 347 gravi
1313 299 1468 345 periculo
1495 311 1572 332 meo
1598 312 1669 332 rem
1700 298 1847 345 patefeci

1093 352 1195 385 Petro
1216 348 1402 385 Cardinali
1424 347 1653 391 Bituricenfi‚
1675 358 1756 384 tunc
1778 352 1846 385 Le-

1091 409 1172 449 gato
1201 398 1401 435 Bononiae.
1429 398 1503 443 Q1i
1528 397 1585 433 vir
1612 411 1756 446 magnae
1776 400 1849 434 vir-

1092 451 1179 487 tutis
1206 452 1238 486 8<
1268 448 1434 485 scientiae
1461 447 1643 484 detestatus
1673 459 1743 484 tam
1768 448 1849 484 hor-

1060 501 1062 506 ’
1092 501 1196 538 ribile
1225 501 1354 542 scelus,
1392 498 1574 535 mandavit
1602 498 1737 547 inquiri
1766 512 1849 534 con-

1092 562 1146 588 tra
1182 551 1416 601 principales.
1454 552 1616 596 Quorum
1653 549 1765 597 aliqui
1793 563 1850 585 ca-

1093 603 1145 653 pti
1183 604 1288 646 sunt,
1331 600 1368 637 ὃς
1406 601 1511 636 multi
1549 600 1664 636 territi
1702 600 1850 649 diffuge-

1065 668 1067 697 ;
1093 664 1198 691 runt.
1237 657 1281 689 Et
1310 651 1371 687 nifi
1400 651 1541 700 quidam
1572 651 1733 686 Sacerdos
1754 664 1850 709 ⁴pro-

1019 1157 1052 1194 O

1094 705 1210 748 ditor,
1231 704 1287 741 cui
1309 712 1382 739 erat
1403 702 1624 738 commissum
1645 712 1825 750 negotium
1840 729 1850 747 ‚

1094 757 1286 800 obviaffet,
1314 754 1395 802 quia
1424 753 1603 788 laborabat
1630 753 1702 799 pari
1728 753 1850 788 morbo

1095 820 1172 842 cum
1194 807 1289 850 illis,
1319 804 1422 840 multi
1446 803 1584 839 fuissent
1604 802 1727 838 traditi
1752 802 1852 839 flam-

1096 858 1186 893 mis.
1224 860 1320 903 Quas
1348 855 1371 890 s}
1399 853 1477 890 vivi
1504 854 1720 900 effugerunt,
1759 867 1851 890 mor-

1096 908 1149 944 tui
1191 922 1261 943 non
1301 906 1450 942 evadent
1477 932 1486 947 ,
1525 903 1588 939 nifi
1629 903 1721 939 forte
1761 905 1851 939 bona

1097 958 1289 1006 poenitudo
1317 955 1513 993 extinxerit
1540 968 1595 990 eas
1622 955 1710 1003 aqua
1738 955 1852 1000 lacry-

1097 1023 1230 1046 marum
1268 1010 1300 1044 &
1339 1005 1647 1055 compunetionis.
1688 1007 1742 1040 Ex
1786 1005 1852 1041 hoc

1097 1069 1211 1097 autem
1250 1059 1382 1095 incurri
1419 1057 1569 1105 capitale
1605 1055 1727 1091 odium
1756 1054 1793 1091 ἃ
1823 1056 1852 1091 i-

1096 1110 1311 1147 nimicitiam
1334 1111 1523 1145 multorum
1538 1135 1545 1142 .
1571 1106 1633 1142 Sed
1653 1106 1774 1142 divina
1793 1109 1854 1149 Ju-

1096 1161 1188 1197 stiria
1217 1174 1272 1196 me
1300 1169 1419 1197 contra
1457 1158 1535 1194 istos
1563 1168 1705 1193 naturae
1742 1157 1851 1193 hostes

1096 1212 1162 1247 huc
1190 1211 1294 1260 usque
1324 1211 1471 1258 benigne
1500 1208 1680 1257 protexit.

1295 1263 1358 1298 Ad
1385 1260 1466 1304 Vers.
1491 1262 1648 1294 eumdem.

1146 1333 1376 1340 ------
1402 1326 1417 1345 e
1442 1310 1596 1348 vedervt'‚

1143 1363 1178 1397 ,ς’
1197 1362 1297 1406 αυεῙῙὲ
1323 1372 1421 1396 avuto
1456 1361 1493 1395 di
1518 1361 1566 1394 tal
1601 1360 1693 1406 tigna
1721 1359 1851 1395 bramx.

1095 1413 1187 1448 Heic
1224 1415 1283 1448 Ser
1320 1414 1507 1447 Brunettus
1543 1411 1705 1445 nominat
1741 1411 1851 1446 aliurn

1096 1464 1275 1499 Clericum
1314 1464 1536 1498 Praelatum.
1575 1461 1634 1495 Ad
1670 1461 1766 1508 cujus
1794 1474 1853 1496 co-

1096 1514 1294 1562 gnitionem
1331 1514 1415 1548 volo
1458 1520 1492 1547 te
1534 1511 1618 1546 scire
1660 1524 1738 1546 cum
1782 1525 1852 1546 non

1097 1564 1239 1599 modico
1267 1564 1333 1599 risu
1351 1588 1361 1603 ‚
1398 1562 1492 1610 quod
1528 1561 1587 1597 iste
1616 1560 1755 1607 spiritus
1784 1561 1852 1598 fuit

1096 1615 1199 1650 Civis
1228 1613 1474 1656 Florentinus,
1502 1622 1602 1647 natus
1628 1611 1668 1647 de
1696 1612 1854 1656 Mothis,

1096 1665 1287 1713 Episcopus
1330 1663 1529 1700 Florentiae
1555 1688 1565 1705 ‚
1606 1661 1667 1710 qui
1710 1672 1853 1698 vocatus

1097 1716 1140 1751 est
1168 1715 1345 1751 Andreas.
1374 1714 1435 1750 Iste
1463 1713 1604 1762 quidem
1628 1713 1682 1748 vir
1710 1712 1853 1761 simplex

1097 1765 1134 1802 ὃ(
1163 1765 1277 1801 fatuus
1297 1793 1306 1808 ,
1344 1765 1482 1813 publice
1511 1764 1606 1811 saepe
1635 1764 1854 1807 praedicabat

1099 1818 1235 1865 Populo
1272 1815 1389 1851 dicens
1427 1815 1537 1850 multa
1574 1813 1782 1858 ridiculosa,
1819 1815 1853 1849 ὃς

1098 1867 1192 1903 inter
1219 1866 1288 1902 alia
1315 1865 1475 1907 dicebat,
1504 1864 1596 1912 quod
1627 1865 1854 1900 Providentia

1099 1917 1166 1953 Dei
1195 1926 1268 1952 erat
1297 1916 1417 1951 fimilis
1447 1915 1559 1953 muri,
1591 1915 1651 1962 qui
1681 1915 1766 1950 stans
1795 1915 1854 1950 sub

1099 1969 1231 2003 trabem
1253 1967 1350 2002 videt
1379 1965 1550 2013 quidquid
1579 1964 1637 2000 sub
1667 1965 1698 2000 se
1723 1965 1856 2014 geritur

1097 2018 1135 2054 in
1163 2018 1296 2060 domo,
1324 2015 1362 2052 ὃ(
1391 2029 1494 2051 nemo
1521 2015 1619 2050 videt
1647 2029 1724 2051 eum
1745 2043 1752 2050 .
1792 2017 1857 2051 Di-

1099 2070 1197 2104 cebat
1225 2067 1359 2110 etiam,
1397 2066 1489 2114 quod
1527 2065 1650 2100 Gratia
1688 2066 1754 2100 Dei
1783 2074 1856 2101 erat

1099 2119 1184 2155 ficut
1221 2118 1344 2154 stercus
1372 2130 1574 2164 caprarum,
1611 2117 1705 2164 quod
1733 2117 1855 2152 cadens

1099 2171 1141 2205 ab
1169 2170 1242 2205 alto
1261 2196 1272 2212 ,
1309 2168 1380 2204 ruit
1410 2167 1445 2202 in
1474 2166 1624 2202 diversas
1663 2176 1774 2213 partes
1801 2167 1856 2202 di-

1100 2220 1269 2268 spersum.
1299 2218 1474 2253 Similiter
1493 2217 1652 2259 dicebat,
1675 2217 1767 2264 quod
1793 2219 1857 2252 Po-

1100 2270 1211 2307 tentia
1250 2269 1370 2304 divina
1413 2279 1486 2304 erat
1526 2267 1722 2316 immensa;
1763 2268 1855 2314 quod

1102 2323 1223 2356 volens
1253 2319 1482 2355 demonstrare
1519 2319 1681 2365 exemplo
1711 2319 1858 2354 manife-

1100 2372 1170 2412 sto,
1199 2371 1340 2406 tenebat
1366 2383 1511 2414 granum
1551 2382 1650 2416 rapae
1686 2368 1722 2404 in
1753 2382 1856 2405 manu

1099 2423 1132 2457 δε
1154 2421 1315 2469 dicebat3
1341 2424 1426 2456 Bene
1444 2420 1585 2458 videtis,
1610 2433 1703 2465 quam
1719 2419 1764 2459 sit
1783 2431 1856 2463 par-

1099 2473 1212 2506 vulum
1255 2472 1336 2513 istud
1376 2472 1543 2513 grumulum
1584 2470 1629 2507 ἔφ’
1672 2470 1853 2504 minimum.

1101 2521 1238 2558 Deinde
1264 2521 1468 2558 extrahebat
1492 2523 1533 2557 de
1557 2520 1617 2556 sub
1639 2518 1761 2575 Cappa
1782 2532 1855 2554 ma*

1671 2581 1805 2604 >cimam
