2216 3105
473 195 555 236 519
754 179 1695 230 BENVENUTIIMOLENSIS
1894 206 1977 246 «με,

409 237 589 274 Manfredi
626 238 663 275 in
706 240 935 288 particulari,
974 242 1019 278 est
1057 243 1169 279 scien-
1210 242 1251 277 Αι
1274 241 1354 291 sque
1379 243 1410 280 se
1437 244 1547 282 facere
1571 249 1724 296 Regem,
1752 246 1961 285 conciliavit
1988 248 2032 284 fi-

410 288 494 324 dum
529 287 569 325 &
608 292 893 337 memorandum,
930 294 1023 341 quod
1062 293 1167 329 Man-

409 338 525 375 fredus
563 340 722 387 peccavit
757 342 796 378 in
832 352 988 392 patrem,
1025 342 1063 380 &
1100 344 1167 380 fra-

408 397 522 435 trem,
559 389 597 427 &
635 402 818 441 nepotem,
854 395 888 430 &
925 405 1072 431 matrem
1101 398 1167 431 Ec-

406 440 572 478 clefiarn.
609 444 710 479 Solus
742 444 836 480 enim
875 445 1029 493 praesens
1059 446 1166 482 morti

408 500 599 540 paternae,
637 503 675 529 ut
703 494 814 542 aliqui
851 495 1032 535 scribunt,
1070 510 1167 545 prae-¹

407 542 510 578 venit
545 542 690 580 horam.
727 545 833 590 Quod
861 545 883 579 fi
912 559 1032 581 verum
1070 547 1138 583 suit
1157 574 1166 589 ,

408 592 607 629 fridericus
638 596 685 629 11.
712 594 846 642 recepit
872 600 901 630 a‘
918 595 996 631 filio
1026 605 1166 632 natura-

406 641 458 682 li,
487 643 579 691 quod
607 643 796 679 crudeliter
821 644 950 681 fecerat
985 646 1023 682 in
1050 645 1164 683 filium

406 693 636 741 legitimum.
672 692 857 730 Conradus
894 706 1010 732 autem
1049 692 1195 735 auditas

405 751 522 779 morte
549 744 657 793 patris
680 744 856 781 descendit
882 759 925 781 ex
953 747 1166 783 Alemannia

405 792 445 830 in
474 794 615 830 Italiam
633 819 643 835 ‚
681 796 714 830 &
744 796 843 832 venit
872 799 1048 833 Veronam
1087 811 1164 834 cum

406 842 527 880 favore
554 845 714 882 Eccelini
741 845 782 882 de
812 849 991 883 Romano.
1030 848 1166 884 Deinde

406 894 572 931 transiens
598 896 636 932 in
664 899 846 946 Regnum,
874 899 1092 940 recuperavit
1113 899 1166 935 Si-

407 945 551 990 ciliam,
583 945 621 983 ὅ(
647 948 768 984 omnia
795 958 930 996 praeter
953 949 1164 998 Neapolim.

407 998 525 1042 Quem
563 997 768 1034 Manfredus
805 1000 895 1035 laete
925 1000 1082 1049 recepit,
1121 1000 1165 1036 li—

408 1049 465 1083 cet
494 1048 615 1084 dolens
643 1049 784 1088 animo,
814 1049 896 1098 quia
922 1050 995 1095 ipse
1023 1051 1166 1086 volebat

406 1097 606 1134 dominium
624 1127 632 1135 .
661 1100 843 1136 conradus
872 1100 1041 1137 continuo
1068 1101 1165 1137 obse-

406 1148 460 1184 dit
490 1149 678 1197 Neapolim
717 1151 852 1200 magnis
890 1151 1048 1187 viribus.
1086 1153 1192 1198 Qu&¹

405 1199 560 1235 tamdem
589 1201 754 1241 obtenta,
781 1214 902 1237 omnes
929 1203 1075 1238 rebelles
1103 1203 1165 1238 fibi

405 1250 538 1286 amicos
566 1250 736 1287 Ecclesiae
756 1260 828 1288 tam
851 1252 1032 1301 religiosos
1059 1266 1163 1301 quam
1189 1289 1191 1296 s

929 1317 999 1351 quo
1035 1303 1058 1338 si
1087 1304 1163 1340 diu-
1189 1309 1191 1319 ’

405 1300 573 1337 seculares
601 1302 801 1338 contrivit.
837 1304 891 1338 Ex

405 1352 477 1388 tius
505 1351 769 1401 supervixisset,
807 1353 993 1390 videbatur
1029 1354 1163 1390 futurus

405 1402 632 1452 persequutor
658 1403 831 1440 Ecclesiae
857 1418 928 1440 non
957 1404 1072 1440 minus
1104 1418 1162 1452 pa-

403 1462 478 1493 tre,
507 1467 596 1493 avo,
625 1453 663 1489 ὃ(
685 1468 835 1502 proavo.
863 1455 926 1490 Sed
955 1454 1065 1490 fatum
1087 1454 1163 1491 suae

406 1504 486 1540 viae
514 1503 552 1540 ὃ(
581 1504 694 1553 stirpis
723 1504 881 1540 trahebat
907 1504 1010 1540 illum
1028 1531 1036 1539 .
1069 1507 1160 1540 Nam

403 1568 512 1603 quum
541 1554 708 1602 regnasset
744 1554 877 1590 duobus
905 1554 1026 1595 annis,
1063 1554 1186 1611 infir-3

403 1615 517 1641 matus
539 1604 583 1640 est
596 1629 605 1644 ‚
630 1606 664 1639 &
682 1613 870 1640 venenatus
885 1605 988 1653 opera
1004 1604 1160 1640 Manfre-

403 1655 441 1691 di
471 1669 530 1703 per
557 1668 662 1690 unum
702 1654 884 1690 Medicum
920 1654 959 1690 in
988 1668 1057 1691 uno
1085 1657 1183 1701 cly-,

401 1705 523 1741 sterio.
558 1707 611 1740 Ex
640 1717 710 1752 quo
738 1705 898 1740 rcmanfit
926 1707 1089 1753 parvulus
1118 1705 1158 1741 fi—
1182 1713 1183 1735 ἲ

401 1757 471 1792 lius
498 1755 719 1791 Conradinus
750 1756 787 1790 in
816 1754 1029 1790 Alemannia
1056 1764 1157 1791 natus
1181 1763 1182 1771 ¹

402 1820 444 1841 ex
474 1805 548 1841 filia
577 1805 685 1840 Ducis
715 1804 902 1844 Bavariae,
940 1805 995 1840 cui
1034 1814 1156 1853 pater,

401 1856 488 1892 licet
523 1854 872 1899 excommunicatus,
909 1855 1054 1903 reliquit
1090 1858 1182 1891 Ec-'

400 1906 536 1943 clefiam
566 1905 731 1942 tutricem
760 1919 851 1941 anno
876 1907 940 1941 IV.
967 1906 1037 1953 post
1065 1919 1156 1941 mor-

398 1966 470 1993 tem
493 1956 683 1992 Friderici.
698 1955 848 1992 Nlortuo
866 1956 1030 1992 Conrado
1050 1956 1157 1991 Man-

398 2007 513 2044 fredus
555 2006 716 2043 remansit
755 2007 966 2055 gubernator
1008 2006 1155 2056 Regni3

398 2072 470 2107 quo
507 2067 664 2106 tempore
701 2057 926 2093 Innocentius
965 2058 1055 2105 Papa
1093 2060 1156 2093 iv.

399 2122 479 2146 cum
523 2121 651 2157 magno
691 2108 848 2144 exercitu
890 2107 1041 2143 intravit
1087 2109 1156 2142 Re-

398 2173 530 2209 gnum.
567 2159 630 2195 Sed
658 2172 729 2194 non
757 2159 871 2193 multo
899 2157 970 2207 post
997 2166 1155 2193 mortuus

399 2210 444 2246 est
481 2209 634 2258 Neapoli
670 2210 704 2244 δε
741 2208 913 2256 sepultus.
949 2207 1154 2244 Manfredus

400 2269 516 2296 autem
563 2267 703 2308 propter
747 2259 889 2306 longam
933 2258 1153 2294 vacationem

398 2309 569 2345 Ecclesiae
586 2336 597 2354 ,
634 2322 722 2357 quae
749 2308 889 2344 duravit
917 2308 994 2357 plus
1021 2309 1154 2345 duobus

399 2359 502 2396 annis
529 2358 596 2395 sine
624 2359 780 2397 Pastore,
807 2357 996 2406 occupavit
1015 2359 1154 2394 omnia.

398 2412 448 2446 Et
479 2422 685 2458 magnopere
721 2408 849 2444 studuit
886 2408 1088 2444 contrahere
1115 2407 1152 2443 &

401 2460 610 2496 confirmare
639 2458 814 2494 amicitias
843 2457 1002 2494 fidelium
1039 2461 1153 2507 Impe-

400 2510 448 2548 rii
474 2510 512 2547 in
539 2508 669 2560 Tuscia
696 2507 733 2547 ἃ,
758 2507 992 2548 Lombardia.
1021 2510 1154 2546 Volen-

1275 296 1310 329 bi
1336 295 1473 332 animos
1500 299 1676 334 Baronum
1705 298 1840 346 Regni.
1869 299 1959 335 Usus
1986 298 2032 336 est

1273 358 1353 394 ergo
1389 345 1508 383 fraude
1533 347 1697 385 honesta.
1734 351 1829 386 Nam
1856 363 2031 386 convoca-

1272 396 1318 431 tis
1345 396 1600 446 Magnatibus‚
1637 399 1772 441 finxit,
1807 399 1841 436 se
1877 400 2031 437 habuiss'e

1274 459 1332 494 per
1358 447 1503 488 literas,
1541 450 1694 498 qualiter
1719 450 1945 488 Conradinus
1972 464 2029 487 ne-

1273 509 1333 545 pos
1353 497 1596 537 infirmabatur
1615 501 1657 537 ad
1676 510 1848 538 mortem.
1869 504 1923 538 De
1943 515 2030 549 quo-

1272 560 1349 583 rum
1386 550 1531 586 consilio
1567 550 1661 588 misit
1696 553 1831 601 legatos
1868 552 1923 589 in·
1943 554 2030 589 Ger-

1273 598 1426 634 maniam
1463 600 1505 634 ad
1533 603 1789 648 ¹explorandam
1816 603 2003 639 veritatem
2022 630 2031 638 .

1272 648 1401 696 Legati
1428 662 1510 697 ergo
1538 650 1687 697 profeEti
1714 652 1752 687 in
1777 653 2030 692 Germaniam.

1273 697 1484 734 invenerunt
1500 722 1511 738 ‚
1532 704 1535 707 ’
1552 700 1645 747 quod
1683 709 1794 736 mater
1815 734 1817 736 ,
1833 703 2031 738 Conradini

1273 747 1412 783 solicita
1440 748 1481 784 de
1508 748 1618 786 salute
1654 749 1745 790 filii.
1783 751 1924 787 tenebat
1951 765 2029 788 eum

1274 811 1352 834 eum
1381 798 1461 835 aliis
1489 799 1602 847 pueris
1630 800 1826 837 coaetaneis
1851 801 1888 838 in
1909 802 2034 839 eodem

1273 847 1417 885 habitu.
1455 851 1556 895 Quae
1583 850 1707 887 videns
1734 864 1859 901 magna
1888 866 2033 890 munere

1273 898 1373 935 miffa
1400 912 1420 935 a
1447 899 1656 941 Manfredo,
1685 901 1837 947 timens,
1864 916 1908 939 ne
1933 902 2032 939 filius

1273 949 1408 986 biberet
1445 950 1487 987 de
1523 965 1564 989 eo
1601 953 1755 1000 poculo,
1795 966 1867 1001 quo
1908 962 2031 1002 pater.

1273 998 1479 1037 subornavit
1506 1002 1616 1038 alium
1654 1003 1735 1039 loco
1773 1003 1923 1052 pupilli.
1960 1005 2033 1040 Cui

1273 1050 1557 1089 Ambasciatores
1594 1052 1763 1090 dederunt
1791 1066 1962 1090 venenum
1994 1054 2033 1095 in,

1274 1100 1495 1138 confectione
1536 1103 1712 1152 quadam,
1755 1117 1798 1140 ex
1839 1117 1907 1152 qua
1948 1118 2033 1154 puer

1272 1161 1431 1188 mortuus
1458 1153 1522 1189 est.
1561 1153 1636 1203 Ipsi
1655 1159 1738 1191 vero
1765 1154 1943 1191 credentes
1972 1169 2031 1191 ve—

1271 1203 1307 1238 re
1345 1202 1553 1240 interfecisse
1595 1205 1838 1242 Conradinum
1856 1232 1867 1250 ‚
1907 1205 2030 1242 reversi

1272 1253 1461 1294 Venetias,
1500 1254 1656 1292 fecerunt
1693 1256 1769 1293 fieri
1796 1257 1926 1293 Galeae
1952 1255 2028 1291 suae

1269 1304 1389 1339 velum
1426 1306 1460 1340 δε
1495 1315 1608 1342 cetera
1645 1306 1870 1342 instrumenta
1905 1306 2028 1354 nigra,

1269 1352 1307 1389 &
1335 1353 1397 1403 ipfi
1425 1355 1650 1391 assumserunt
1678 1354 1880 1391 vestimenta
1908 1356 2028 1405 nigra.

1271 1404 1348 1438 Post
1374 1417 1540 1453 magnum
1568 1405 1771 1453 planEtum,
1799 1418 1885 1443 cun-i¹
1906 1405 2024 1442 favore

1239 1482 1241 1508 ἶ
1268 1453 1484 1497 amicorum,
1511 1453 1549 1490 δε
1577 1468 1704 1504 magno
1729 1455 1893 1492 consensu
1914 1457 2025 1493 totius

1239 1514 1240 1521 ¹
1267 1504 1531 1548 multitudinis,
1559 1504 1670 1541 fastus
1696 1505 1742 1541 est
1771 1508 1845 1542 Rex
1873 1506 1910 1542 in
1933 1507 2024 1543 sici-

1266 1553 1314 1589 lia
1351 1553 1553 1590 Manfredus
1594 1556 1683 1603 apud
1725 1557 1890 1592 Monrem
1934 1559 2024 1593 Rea-

1266 1605 1334 1639 lem
1349 1631 1359 1647 ,
1388 1607 1496 1640 Anno
1517 1605 1665 1640 Domini
1686 1605 1790 1640 nostri
1818 1606 1894 1649 Jesu
1915 1606 2022 1643 Chri-

1265 1654 1304 1689 sti
1333 1654 1526 1691 MCCLV.
1558 1655 1633 1691 Post
1668 1664 1818 1691 mortem
1850 1659 2022 1692 Innocen-

1265 1703 1331 1747 tii,
1368 1703 1405 1740 &
1442 1706 1584 1753 longam
1611 1705 1855 1746 vacationem,
1892 1708 2020 1743 ele-&us

1264 1754 1308 1789 est
1338 1756 1429 1802 Papa
1457 1755 1659 1791 Alexander
1688 1757 1750 1791 1V.
1771 1756 1813 1791 de
1834 1758 2020 1806 Anagnia,

1263 1803 1325 1851 qui
1353 1803 1441 1841 sedit
1467 1805 1567 1841 annis
1588 1808 1669 1841 VII.
1697 1808 1743 1841 Et
1765 1806 1886 1842 videns
1913 1808 2020 1844 Man-

1264 1854 1397 1890 fredum
1425 1856 1536 1905 Regni
1564 1855 1653 1891 solio
1682 1855 1863 1892 florentem
1893 1858 2018 1904 absque

1265 1905 1475 1941 autioritate
1510 1905 1736 1954 Apostolica,
1771 1909 2018 1944 excommuni-

1234 1951 1235 1957 ’
1265 1955 1360 1990 cavit
1378 1968 1455 1990 euni
1475 1965 1741 1992 contumacem.
1755 1955 1892 1992 Contra
1912 1971 2018 2005 quem

1233 2006 1235 2055 ᾗ
1266 2004 1358 2040 misit
1394 2019 1501 2042 unum
1539 2008 1740 2054 Legatum.
1777 2006 1840 2042 Sed
1878 2018 2018 2044 mortuo

1265 2056 1469 2092 Alexandro
1506 2066 1638 2092 creatus
1675 2057 1719 2092 est
1757 2058 1917 2094 Urbanus
1954 2061 2018 2094 iv.

1265 2105 1306 2141 de
1342 2105 1507 2143 Civitate
1543 2107 1736 2143 Turonenfi
1773 2107 1810 2143 in
1849 2109 2016 2144 Francia.

1266 2156 1339 2201 Qui
1369 2157 1425 2192 vii·
1451 2157 1621 2206 ignobilis
1648 2171 1770 2207 genere
1788 2185 1797 2202 ‚
1835 2157 1888 2194 sed
1917 2159 2018 2195 nobi-

1266 2208 1309 2242 lis
1338 2207 1447 2243 animi
1478 2208 1636 2251 virtute,
1673 2208 1794 2243 videns
1831 2209 2018 2245 Ecclesiam

1266 2259 1506 2294 conculcatam
1537 2258 1672 2294 viribus
1709 2258 1886 2295 Manfredi
1924 2260 2016 2308 quasi

1266 2308 1303 2343 in
1331 2317 1407 2343 tota
1435 2308 1562 2349 ltalia,
1598 2309 1659 2357 qui
1698 2309 1855 2358 posuerat
1883 2310 2013 2345 exerci-

1266 2367 1341 2393 tum
1370 2361 1614 2395 Saracenorum
1643 2359 1679 2394 in
1711 2360 1929 2395 patrimonio
1954 2361 2016 2395 Pe·-

1266 2408 1340 2452 tri,
1380 2409 1464 2444 fecit
1492 2409 1682 2458 praedicari
1719 2412 1867 2446 Crucem
1897 2419 2017 2445 contra

1266 2472 1349 2497 eos,
1386 2473 1472 2507 quos
1499 2460 1629 2508 repulit
1657 2460 1693 2495 in
1722 2459 1911 2507 Apuliam.
1949 2462 2018 2506 Et,

1232 2545 1236 2552 ξ
1266 2517 1305 2544 ut
1325 2509 1398 2546 cito
1417 2510 1553 2550 dicam,
1576 2510 1765 2546 celebravit
1784 2507 1993 2545 Concilium
2007 2539 2016 2554 ,

1927 2559 1963 2595 in
